2514 3928
148 374 227 430 ω
834 365 997 424 CAP.
1025 376 1050 426 1
1070 375 1216 428 -3.
1257 373 1310 431 s.
1340 373 1534 428 1—8.
2104 364 2227 430 28⁷

150 514 508 592 aequiorem
540 531 721 591 quam
751 531 858 576 reo
886 517 1175 593 praebeat
1205 539 1319 572 -ε
1366 518 1478 577 sed
1514 526 1644 588 tua,
1678 517 1739 576 C.
1772 513 2014 588 Caesar,
2051 533 2224 592 prae-

150 608 324 661 stans
368 597 822 674 singularisque
863 608 1079 661 natura
1121 598 1286 659 hunc
1333 598 1476 659 mihi
1522 609 1742 660 metum
1774 599 2004 661 minuit.
2091 600 2224 661 Non

150 683 315 743 enim
338 691 461 744 tam
485 681 665 744 timeo
691 681 837 758 quid
859 691 926 743 tu
950 683 1027 743 de
1058 697 1201 758 rege
1230 681 1537 756 Deiotaro,
1567 698 1746 758 quam
1779 680 2047 758 intelligo
2076 683 2224 758 quid

151 767 233 825 de
291 773 354 826 te
415 773 656 826 ceteros
703 763 857 826 velis
899 765 1189 827 iudicare.
1277 763 1338 826 5.
1380 765 1638 825 Moveor
1666 763 1844 826 etiam
1873 765 1991 824 loci
2025 765 2224 842 ipsius

151 847 508 923 insolentia,
560 849 727 925 quod
769 856 992 909 tantam
1036 865 1305 924 causam,
1350 857 1580 924 quanta
1620 849 1787 909 nulla
1826 865 2117 924 umquam
2161 848 2222 908 in

150 930 598 1015 disceptatione
643 939 884 995 versata
928 941 1053 1007 est,
1108 933 1248 993 dico
1303 931 1459 994 intra
1515 929 1890 994 domesticos
1937 931 2221 1007 parieteS,

152 1015 296 1076 dico
327 1024 499 1077 extra
528 1026 892 1083 conventum
928 1024 988 1077 et
1022 1033 1156 1077 eam
1187 1015 1623 1092 frequentiam,
1665 1015 1725 1076 in
1759 1034 1881 1093 qua
1912 1022 2223 1076 oratorum

151 1098 354 1160 studia
384 1098 490 1161 niti
520 1101 749 1162 solent=
778 1100 839 1161 in
876 1100 994 1161 tuis
1027 1101 1255 1172 oculis»,
1289 1098 1348 1162 in
1381 1109 1483 1162 tuo
1517 1116 1622 1161 ore
1651 1101 1946 1176 vultuque
1976 1097 2223 1174 acquie-

150 1199 282 1256 sco,
315 1192 371 1244 te
393 1200 576 1244 unum
612 1182 869 1257 intueor,
898 1183 978 1243 ad
1007 1191 1066 1244 te
1088 1199 1273 1243 unum
1303 1182 1500 1245 omnis
1531 1192 1769 1262 spectat
1797 1182 2010 1245 oratio.
2055 1182 2223 1257 Quae

149 1264 297 1326 mihi
320 1267 396 1325 ad
423 1283 599 1342 spem
624 1266 990 1327 obtinendae
1015 1265 1283 1327 veritatis
1306 1266 1669 1342 gravissima
1699 1276 1858 1340 sunt,
1882 1267 1961 1327 ad
1993 1272 2222 1328 motum

149 1347 335 1408 animi
379 1358 440 1410 et
479 1348 559 1408 ad
599 1364 840 1410 omnem
882 1347 1170 1423 impetum
1229 1347 1474 1410 dicendi
1520 1350 2093 1426 contentionemque
2135 1350 2219 1410 le·

152 1431 344 1491 viora.
430 1431 489 1492 6.
524 1431 693 1491 Hanc
724 1430 913 1503 enim,
953 1430 1018 1492 C.
1044 1431 1299 1504 Caesar,
1331 1447 1578 1493 causam
1614 1431 1667 1492 si
1696 1432 1755 1493 in
1788 1434 1921 1494 foro
1953 1429 2220 1493 dicerem

148 1514 368 1576 eodem
404 1511 686 1575 audiente
716 1523 775 1575 et
810 1513 1191 1590 disceptante
1221 1523 1312 1589 te,
1359 1523 1644 1591 quantam
1674 1516 1817 1575 mihi
1851 1514 2222 1576 alacritatem

148 1596 363 1674 populi
403 1596 660 1658 Romani
703 1613 1044 1659 concursus
1088 1597 1384 1660 adferret!
1430 1597 1576 1672 Quis
1616 1598 1774 1659 enim
1816 1596 1970 1659 civis
2000 1597 2058 1659 ei
2089 1599 2220 1674 regi

149 1698 274 1742 non
307 1682 565 1752 faveret,
614 1679 789 1742 cuius
838 1697 1077 1742 omnem
1120 1689 1379 1743 aetatem
1413 1680 1475 1741 in
1506 1680 1720 1757 populi
1753 1681 2011 1742 Romani
2041 1681 2220 1742 bellis

149 1773 573 1841 consumptam
616 1781 759 1828 esse
805 1763 1223 1825 meminisset?
1261 1763 1614 1842 Spectarem
1659 1763 1917 1837 curiam,
1957 1764 2222 1826 intuerer

151 1850 377 1924 sorum,
424 1849 659 1909 caelum
708 1846 975 1924 denique
1011 1854 1268 1910 testarer
1295 1848 1518 1924 ipsum.
1607 1846 1727 1920 Sic,
1767 1865 1952 1924 quum
1983 1858 2038 1909 et
2072 1849 2218 1909 deo-

150 1948 280 1992 rum
314 1932 736 1994 immortalium
780 1940 840 1994 et
882 1932 1093 2008 populi
1123 1931 1382 1994 Romani
1427 1940 1499 1994 et>
1533 1941 1785 1995 senatus
1823 1930 2124 1995 beneficia
2157 1929 2215 1991 in

150 2031 357 2091 regem
376 2015 723 2077 Deiotarum
754 2016 1130 2091 recordarer,
1162 2017 1326 2076 nullo
1358 2016 1543 2077 modo
1575 2014 1720 2076 mihi
1750 2018 1973 2079 deesse
2002 2024 2212 2093 posset

152 2097 365 2160 oratio.
454 2096 513 2160 7.
558 2098 725 2171 Quae
771 2096 1057 2173 quoniam
1089 2097 1442 2173 angustiora
1476 2097 1742 2176 parietes
1773 2098 2004 2161 faciunt
2030 2099 2210 2159 actio-

151 2196 272 2257 que
304 2180 601 2242 maximae
634 2196 857 2242 causae
894 2180 1236 2243 debilitatur
1265 2182 1436 2255 loco,
1479 2191 1644 2243 tuum
1675 2190 1797 2257 est,
1830 2183 2083 2254 Caesar,
2114 2178 2219 2257 qui

151 2280 263 2339 pro
311 2262 512 2324 multis
559 2279 749 2340 saepe
794 2262 1029 2339 dixisti,
1087 2262 1232 2341 quid
1283 2263 1427 2325 mihi
1466 2282 1626 2326 nunc
1669 2265 1852 2327 animi
1901 2264 1977 2328 sit
2029 2265 2110 2325 ad
2158 2272 2216 2325 te

146 2349 349 2422 ipsum
382 2347 628 2422 referre,
661 2364 783 2424 quo
820 2346 1056 2407 facilius
1088 2365 1273 2424 quum
1303 2348 1581 2424 aequitas
1624 2358 1727 2409 tua
1762 2358 1883 2410 tum
1928 2343 2219 2410 audiendi

146 2428 462 2506 diligentia
495 2430 726 2492 minuat
758 2431 915 2491 hanc
944 2430 1460 2507 perturbationem
1490 2447 1704 2493 meam.

272 2514 397 2574 Sed
429 2523 568 2576 ante
592 2530 772 2591 quam
797 2514 874 2575 de
903 2513 1296 2576 accusatione
1320 2514 1456 2591 ipsa
1489 2514 1649 2589 dico,
1681 2516 1759 2576 de
1787 2524 2216 2578 accusatorum

142 2614 260 2673 spe
294 2611 493 2673 pauca
523 2598 751 2659 dicam:
798 2598 900 2674 qui
936 2616 1119 2673 quum
1154 2598 1474 2660 videantur
1505 2615 1711 2675 neque
1740 2597 1982 2676 ingenio
2014 2612 2216 2673 neque

85 2683 87 2686 ’
143 2697 263 2743 usu
293 2690 476 2757 atque
505 2682 939 2744 exercitatione
971 2698 1170 2743 rerum
1195 2683 1419 2754 valere,
1450 2688 1648 2742 tamen
1683 2682 1763 2743 ad
1787 2682 1945 2742 hanc
1968 2693 2216 2740 causam

140 2763 266 2827 non
314 2766 446 2825 sine
480 2764 684 2841 aliqua
726 2781 839 2842 spe
879 2772 941 2826 et
968 2764 1334 2841 cogitatione
1365 2770 1679 2825 venerunt.
1764 2765 1866 2825 Ill.
1893 2763 1954 2826 8.
1994 2762 2216 2821 Iratum

142 2859 205 2911 te
233 2847 363 2924 regi
397 2847 681 2911 Deiotaro
715 2848 906 2910 fuisse
936 2865 1057 2909 non
1092 2857 1263 2910 erant
1294 2843 1517 2908 nescii:
1549 2847 1852 2909 adfectum
1882 2845 2047 2907 illum
2084 2841 2214 2919 qui·

141 2933 403 2993 busdam
427 2931 829 2995 incommodis
853 2940 913 2993 et
931 2930 1305 2994 detrimentis
1330 2938 1582 3007 propter
1605 2929 2009 2992 offensionem
2034 2925 2217 2988 animi

141 3013 230 3079 tui
274 3014 701 3091 meminerant,
752 3024 935 3092 teque
966 3032 1152 3092 quum
1180 3015 1323 3076 huic
1363 3013 1578 3074 iratum
1640 3022 1765 3076 tum
1806 3013 1920 3076 sibi
1955 3010 2214 3073 amicum

138 3114 287 3161 esse
330 3109 773 3175 cognoverant,
804 3113 1122 3176 quumque
1158 3098 1324 3176 apud
1364 3097 1566 3173 ipsum
1608 3106 1665 3159 te
1701 3098 1779 3159 de
1815 3104 1916 3161 tuo
1942 3093 2214 3172 periculo

141 3181 448 3256 dicerent,
494 3185 625 3245 sore
657 3181 953 3259 putabant
982 3190 1049 3243 ut
1081 3182 1140 3242 in
1174 3184 1524 3243 exulcerato
1561 3179 1762 3241 animo
1798 3179 1974 3242 facile
2009 3180 2215 3242 fictum

138 3266 367 3327 crimen
400 3265 707 3328 insideret.
779 3265 969 3341 Quam
1000 3266 1079 3327 ob
1110 3282 1236 3326 rem
1270 3266 1385 3326 hoe
1415 3280 1530 3325 nos
1561 3264 1819 3340 primum
1848 3272 2029 3336 metu,
2069 3263 2213 3324 Cae·

144 3367 275 3422 sar,
314 3366 424 3425 per
451 3351 633 3412 fidem
660 3358 722 3413 et
755 3349 1158 3412 constantiam
1187 3358 1248 3411 et
1279 3348 1654 3410 clementiam
1685 3356 1846 3410 tuam
1874 3347 2091 3418 libera,
2138 3361 2216 3404 ne

142 3431 414 3494 residere
456 3433 516 3493 in
563 3443 622 3502 te
667 3435 849 3495 ullam
897 3442 1129 3508 partem
1183 3430 1533 3493 iracundiae
1594 3430 1996 3507 suspicemur.
2102 3428 2218 3486 Per

142 3516 456 3577 dexteram
488 3515 666 3579 istam
710 3526 768 3579 te
809 3533 937 3590 oro,
984 3533 1162 3593 quam
1204 3514 1332 3591 regi
1377 3515 1660 3576 Deiotaro
1711 3514 1942 3587 hospes
1987 3506 2216 3583 hospiti

141 3596 506 3675 porrexisti,
533 3599 741 3676 istam,
772 3600 1053 3677 inquam,
1081 3600 1394 3661 dexteram
1423 3613 1544 3658 non
1574 3603 1695 3656 tam
1724 3594 1782 3654 in
1808 3590 1982 3652 bellis
2014 3602 2215 3663 neque
