2514 3928
0 313 74 360 37
632 301 799 361 CAP.
830 307 1097 362 its—26.
1142 306 1195 367 S.
1223 308 1297 362 53
1316 312 1481 363 -58.
1967 305 2091 372 135

0 473 156 516 nam
207 456 426 514 iactam
477 468 599 512 non
642 467 786 512 esse
825 460 930 514 aut
975 452 1197 513 foedus
1241 459 1302 513 et
1344 470 1381 514 a
1421 460 1639 514 senatu
1679 460 1740 514 et
1784 469 1820 513 a
1854 455 2092 531 populo

0 541 293 601 Romano
320 535 618 597 *violatum
650 535 1055 597 arbitramur?

143 622 334 683 XXV.
379 619 480 681 56.
512 619 823 696 intelligo,
857 619 1130 693 iudiceS,
1166 620 1225 680 in
1257 636 1448 681 causa
1475 628 1689 697 aperta
1722 622 2093 698 minimeque

0 706 207 775 dubia
247 704 434 765 multo
478 712 543 764 et
583 705 759 778 plura
797 711 861 764 et
896 722 936 765 a
979 703 1260 780 pluribus
1302 703 1692 779 peritissimis
1739 721 1883 767 esse
1925 705 2093 767 dicta

0 806 206 868 quam
252 803 353 849 res
401 787 757 863 postularet.
827 787 951 849 Sed
989 787 1053 849 id
1083 789 1311 850 factum
1340 796 1466 862 est,
1508 805 1629 849 non
1659 797 1725 849 ut
1754 788 1932 851 vobis
1962 806 2093 850 rem

0 886 138 937 tam
183 874 570 950 perspicuam
625 871 888 933 dicendo
940 872 1377 948 probaremus,
1440 888 1653 934 verum
1708 881 1775 934 ut
1825 874 2092 934 omnium

0 959 476 1029 malevolorum,
508 955 880 1032 ini-quorum,
910 957 1357 1019 invidiosorum
1372 955 1615 1018 animos
1637 957 2058 1032 frangeremus
2075 979 2091 1012 ε

0 1060 177 1120 quos
217 1050 285 1103 ut
335 1049 659 1102 accusator
687 1040 1069 1116 incenderet,
1105 1050 1174 1103 ut
1201 1040 1394 1119 aliqui
1429 1057 1751 1102 sermones
1782 1040 2092 1102 hominum

0 1125 233 1188 alienis
255 1126 437 1186 bonis
460 1125 857 1186 maerentium
880 1124 1061 1187 etiam
1085 1127 1165 1186 ad
1188 1130 1430 1188 vestras
1454 1138 1638 1187 aures
1661 1131 2094 1202 permanarent

0 1219 70 1272 et
114 1211 177 1270 in
221 1206 449 1270 iudicio
492 1207 633 1282 ipso
675 1209 1123 1282 redundarent,
1179 1209 1412 1270 idcirco
1455 1209 1557 1270 illa
1603 1210 1663 1269 in
1710 1209 1874 1271 omni
1917 1217 2093 1285 parte

2 1291 315 1355 orationis
361 1307 599 1351 summa
639 1299 769 1351 arte
810 1292 1058 1366 aspergi
1102 1292 1433 1353 videbatis=
1477 1301 1603 1353 tum
1656 1293 1979 1368 pecuniam
2019 1295 2090 1354 Is.

2 1373 314 1446 Cornelii,
360 1388 520 1447 quae
564 1389 771 1448 neque
815 1372 1123 1434 invidiosa
1163 1383 1261 1434 est
1297 1382 1389 1447 et,
1438 1383 1927 1451 quantacumque
1976 1385 2087 1450 est,

5 1458 156 1518 eius
194 1455 363 1516 modi
407 1463 530 1528 est,
579 1463 647 1515 ut
686 1463 1054 1516 conservata
1080 1455 1277 1531 magis
1309 1473 1489 1531 quam
1515 1466 1803 1532 correpta
1827 1476 1977 1519 esse
2004 1461 2090 1518 vi-

9 1543 272 1602 deatur=
323 1548 448 1600 tum
493 1537 826 1612 luxuriam,
877 1556 1038 1614 quae
1084 1555 1210 1600 non
1257 1538 1511 1600 crimine
1551 1540 1760 1614 aliquo
1803 1541 2092 1615 libidinis,

10 1625 132 1685 sed
181 1623 485 1685 communi
529 1622 854 1685 maledicto
885 1623 1238 1685 notabatur:
1284 1633 1409 1686 tum
1440 1624 1882 1697 Tusculanum,
1926 1626 2093 1698 quod

9 1709 83 1783 Q.
116 1708 344 1769 Metelli
378 1707 572 1768 fuisse
601 1707 958 1769 meminerat
987 1716 1047 1769 et
1073 1708 1141 1767 L.
1175 1707 1401 1780 Crassi,
1438 1709 1727 1769 Crassum
1757 1707 1986 1768 emisse
2015 1708 2093 1768 de

11 1791 295 1854 libertino
336 1791 582 1852 homine
603 1837 617 1864 ,
660 1791 939 1853 Soterico
969 1792 1232 1867 Marcie,
1275 1792 1354 1852 ad
1384 1793 1693 1855 Metellum
1725 1791 2094 1868 pervenisse

7 1878 93 1937 de
121 1874 430 1950 Vennonii
452 1874 716 1936 Vindicii
742 1874 924 1938 bonis
969 1892 1093 1938 uon
1135 1877 1410 1938 tenebat=
1454 1876 1635 1938 simul
1668 1876 1816 1937 illud
1855 1877 2091 1937 nescie-

12 1962 136 2034 bat,
166 1959 562 2036 praediorum
592 1960 820 2021 nullam
849 1977 992 2022 esse
1019 1970 1290 2036 gentemz
1334 1959 1750 2038 emptionibus
1782 1978 1855 2023 ea
1886 1963 2090 2023 solere

10 2059 208 2120 saepe
247 2044 328 2104 ad
362 2044 608 2105 alienos
649 2043 961 2118 homines’,
1005 2060 1194 2119 saepe
1235 2046 1312 2105 ad
1360 2047 1636 2119 infimos,
1680 2063 1807 2107 «non
1849 2046 2089 2122 legibus

14 2137 325 2203 tamquam
367 2130 589 2189 tutelas
636 2127 978 2203 pervenire.
1029 2123 1134 2189 57.
1171 2127 1488 2191 Obieetum
1532 2138 1629 2191 est
1657 2129 1871 2204 etiam,
1918 2132 2091 2205 quod

14 2212 75 2271 in
105 2211 329 2273 tribum
361 2210 798 2273 Clustuminam
840 2210 1217 2287 pervenerit:
1266 2215 1429 2288 quod
1474 2211 1575 2273 hic
1616 2215 1951 2274 adsecutus
1995 2222 2092 2273 est

19 2294 170 2370 legis
201 2296 280 2355 de
312 2295 540 2355 ambitu
571 2295 873 2370 praemi0‚
918 2295 1122 2356 minus
1149 2294 1490 2373 invidioso,
1536 2314 1717 2373 quam
1752 2296 1856 2372 qui
1885 2298 2088 2371 legum

20 2378 303 2453 praemiis
346 2380 711 2453 praetoriam
745 2379 1104 2441 sententiam
1136 2389 1199 2442 et
1226 2390 1605 2456 praetextam
1635 2390 1836 2457 togam
1868 2396 2087 2442 conse-

22 2470 303 2536 quuntur.
346 2462 423 2523 Et
450 2462 765 2539 adoptatio
788 2464 1142 2540 Theophani
1174 2466 1398 2541 agitata
1427 2474 1547 2538 est,
1599 2481 1709 2541 per
1739 2482 1921 2541 quam
1943 2465 2088 2525 Cor-

21 2546 213 2607 nelius
252 2545 401 2605 nihil
445 2554 541 2607 est
574 2554 1004 2623 praeterquam
1038 2548 1530 2625 propinquorum
1564 2565 1815 2610 suorum
1845 2546 2087 2609 heredi·

26 2636 174 2689 tates
205 2630 559 2691 adsecutus.
1996 2667 2003 2673 ·

135 2713 347 2773 XXVI.
392 2713 770 2789 Quamquam
801 2716 1054 2776 istorum
1082 2714 1353 2789 animos,
1395 2715 1503 2791 qui
1537 2715 1657 2790 ipsi
1687 2714 1967 2776 Cornelio
1998 2711 2086 2772 in-

24 2795 255 2869 vident,
299 2812 421 2857 non
452 2806 549 2858 est
576 2798 997 2859 difficillimum
1028 2797 1325 2873 mitigare.
1387 2798 1561 2859 More
1594 2798 1905 2857 hominum
1936 2794 2087 2856 invi-

22 2880 179 2954 dent,
204 2877 268 2939 in
302 2880 603 2942 conviviis
630 2883 872 2955 rodunt,
908 2882 964 2942 in
999 2881 1245 2943 circulis
1267 2882 1584 2941 vellicant=
1620 2898 1741 2944 non
1766 2880 1867 2941 ilo
1887 2879 2086 2940 inimi-

25 2978 95 3023 co
114 3009 129 3036 ,
156 2965 270 3024 sed
297 2964 416 3025 hoc
448 2966 746 3028 maledi—co
779 2967 963 3027 dente
997 2972 1275 3042 carpunt.
1327 2962 1428 3028 58.
1454 2964 1566 3039 Qui
1600 2964 1815 3026 amicis
1843 2966 1909 3026 L.
1943 2965 2085 3026 Cor-

26 3047 157 3107 nelii
203 3057 309 3109 aut
334 3047 563 3109 inimici
592 3058 736 3111 sunt
768 3058 874 3112 aut
898 3050 1200 3125 invident,
1268 3047 1314 3108 ii
1339 3058 1483 3111 sunt
1511 3048 1651 3111 huic
1683 3050 1870 3112 multo
1903 3049 2084 3111 vehe-

27 3132 277 3194 mentius
316 3132 809 3208 pertimeseendi.
872 3133 1022 3194 Nam
1054 3134 1196 3195 huic
1227 3135 1473 3208 quidem
1504 3134 1623 3210 ipsi
1658 3134 1798 3211 quis
1832 3143 2082 3195 estam-

27 3231 200 3290 quam
243 3213 531 3278 inventus
572 3215 854 3279 inimicus
905 3227 1010 3279 aut
1054 3218 1193 3294 quis
1234 3220 1367 3280 iure
1407 3235 1551 3280 esse
1591 3218 1833 3294 potuit?
1895 3218 2086 3291 Quem

28 3299 240 3360 bonum
292 3315 418 3360 non
449 3302 680 3364 coluit?
722 3301 898 3363 cuius
928 3304 1207 3364 fortunae
1237 3302 1640 3379 dignitatique
1665 3320 1790 3363 non
1828 3305 2085 3362 eonces-

30 3382 139 3443 sit?
176 3384 478 3446 Versatus
508 3386 567 3445 in
602 3384 810 3446 intima
841 3385 1241 3459 familiaritate
1272 3387 1539 3448 hominis
1563 3383 1990 3461 potentissimi,
2024 3382 2083 3442 in

31 3465 293 3528 maximis
348 3468 577 3529 nostris
629 3468 806 3530 malis
846 3482 1033 3545 atque
1076 3470 1407 3531 discordiis
1448 3469 1752 3529 neminem
1795 3478 2084 3537 umquam

31 3549 262 3611 alterius
290 3550 545 3613 rationis
579 3569 653 3614 ac
686 3551 904 3631 partis,
937 3570 1060 3613 non
1090 3570 1186 3625 re,
1217 3570 1339 3613 non
1373 3553 1597 3621 verbo,
1624 3566 1742 3608 non
1779 3548 1950 3605 vultu
1979 3545 2080 3601 de-

2379 2315 2514 2434 m
2389 2157 2493 2252 05
2397 1670 2514 2095 ulomaiu
2387 1182 2514 1618 'frantane
2393 1064 2406 1069 ⁸

2380 2438 2480 2486 ὃ

2378 2490 2474 2543 'ft

2498 2451 2511 2573 ›en-0..

2410 2870 2421 2881 ·
2371 2543 2473 2806 UNWE

2368 2937 2472 3024 r
2368 2856 2468 2906 r.

2473 2585 2504 3025 m.-.....--..2-
