2514 3928
137 370 210 424 25
736 368 900 429 CAP.
935 378 1095 431 13—-
1112 378 1193 431 15.
1232 350 1286 435 S.
1315 375 1382 430 31
1404 400 1488 411 -—
1503 376 1592 431 38.
1814 423 1821 428 .
2104 364 2227 428 323

144 519 323 595 quod
353 534 478 580 non
506 518 821 593 indicasti,
862 518 1088 594 gratias
1123 534 1273 596 agot
1319 520 1486 593 quod
1532 535 1652 579 non
1685 517 1913 590 fecisti,
1949 516 2226 593 ignosco.

140 603 365 664 Virum
411 618 515 664 res
559 602 663 664 illa
707 603 1056 679 quaerebat.
1142 600 1244 663 35.
1297 602 1468 676 Quod
1512 601 1565 662 si
1594 610 1653 662 te
1682 601 1741 659 in
1771 600 2059 663 iudicium
2090 605 2228 679 quis

143 687 419 747 adducat
443 693 827 762 usurpetque
858 684 1007 746 illud
1043 685 1437 762 Cassianum,
1477 701 1571 744 cur
1601 699 1760 743 Bono
1794 702 2034 758 runnu,
2068 686 2228 758 vide,

146 785 425 845 quaeso,
454 786 533 829 ne
564 770 841 831 haereas.
901 768 1283 844 Quamquam
1312 768 1459 828 illud
1493 766 1737 844 quidem
1770 768 1909 840 fuit,
1952 778 2019 830 ut
2046 778 2109 830 tu
2140 771 2229 830 di-

144 853 370 925 cebaS,
405 852 688 914 omnibus
717 852 915 927 bono,
950 854 1054 928 qui
1080 852 1312 913 servire
1342 852 1658 921 nolebant,
1689 850 1796 910 tibi
1828 860 2025 911 tamen
2057 869 2232 927 prae·

145 937 363 1011 cipue,
416 936 522 1013 qui
565 954 688 998 non
737 936 922 997 modo
972 953 1094 997 non
1144 936 1375 1009 serviS,
1427 936 1540 995 sed
1587 934 1767 995 etiam
1812 950 2075 1009 regnaS,
2129 935 2234 1010 qui

143 1019 413 1081 maximo
456 1029 515 1082 te
557 1036 701 1081 aere
742 1021 942 1082 alieno
984 1021 1063 1080 ad
1102 1020 1320 1081 aedem
1366 1019 1516 1096 Opis
1560 1017 1928 1091 liberavisti,
1976 1018 2080 1093 qui
2124 1036 2234 1096 per

144 1104 403 1164 easdem
443 1104 682 1165 tabulas
736 1103 1234 1165 innumerabilem
1293 1103 1616 1178 pecuniam
1671 1100 2087 1179 dissipavisti,
2151 1103 2230 1162 ad

152 1203 339 1261 quem
370 1203 405 1247 e
436 1188 622 1249 domo
670 1187 951 1248 Caesaris
993 1195 1113 1248 tam
1154 1188 1344 1247 multa
1390 1188 1590 1247 delata
1633 1195 1795 1258 sunt,
1844 1186 2024 1247 cuius
2069 1186 2233 1247 domi

147 1269 710 1344 quaestuosissima
754 1278 850 1332 est
894 1270 1184 1330 falsorum
1226 1271 1795 1331 commentariorum
1831 1280 1892 1332 et
1925 1270 2228 1346 chirogra-

145 1354 413 1427 phorum
444 1352 724 1425 ol'ficina,
766 1369 1085 1428 agrorum,
1118 1351 2233 1428 oppidorum,immunitatium,'vecti·

144 1434 378 1509 galium
406 1434 928 1510 flagitiosissimae
953 1435 1285 1496 nundinae.
1373 1435 1475 1497 36.
1510 1436 1747 1496 Etenim
1775 1453 1932 1510 quae
1966 1453 2069 1496 res
2093 1453 2233 1512 ege-

146 1517 297 1580 stati
338 1527 398 1579 et
441 1518 573 1580 aeri
615 1519 815 1579 alieno
865 1527 969 1579 tuo
1016 1529 1262 1593 praeter
1302 1526 1557 1579 mortem
1590 1519 1869 1578 Caesaris
1903 1520 2236 1580 subvenire

150 1601 501 1684 potuisset?
548 1602 771 1664 Nescio
815 1602 963 1679 quid
1006 1603 1405 1663 conturbatus
1435 1618 1578 1662 esse
1605 1601 1865 1661 videris:
1908 1619 2052 1662 num
2089 1604 2234 1678 quid

78 1711 96 1726 ·
150 1685 455 1746 subtimes
485 1702 563 1746 ne
598 1687 678 1745 ad
709 1694 767 1747 te
796 1686 917 1746 hoc
948 1686 1177 1746 crimen
1206 1684 1513 1762 pertinere
1545 1684 1867 1745 videatur?
1925 1686 2145 1746 Libero
2177 1695 2236 1746 te

147 1779 347 1830 metu:
404 1786 583 1831 nemo
627 1771 837 1831 credet
878 1787 1196 1846 umquam=
1242 1785 1364 1829 non
1409 1779 1505 1830 est
1548 1777 1716 1830 tuum
1761 1769 1840 1828 de
1881 1785 1946 1828 re
1993 1769 2237 1845 publica

147 1853 311 1913 bene
343 1853 590 1914 mereri:
633 1853 816 1914 habet
856 1854 1032 1915 istius
1063 1852 1454 1929 pulcherrimi
1484 1852 1628 1914 sacti
1659 1851 2038 1914 clarissimos
2068 1854 2236 1914 viros

147 1952 252 1997 res
297 1936 544 2013 publica
585 1945 899 1998 auctores=
959 1954 1075 2014 ego
1117 1947 1177 2000 te
1216 1946 1447 2000 tantum
1477 1936 1749 2013 gaudere
1793 1936 1964 2010 dico,
2009 1936 2236 1998 recissa

151 2036 281 2081 non
314 2037 525 2095 arguo.
588 2022 908 2097 Respondi
950 2021 1230 2083 maximis
1263 2021 1645 2083 criminibus=
1692 2039 1853 2082 nunc
1887 2021 2067 2082 etiam
2096 2021 2233 2082 reli-

153 2103 296 2179 quis
325 2105 829 2179 respondendum
861 2115 975 2166 est.

274 2187 406 2246 XV.
451 2185 550 2249 37.
595 2187 806 2248 Castra
847 2188 991 2249 mihi
1033 2190 1302 2264 Pompeii
1348 2198 1533 2265 atque
1578 2190 1724 2262 illud
1769 2205 1948 2249 omne
1990 2198 2232 2264 tempus

154 2268 455 2332 obiecisti.
547 2270 677 2344 Quo
724 2270 969 2347 quidem
1010 2280 1284 2348 tempore
1327 2272 1412 2345 si,
1457 2281 1523 2353 ut
1563 2272 1719 2344 dixi,
1782 2290 1984 2334 meum
2029 2271 2231 2334 consi-

153 2354 303 2415 lium
338 2353 796 2430 auctoritasque
836 2355 1159 2428 valuisset,
1192 2365 1252 2417 tu
1283 2357 1467 2417 hodie
1497 2372 1746 2432 egereS,
1781 2374 1895 2418 nos
1931 2355 2106 2417 liberi
2133 2372 2230 2416 es·

155 2454 397 2499 semus=
432 2453 533 2498 res
571 2437 818 2512 publica
840 2457 961 2500 non
987 2447 1076 2500 tot
1100 2441 1292 2500 duces
1323 2449 1383 2501 et
1407 2440 1717 2507 exercitus
1746 2440 2070 2502 amisisset.
2121 2439 2229 2499 Fa·

156 2531 288 2584 teor
317 2519 475 2581 enim
506 2538 621 2596 me,
652 2540 840 2596 quum
873 2540 965 2596 ea,
998 2540 1155 2599 quae
1189 2523 1561 2593 acciderunt,
1601 2523 1986 2599 providerem
2017 2526 2233 2596 futura,

156 2614 319 2667 tanta
353 2605 415 2664 in
447 2604 748 2666 maestitia
778 2605 990 2680 fuisse,
1023 2614 1248 2681 quanta
1317 2607 1502 2668 ceteri
1535 2607 1745 2682 optimi
1775 2607 1964 2679 civeS,
1996 2606 2052 2667 si
2073 2607 2233 2667 idem

160 2686 595 2764 providissent,
630 2688 905 2750 fuissent.
962 2691 1280 2764 Dolebam,
1311 2690 1614 2764 dolebam,
1646 2698 1852 2765 patres
1879 2689 2231 2765 conscripti,

159 2788 289 2832 rem
318 2771 624 2847 publicam
688 2773 914 2835 vestris
946 2774 1255 2849 quondam
1285 2772 1563 2849 meisque
1594 2771 1870 2834 consiliis
1902 2789 2232 2834 conserva-

159 2864 281 2918 tam
349 2854 525 2915 brevi
555 2863 832 2931 tempore
862 2873 1008 2918 esse
1037 2857 1390 2933 perituram.
1454 2858 1579 2918 Nec
1611 2873 1758 2917 vero
1793 2873 1958 2916 eram
1987 2865 2108 2918 tam
2144 2859 2229 2917 in-

160 2940 376 3000 doctus
406 2938 784 3014 ignarusque
811 2957 1047 3012 rerum,
1091 2949 1157 3002 ut
1200 2942 1514 3016 frangerer
1555 2939 1758 3001 animo
1791 2950 2044 3016 propter
2071 2943 2233 3002 vitae

161 3020 580 3097 cupiditatem,
620 3039 779 3098 quae
808 3040 905 3083 me
932 3042 1187 3085 manens
1220 3027 1553 3086 conficeret
1577 3025 1912 3099 angoribus
1930 3073 1946 3099 ,
1978 3024 2234 3087 dimissa

163 3104 455 3167 molestiis
501 3106 785 3167 omnibus
828 3107 1128 3169 liberaret.
1185 3108 1331 3168 illos
1380 3125 1496 3184 ego
1546 3109 2114 3184 praestantissimos
2143 3110 2231 3170 vi-

160 3205 293 3262 roS,
329 3189 556 3249 lumina
584 3189 671 3249 rei
693 3190 1005 3266 publicae,
1041 3190 1249 3252 vivere
1278 3193 1587 3267 volebam,
1620 3201 1707 3254 tot
1735 3195 2113 3266 consulareS,
2144 3201 2234 3255 tot

165 3274 532 3357 praetoriQS‚
575 3281 665 3333 tot
706 3274 1180 3337 honestissimos
1227 3284 1578 3349 senatores,
1626 3293 1868 3338 omnem
1912 3286 2232 3354 praeterea

166 3355 375 3417 florem
403 3355 839 3418 nobilitatisac
867 3358 1226 3431 iuventutiS,
1257 3367 1384 3422 tum
1411 3359 1774 3435 optimorum
1806 3359 2030 3422 civium
2054 3376 2227 3421 exer-

166 3439 350 3500 citus·=
386 3439 491 3515 qui
520 3439 577 3499 si
605 3439 912 3516 viverent,
956 3441 1237 3518 quamvis
1281 3442 1491 3521 iniqua
1538 3444 1902 3512 condicione
1945 3442 2119 3518 pacis
2145 3472 2231 3484 -·

162 3520 304 3584 mihi
336 3522 494 3583 enim
524 3523 719 3584 omnis
759 3541 879 3600 pax
921 3543 1066 3587 cum
1087 3525 1324 3588 civibus
1355 3527 1518 3588 bello
1548 3527 1711 3589 civili
1749 3524 1951 3587 utilior
1983 3524 2225 3583 videba-

165 3616 258 3669 tur
282 3639 396 3680 --,
424 3622 552 3665 rem
585 3607 891 3682 publicam
919 3608 1105 3670 hodie
1138 3618 1504 3672 teneremus.
1590 3610 1692 3672 38.
1733 3610 1899 3681 Quae
1929 3603 2227 3664 sententia

1676 3690 1753 3749 21
1775 3692 1802 3724 *
