2514 3928
340 344 468 413 340
508 415 512 420 ⁵
649 291 727 398 m
760 337 840 396 M.
874 328 1278 393 ANTONIUM
1308 321 1592 385 ossA‘rlo
1628 316 2052 380 PHILIPP1CA
2082 277 2161 372 11.
2352 321 2425 373 42

342 512 489 560 nere
527 508 652 555 nen
695 491 988 567 possunt,
1025 476 1383 560 provincias
1413 473 1770 544 universaS,
1816 477 2022 545 patres
2064 462 2422 539 conscripti,

343 575 731 657 perdidistis,
795 586 996 647 neque
1041 561 1363 639 vectigalia
1413 561 1642 629 solum,
1708 555 1822 626 sed
1874 552 2053 612 etiam
2100 546 2427 624 imperium

341 660 557 740 populi
591 654 856 720 Romani
916 651 1099 714 huius
1147 643 1507 709 domesticis
1563 636 1853 702 nundinis
1902 634 2282 697 deminutum
2304 638 2427 691 est.
2499 707 2505 716 υ

344 744 640 809 XXXVII.
675 740 782 803 93.
819 737 943 800 Ubi
993 743 1091 797 est
1128 729 1404 806 septiens
1446 724 1721 795 milienS,
1768 720 1938 797 quod
1972 716 2154 779 estin
2184 713 2428 788 tabulis,

343 835 676 910 quaesunt
703 825 790 885 ad
813 821 1012 899 Opis?
1053 820 1336 880 funestae
1376 811 1541 873 iilius
1573 806 1818 883 quidem
1843 801 2161 881 pecuniae,
2195 800 2309 862 sed
2343 806 2430 858 ta-

345 930 506 985 men,
540 926 700 989 quae
719 924 846 970 nos
875 904 931 967 si
961 903 1068 974 iis,
1104 913 1367 977 quorum
1397 901 1544 967 erat,
1575 908 1699 954 nou
1720 888 2095 959 redderetur,
2128 901 2165 944 a
2193 882 2431 945 tributis

344 1004 571 1074 ‚posset
619 991 951 1056 vindicare.
1049 986 1141 1048 Tu
1181 989 1389 1043 autem
1455 974 1995 1055 quadringentiens
2058 967 2430 1036 sestertium,

346 1082 525 1157 quod
576 1076 790 1138 idibus
817 1070 1052 1134 Mar-tiis
1097 1063 1396 1139 debuisti,
1426 1077 1694 1139 quonam
1734 1057 1918 1120 modo
1950 1062 2090 1118 ante
2118 1051 2434 1115 Kalendas

345 1163 599 1239 Apriles
628 1158 855 1220 debere
886 1152 1104 1215 desisti
1126 1159 1156 1211 ²
1192 1150 1351 1211 Sunt
1377 1163 1451 1207 ea
1482 1145 1729 1223 quidem
1755 1135 2237 1210 innumerabilia,
2272 1151 2436 1211 quae

345 1265 391 1310 a
432 1244 552 1307 tuis
595 1243 951 1304 emebantur
991 1254 1113 1299 non
1153 1231 1453 1296 insciente
1486 1239 1585 1302 te„
1630 1228 1744 1289 sed
1783 1242 1974 1290 unum
2011 1220 2330 1299 egregium
2359 1220 2438 1279 de

347 1345 500 1406 rege
539 1326 827 1391 Deiotaro
905 1319 1120 1400 populi
1145 1314 1407 1381 Romani
1449 1310 1822 1375 amicissimo
1887 1310 2199 1370 decretum
2226 1306 2291 1364 in
2321 1303 2436 1363 Ca·

351 1412 570 1492 pitolio
607 1414 830 1473 fixum=
873 1423 999 1485 quo
1042 1402 1363 1482 proposito
1404 1415 1586 1459 nemo
1634 1404 1771 1457 erat
1798 1392 1904 1471 qui
1940 1392 2003 1452 in
2045 1391 2183 1466 ipso
2221 1389 2440 1450 dolore

356 1499 547 1559 risum
589 1501 809 1572 posset
843 1489 1177 1554 continere.
1264 1484 1367 1547 94.
1412 1482 1562 1559 Quis
1608 1478 1769 1542 enim
1811 1477 2098 1553 cuiquam
2137 1471 2443 1535 inimicior

359 1598 542 1658 quarn
570 1579 857 1641 Deiotaro
889 1576 1157 1637 Caesar?
1190 1584 1391 1645 aeque
1422 1574 1609 1642 atque
1638 1562 1780 1625 huic
1802 1559 2020 1633 ordini,
2057 1566 2127 1621 ut
2147 1554 2440 1633 equestri.

353 1675 426 1728 -ut
452 1660 975 1730 Massiliensibus,
1017 1666 1083 1718 ut
1114 1652 1430 1722 omnibuS,
1481 1648 1858 1723 quibusrem
1892 1642 2195 1720 publicam
2229 1637 2441 1716 pepuli

361 1744 626 1808 Romani
643 1759 849 1805 car-am
871 1755 1021 1801 esse
1031 1735 1356 1799 sentiebat.
1400 1732 1607 1809 Igitur,
1628 1747 1670 1791 a
1687 1745 1812 1805 quo
1829 1730 1974 1788 vivo
1996 1742 2112 1788 nec
2134 1739 2441 1801 praesens

372 1844 491 1890 nec
534 1827 764 1888 absens
797 1840 911 1886 rex
941 1820 1270 1885 Deiotarus
1305 1817 1639 1892 quidquam
1671 1811 1858 1888 aequi
1886 1811 2034 1872 boni
2064 1807 2435 1884 impetravit.

366 1912 537 1989 apud
566 1919 872 1972 mortuum
907 1909 1107 1969 factus
1143 1909 1241 1963 est
1274 1900 1606 1979 gratiosus.
1684 1896 2095 1972 compellarat
2128 1892 2441 1968 hospitem

367 2009 687 2074 praesens,
714 1996 1115 2068 computarat,
1141 1985 1465 2064 pecuniam
1485 1983 1833 2060 imperarat,
1863 1980 1926 2042 in
1951 1979 2083 2041 eius
2108 1975 2443 2039 tetrarchia

365 2096 558 2143 unum
577 2077 922 2139 exGraecis
950 2072 1274 2135 comitibus
1299 2069 1430 2130 suis
1454 2070 1821 2129 collocarat:
1852 2061 2207 2125 Armeniam
2229 2060 2443 2123 abstu-

367 2168 525 2226 lerat
541 2179 578 2221 a
599 2168 821 2222 senatu
843 2160 1068 2220 datam.
1107 2156 1278 2217 Haec
1293 2153 1477 2214 vivus
1501 2149 1740 2227 eripuit,
1763 2147 1965 2209 reddit
1981 2152 2284 2209 mortuus.
2340 2143 2442 2205 95.

366 2250 450 2309 At
478 2246 702 2321 quibus
728 2243 976 2304 verbis?
1018 2238 1206 2300 Modo
1231 2252 1501 2313 aequum
1528 2235 1645 2296 sibi
1679 2233 1904 2301 videri,
1936 2230 2129 2291 'modo
2168 2245 2297 2291 non
2337 2226 2444 2289 ini·

371 2346 580 2406 quum.
609 2326 765 2387 Mira
777 2326 1111 2386 verborum
1127 2319 1498 2397 complexio.
1529 2320 1614 2380 At
1625 2317 1729 2380 ille
1741 2331 2173 2390 numquam-
2188 2327 2444 2388 semper

371 2412 531 2475 enim
553 2409 793 2472 absenti
817 2409 986 2469 adfui
1006 2404 1297 2467 Deiotaro
1323 2439 1410 2450 -
1438 2402 1771 2478 quidquam
1793 2398 1941 2470 sibi,
1962 2443 1965 2448 -
1983 2397 2153 2473 quod
2177 2412 2298 2456 nos
2312 2410 2442 2471 jpro

367 2496 472 2559 illo
497 2495 987 2572 postularemus,
1021 2505 1290 2564 aequum
1326 2487 1478 2550 dixit
1499 2486 1716 2548 videri.
1771 2481 2142 2561 syngrapha
2166 2476 2447 2542 sestertii

371 2580 647 2641 centiens
662 2593 778 2655 per
789 2579 1048 2653 legatos,
1062 2572 1470 2645 virosbonos,
1483 2571 1598 2633 sed
1611 2569 1860 2632 timidos
1872 2564 2287 2641 etimperitos,
2305 2561 2447 2625 sine

371 2675 603 2737 nostra,
628 2663 765 2724 sine
785 2661 1166 2737 reliquorum
1188 2656 1502 2733 hospitum
1520 2654 1685 2732 regis
1700 2649 2031 2721 sententia,
2055 2651 2218 2711 facta
2240 2649 2305 2709 in
2330 2663 2445 2724 gy*

371 2767 524 2811 naec
533 2765 607 2810 eo
625 2752 741 2818 est,
758 2745 958 2820 quoin
975 2747 1114 2806 loco
1130 2738 1957 2818 plurimaenesvenieruntet
1967 2740 2263 2796 veneunt.
2311 2732 2450 2806 Qua

361 2845 444 2925 ex
468 2827 832 2907 syngrapha
862 2826 1010 2902 quid
1054 2824 1142 2886 sis
1188 2831 1437 2885 acturus
1459 2822 1754 2885 meditere
1780 2836 2031 2885 censeo.
2119 2819 2257 2881 Rex
2286 2817 2453 2878 enim

366 2929 503 2986 ipse
544 2930 658 2973 sua
691 2922 942 2988 sponte,
994 2910 1177 2971 nullis
1205 2903 2001 2977 commentariis·caesa1:iS,
2035 2902 2213 2964 simul
2263 2909 2455 2976 atque

367 2995 600 3058 audivit
634 2995 768 3056 eius
799 2992 1120 3066 interitum,
1141 3009 1269 3059 suo
1304 2991 1631 3053 Marte-res
1663 3006 1816 3050 suas
1850 2983 2257 3063 recuperavit.
2348 2984 2455 3046 96.

365 3078 615 3175 Sciebat
636 3078 841 3173 :homo
884 3078 1136 3152 sapiens
1184 3077 1282 3139 ius
1330 3089 1575 3150 semper
1616 3074 1734 3135 hoc
1763 3072 1990 3146 fuisse,
2025 3078 2120 3144 ut,
2163 3085 2330 3145 quae
2361 3077 2456 3145 ty-

364 3178 541 3222 raum
565 3169 951 3236 eripuissent,
973 3177 1060 3221 ¹ea
1087 3158 1366 3238 tyrannis
1392 3155 1730 3220 interfectis
1758 3155 1818 3229 ii,
1853 3156 2081 3232 quibus
2110 3162 2327 3228 erepta
2355 3168 2455 3213 es·

368 3253 523 3318 sent,
553 3252 1007 3318 recuperarent.
1095 3245 1288 3305 Nemo
1318 3242 1500 3320 igitur
1530 3243 1662 3303 iure
1691 3241 2031 3312 consultus,
2052 3255 2142 3302 2ne
2171 3235 2291 3298 iste
2317 3233 2456 3312 qui·

367 3327 535 3424 dem,
568 3326 672 3400 qui
704 3326 806 3386 tibi
839 3326 943 3387 uni
972 3333 1071 3400 est
1094 3326 1227 3388 iure
1256 3329 1604 3400 consultus,
1646 3339 1967 3401 perquem
1996 3323 2152 3385 haec
2182 3320 2343 3396 agis,
2375 3335 2456 3380 ex

367 3417 487 3469 1sta
525 3409 879 3486 syngrapha
920 3409 1128 3471 deberi
1186 3409 1335 3472 dicit
1375 3428 1486 3486 pro
1515 3409 1591 3470 iis
1619 3409 1836 3482 rebuS‚
1882 3422 2043 3483 quae
2084 3413 2264 3471 erant
2306 3411 2460 3464 ante

368 3493 783 3568 syngrapham
824 3501 1237 3568 recuperatae.
1341 3495 1473 3555 Non
1520 3493 1680 3554 enim
1719 3509 1758 3551 a
1791 3499 1850 3552 te
1881 3489 2052 3563 emit,
2097 3489 2209 3549 sed
2253 3486 2457 3564 prius,

370 3592 553 3651 quam
598 3585 663 3637 tu
707 3594 883 3638 suum
932 3575 1050 3638 sibi
1080 3577 1384 3638 venderes
1406 3624 1423 3650 ,
1470 3577 1607 3652 ipse
1651 3574 1948 3650 possedit.
2036 3574 2143 3633 Ille
2174 3571 2271 3632 vir
2305 3569 2457 3632 suita
