2514 3928
276 243 405 305 210
656 241 805 302 PRO
843 243 904 302 C.
935 241 1256 303 RABIRIO
1288 242 1647 304 POSTUMO
1678 241 1980 304 ORATIO.
2240 243 2341 297 112

274 396 659 453 fortunarum
691 397 954 466 tuarum,
1001 391 1113 452 sed
1149 391 1432 455 comitem
1466 394 1824 471 sociumque
1857 389 2210 469 profitebor=
2255 396 2338 447 at-

278 491 419 549 que,
457 482 521 534 ut
544 490 749 549 spero,
781 490 959 535 nemo
986 475 1099 537 erit
1122 485 1240 538 tam
1267 480 1497 540 crudeli
1521 482 1724 539 animo
1751 488 1989 552 lamque
2020 473 2340 534 inhumano

277 573 397 618 nec·
426 566 547 618 tam
583 557 899 621 immemor
927 574 1052 622 non
1086 561 1284 623 dicam
1326 577 1591 620 meorum
1635 561 1695 618 in
1737 563 1938 620 bonos
1981 557 2338 625 meritorum,

281 642 396 701 sed
425 640 729 703 bonorum
758 642 820 704 in
849 656 949 705 mc
968 692 982 716 ,
1021 645 1123 720 qui
1159 662 1195 704 a
1224 652 1319 702 me
1350 641 1466 700 mei
1501 649 1872 696 servatorem
1908 641 2133 712 capitis
2164 638 2338 698 divel-

278 726 363 785 lat
401 741 476 785 ac
517 726 832 790 distrahat.
919 730 1049 788 Non
1092 743 1208 799 ego
1250 723 1401 780 meis
1439 726 1712 778 ornatum
1751 717 2069 776 beneficiis
2104 740 2148 780 a
2177 720 2342 782 vobis

279 811 618 885 deprecor,
661 813 926 885 iudices,
968 810 1077 867 sed
1120 803 1434 865 custodem
1472 798 1682 859 salutis
1727 814 1926 859 meae=
1970 814 2092 858 non
2125 806 2345 877 opibus

281 895 628 967 contendo,
660 911 778 954 non
810 891 1189 955 auctoritate,
1223 899 1343 942 non
1376 882 1598 957 gratia,
1634 884 1744 943 sed
1778 883 2080 958 precibus„
2116 888 2234 944 sed
2265 889 2347 946 la·

283 977 522 1049 crimiS,
566 978 677 1035 sed
718 967 1153 1034 misericordia,
1206 980 1569 1040 mecumque
1600 983 1714 1027 vos
1745 967 1920 1026 simul
1951 966 2048 1027 hic
2080 967 2350 1028 miserri—

282 1076 418 1119 mus
452 1065 513 1117 et
543 1056 808 1128 optimus
838 1054 1174 1111 obtestatur
1202 1064 1430 1124 parens
1465 1058 1525 1110 et
1558 1066 1668 1123 pro
1695 1067 1812 1110 uno
1838 1051 1963 1110 filio
1989 1049 2110 1110 duo
2142 1059 2350 1125 patres

279 1141 701 1213 deprecamur.
788 1132 927 1193 103.
958 1130 1172 1206 Nolite,
1205 1132 1463 1207 iudices,
1498 1149 1607 1207 per
1635 1150 1769 1208 voS,
1799 1150 1911 1210 per
1939 1136 2216 1195 fortunas
2246 1149 2348 1193 ve-

278 1228 458 1290 straS,
487 1234 600 1293 per
627 1216 852 1279 liberos
885 1224 1157 1290 vestros,
1187 1215 1446 1278 inimicis
1472 1217 1643 1290 meis,
1678 1216 1751 1278 iis
1782 1217 2159 1294 praesertim,
2192 1233 2351 1290 quos

278 1318 393 1378 ego
421 1318 530 1377 pro
557 1307 757 1360 vestra
783 1299 975 1360 salute
998 1300 1281 1375 suscepi,
1311 1301 1459 1360 dare
1485 1300 1770 1362 laetitiam
1813 1300 2210 1377 gloriantibus
2235 1317 2353 1360 vos

281 1386 400 1446 iam
431 1384 653 1444 oblitos
683 1382 801 1442 mei
837 1383 1051 1444 salutis
1079 1383 1230 1458 eius,
1260 1401 1299 1444 a
1328 1400 1450 1460 quo
1485 1401 1620 1444 mea
1647 1387 1816 1445 salus
1846 1393 2209 1445 conservata
2235 1393 2354 1455 est,

278 1468 490 1530 hostes
519 1464 861 1527 exstitisse=
895 1466 1081 1529 nolite
1109 1467 1373 1529 animum
1404 1484 1602 1528 meum
1632 1468 1945 1533 debilitare
1971 1485 2156 1543 quum
2187 1468 2355 1528 luctu

283 1562 405 1614 lum
447 1551 625 1611 etiam
669 1559 833 1613 metu
872 1560 1277 1614 commutatae
1298 1560 1540 1612 vestrae
1570 1552 1895 1612 voluntatis
1926 1569 2071 1628 erga
2102 1565 2225 1610 mex
2268 1550 2354 1610 si-

283 1636 406 1697 nite
436 1650 563 1708 me,
595 1635 763 1709 quod
794 1636 969 1696 vobis
1001 1636 1192 1696 fretus
1219 1634 1362 1696 huic
1385 1651 1574 1710 saepe
1611 1635 1889 1710 promisi,
1922 1635 1985 1695 id
2018 1652 2055 1694 a
2086 1633 2262 1695 vobis
2293 1632 2355 1694 ei

281 1719 655 1794 persolvere.
748 1715 884 1779 104.
913 1719 1140 1795 Teque,
1174 1720 1236 1779 C.
1259 1718 1463 1792 Flave,
1495 1735 1604 1778 oro
1642 1727 1700 1779 et
1724 1720 2012 1790 obtestor,
2047 1718 2152 1793 qui
2184 1733 2322 1776 meo

280 1820 414 1862 rum
446 1800 840 1862 consiliorum
875 1801 935 1862 in
969 1803 1293 1863 consulatu
1316 1801 1543 1876 socius,
1578 1801 1986 1876 periculorum
2023 1800 2351 1876 particeps,

280 1902 511 1958 rerum,
554 1902 709 1961 quas
739 1885 935 1962 gessi,
977 1884 1219 1947 adiutor
1247 1884 1443 1957 fuisti,
1483 1901 1705 1960 meque
1748 1903 1867 1946 non
1898 1888 2082 1947 modo
2115 1885 2352 1945 salvum

281 1986 557 2046 semper,
605 1971 719 2030 sed
762 1971 940 2032 etiam
985 1978 1261 2032 ornatum
1295 1968 1737 2044 florentemque
1783 1985 1926 2029 esse
1968 1966 2242 2040 voluisti,
2288 1975 2356 2028 ut

280 2054 424 2113 mihi
454 2071 569 2130 per
597 2053 714 2115 hos
745 2070 1079 2116 conserves
1109 2069 1247 2115 eum
1272 2100 1286 2124 ,
1346 2070 1454 2128 per
1501 2070 1680 2128 quem
1722 2071 1820 2114 me
1855 2053 1961 2113 tibi
1993 2061 2053 2113 et
2081 2051 2176 2112 his
2206 2067 2354 2110 con·

282 2145 591 2198 servatum
631 2137 827 2199 vides.
911 2138 1092 2198 Plura
1133 2154 1211 2197 ne
1253 2136 1449 2196 dicam
1501 2143 1639 2196 tuae
1682 2154 1778 2197 me
1832 2136 2012 2197 etiam
2068 2134 2358 2195 lacrimae

284 2220 625 2295 impediunt
658 2229 1044 2297 vestraeque,
1071 2221 1326 2293 iudices,
1357 2237 1479 2280 non
1512 2222 1708 2281 solum
1745 2236 1942 2290 meae,
1984 2216 2205 2294 quibus
2234 2232 2357 2291 ego

287 2320 508 2378 magno
548 2303 610 2364 in
645 2313 806 2365 metu
841 2321 980 2366 meo
1010 2304 1213 2365 subito
1244 2303 1502 2364 inducor
1533 2302 1594 2364 in
1626 2319 1828 2379 spem,
1866 2319 1979 2363 vos
2010 2301 2258 2364 eosdem
2290 2300 2356 2357 in

284 2388 405 2448 hoc
436 2389 865 2449 conservando
899 2390 1163 2458 sutur08‚
1205 2386 1310 2461 qui
1358 2385 1589 2447 fueritis
1638 2388 1696 2447 in
1727 2404 1852 2460 me,
1890 2387 2176 2461 quoniam
2215 2381 2356 2441 istis

288 2470 516 2532 vestris
544 2470 807 2531 lacrimis
842 2472 919 2531 de
955 2470 1072 2532 illis
1100 2471 1411 2543 recordor,
1443 2487 1598 2545 quas
1629 2487 1740 2545 pro
1769 2487 1864 2529 me
1897 2485 2083 2544 saepe
2112 2475 2172 2527 et
2201 2465 2357 2525 mul·

224 2607 227 2610 ,
285 2565 411 2616 tum
444 2555 820 2631 profudistis.

880 2750 967 2832 Μ.
1025 2750 1300 2833 TULLII
1353 2745 1777 2831 CICERONIS

443 2875 635 2969 PR«)
693 2877 778 2972 G.
840 2879 1247 2976 RABIRIO
1301 2877 1751 2977 POSTlJMo
1812 2875 2201 2970 ORATIO.

987 3210 1660 3272 ARGUMENTUM,

425 3352 484 3403 A.
511 3348 781 3407 Gabinius,
817 3347 862 3397 is
915 3345 1148 3408 quicum
1182 3344 1243 3395 L.
1294 3343 1476 3394 Pisone
1520 3358 1567 3394 a.
1611 3358 1660 3390 u.
1702 3358 1747 3391 c.
1790 3340 1910 3393 696.
1952 3339 2129 3391 consul
2180 3341 2367 3397 fuerat,

293 3436 408 3489 post
445 3418 763 3469 consulatum
791 3413 986 3482 Syriam
1016 3415 1329 3480 provinciam
1361 3419 1652 3477 acceperat:
1691 3411 1742 3459 in
1787 3423 1940 3473 quam
1965 3424 2119 3472 quum
2152 3410 2369 3457 obrutus

293 3506 408 3541 aere
445 3488 609 3538 alieno
645 3486 900 3553 profectus
938 3493 1101 3544 esset,
1128 3492 1183 3532 ut
1206 3483 1477 3548 pecuniam
1505 3479 1604 3529 eibi
1638 3486 1853 3543 pareret,
1891 3493 2046 3540 quum
2078 3475 2237 3527 multa
2262 3474 2367 3525 alin
