2514 3928
798 334 965 394 CAP.
995 341 1190 395 3—5.
1232 339 1286 399 s.
1319 341 1549 396 6—12.
2168 330 2210 396 5

159 503 328 548 causa
367 493 426 546 et
468 494 593 547 tum
643 494 984 546 conventus
1025 485 1126 544 ille
1170 483 1443 558 Capuae,
1504 483 1609 559 qui
1659 493 1910 561 propter
1953 486 2210 546 salutem

160 569 300 630 illius
334 568 504 630 urhis
536 570 860 630 consulatu
902 576 1324 629 conservatam
1368 584 1505 629 meo
1537 585 1634 628 me
1671 585 1856 629 unum
1888 576 2213 644 patronum

155 653 481 728 adoptavit,
528 651 669 712 huic
708 653 876 728 apud
913 669 1014 713 me
1051 651 1117 710 P.
1149 650 1353 712 Sestio
1397 651 1693 712 maximas
1728 651 1954 728 gratias
1990 653 2113 727 egit
2153 659 2214 711 et

153 737 262 797 hoc
286 745 559 811 tempore
592 736 791 796 eidem
818 735 1098 796 homines
1121 735 1368 795 nomine
1392 743 1762 797 commutato
1793 735 1999 796 coloni
2024 737 2210 796 decu-

149 820 497 894 rionesque,
542 819 857 880 fortissimi
889 829 1073 893 atque
1105 818 1318 894 optimi
1353 818 1493 892 viri,
1539 820 1904 879 beneficium
1929 818 1996 877 P.
2028 817 2213 879 Sestii

151 903 482 964 testimonio
534 903 880 970 declarant,
936 898 1277 974 periculum
1321 900 1573 959 decreto
1620 917 1740 962 suo
1785 903 2216 976 deprecantur.

150 985 241 1046 10.
281 986 523 1060 Recita,
565 1002 831 1062 quaeso,
874 983 938 1043 L.
983 985 1175 1059 Sesti,
1225 985 1374 1061 quid
1408 985 1715 1047 decrerint
1744 986 1990 1060 Capuae
2026 985 2213 1045 decu-

146 1071 369 1142 rioneS,
422 1077 487 1130 ut
525 1069 646 1129 iam
681 1069 932 1145 puerilis
967 1078 1067 1130 tua
1099 1086 1219 1129 vox
1253 1070 1452 1144 possit
1480 1069 1715 1145 aliquid
1746 1068 2096 1143 significare
2126 1070 2213 1128 in-

146 1153 328 1213 imicis
355 1153 599 1226 vestris,
638 1153 948 1228 quidnam,
983 1170 1168 1227 quum
1194 1170 1264 1213 se
1286 1153 1714 1228 corroborarit,
1746 1153 2040 1214 effectura
2069 1169 2215 1213 esse

145 1236 430 1297 videatur.
488 1238 884 1296 Dacumonuu
914 1253 1202 1296 nEcRE‘rA.
1257 1237 1390 1296 Non
1434 1237 1624 1298 recito
1656 1239 1969 1298 decretum
2003 1235 2213 1298 officio

146 1319 341 1393 aliquo
384 1335 756 1393 expressum
791 1318 1118 1379 vicinitatis
1165 1326 1271 1377 aut
1313 1319 1629 1380 clientelae
1669 1329 1775 1380 aut
1810 1318 2057 1395 hospitii
2099 1336 2213 1394 pu-

147 1402 306 1473 blici,
327 1410 434 1461 aut
473 1401 820 1460 ambitionis
863 1409 969 1460 aut
1007 1400 1553 1460 commendationis
1598 1402 1821 1474 gratia,
1871 1405 1985 1463 sed
2018 1404 2212 1465 recito

147 1483 498 1542 memoriam
531 1482 835 1556 perfuncti
866 1481 1138 1556 periculi,
1176 1481 1692 1556 praedicationem
1722 1485 2080 1557 amplissimi
2108 1485 2213 1546 be-

149 1565 364 1638 neficii,
396 1564 594 1625 vicem
619 1564 808 1626 officii
832 1565 1192 1640 praesentis,
1219 1563 1628 1625 testimonium
1653 1566 1959 1640 praeteriti
1981 1575 2216 1642 tempo·

140 1650 244 1712 riS.
325 1647 425 1710 11.
469 1653 675 1724 Atque
703 1649 825 1709 illis
857 1649 1236 1724 temporibus
1262 1647 1527 1722 eisdem,
1580 1666 1765 1725 quum
1802 1648 1920 1709 iam
1950 1649 2218 1724 Capuam

139 1743 298 1795 metu
322 1733 565 1794 Sestius
589 1732 930 1806 liberasset,
963 1734 1174 1793 urbem
1199 1741 1451 1794 senatus
1474 1741 1662 1809 atque
1693 1748 1905 1795 omnes
1935 1732 2082 1794 boni
2112 1734 2218 1793 de-

143 1816 462 1894 prehensis
505 1824 692 1892 atque
735 1816 1060 1892 oppressis
1106 1816 1463 1878 domesticis
1494 1816 1777 1879 hostibus
1809 1834 1907 1878 me
1941 1818 2101 1878 duce
2135 1834 2216 1879 ex

135 1900 423 1978 periculis
453 1900 734 1961 maximis
765 1901 1193 1974 extraxissent,
1233 1917 1353 1977 ego
1387 1900 1601 1963 litteris
1620 1902 1687 1961 Ρ.
1716 1901 1982 1964 Sestium
2006 1902 2213 1979 Capua

136 1984 431 2046 arcessivi
462 2001 597 2045 cum
625 1985 731 2046 illo
761 1986 1066 2059 exercitu,
1114 2003 1299 2061 quem
1331 1995 1455 2047 tum
1489 2002 1697 2048 secum
1731 1987 2011 2049 habebat.
2070 1987 2211 2063 Qui·

139 2070 252 2129 bus
284 2068 382 2128 bic
411 2068 623 2130 litteris
647 2070 821 2129 lectis
850 2071 930 2129 ad
960 2072 1172 2130 urbem
1197 2070 1518 2132 confestim
1542 2071 1882 2132 incredibili
1904 2072 2214 2133 celeritate

134 2152 463 2213 advolavit.
506 2155 711 2227 Atque
734 2161 802 2213 ut
827 2152 989 2229 illius
1013 2153 1308 2229 temporis
1331 2154 1706 2217 atrocitatem
1729 2155 2040 2217 recordari
2065 2173 2212 2231 pos·

135 2234 304 2306 sitis,
364 2234 569 2295 audite
607 2236 836 2297 litteras
880 2245 941 2297 et
979 2246 1247 2298 vestram
1280 2240 1631 2300 memoriam
1664 2240 1744 2300 ad
1772 2239 2006 2300 timoris
2037 2255 2211 2315 prae-

132 2318 291 2380 teriti
325 2320 753 2393 cogitationem
784 2320 1064 2384 excitate.
1124 2321 1432 2382 Llrrznxss
1462 2322 1782 2384 C1canms
1809 2339 2110 2383 consulas

304 2404 380 2462 V.
423 2402 555 2463 Hoc
597 2405 866 2465 adventu
906 2404 969 2463 P.
1001 2404 1186 2466 Sestii
1225 2405 1601 2467 tribunorum
1645 2406 1844 2482 plebis
1894 2422 2213 2478 novorum,

131 2485 243 2561 qui
282 2493 409 2557 tum
451 2488 738 2549 extremis
776 2487 996 2549 diebus
1025 2490 1384 2550 consulatus
1413 2489 1534 2550 mei
1560 2507 1661 2551 res
1691 2506 1829 2559 eaS,
1877 2507 2034 2565 quas
2073 2506 2213 2565 ges-

130 2586 357 2641 seram,
393 2586 625 2632 vexare
658 2570 1003 2647 cupiebant,
1045 2572 1449 2649 reliquaeque
1484 2572 1920 2635 coniurationis
1949 2572 2215 2647 impetus

129 2662 192 2714 et
217 2661 475 2715 conatus
499 2663 642 2715 sunt
662 2655 968 2717 retardati.
1032 2654 1129 2716 12.
1161 2660 1255 2716 Ac
1278 2665 1497 2732 postea
1521 2674 1705 2732 quam
1730 2665 1825 2717 est
1845 2656 2215 2718 intellectum

122 2736 212 2796 M.
248 2736 476 2798 Catone
505 2739 745 2799 tribuno
779 2738 1006 2813 plebis,
1046 2739 1378 2801 fortissimo
1410 2750 1595 2815 atque
1627 2740 1855 2816 optimo
1892 2738 2041 2811 civi,
2084 2755 2216 2799 rem

126 2820 442 2896 publicam
467 2821 854 2894 defendente,
885 2838 999 2897 per
1021 2839 1091 2884 se
1112 2822 1321 2899 ,ipsum
1346 2834 1623 2886 senatum
1647 2825 2070 2900 populumque
2092 2822 2214 2882 Ro-

124 2922 384 2965 manum
419 2906 554 2966 sine
585 2907 840 2967 militum
871 2908 1184 2983 praesidIo
1219 2908 1378 2969 tueri
1410 2910 1589 2969 facile
1617 2909 2002 2968 maiestatem
2036 2920 2215 2968 suam

122 2989 624 3065 dignitatemque
654 3007 900 3065 eorum,
934 2993 1040 3068 qui
1072 2995 1336 3053 salutem
1369 3008 1755 3053 communem
1785 2991 2064 3068 periculo
2097 3005 2215 3051 suo

117 3074 596 3147 defendissent,
643 3075 886 3137 Sestius
936 3093 1073 3138 cum
1128 3079 1232 3138 illo
1288 3077 1564 3138 exercitu
1615 3094 1852 3137 summa
1900 3075 2218 3137 celeritate

122 3166 232 3220 est
263 3159 605 3220 Antonium
639 3169 1034 3222 consecutus,
1122 3161 1236 3222 Hic
1272 3177 1391 3236 ego
1423 3163 1571 3237 quid
1600 3162 1956 3236 praedicem
1990 3158 2215 3236 quibus

119 3243 232 3304 hic
259 3244 453 3306 rebus
478 3247 801 3307 consulem
822 3253 1122 3321 quaestor
1141 3247 1219 3307 ad
1244 3262 1373 3307 rem
1393 3248 1728 3323 gerendam
1742 3244 2213 3316 excitarit,quos

119 3327 424 3390 stimulos
460 3328 811 3392 admoverit
838 3329 1069 3392 homini
1111 3330 1401 3392 studioso
1434 3334 1703 3392 sortasse
1733 3328 2063 3397 victoriae,
2102 3326 2217 3385 sed

114 3423 341 3474 tamen
378 3412 629 3477 nimium
654 3430 1044 3490 communem
1066 3415 1327 3475 Martem
1351 3415 1496 3475 belli
1520 3429 1860 3488 casumque
1884 3406 2217 3500 metuenti-3

116 3498 425 3574 Longum
459 3508 557 3561 est
586 3515 662 3559 ea
699 3498 939 3573 dicere,
985 3499 1102 3559 sed
1141 3499 1262 3559 hoc
1291 3497 1743 3559 breve-dicam:
1790 3496 1844 3555 si
1872 3494 1955 3553 M.
1996 3493 2217 3548 Petreu

109 3589 273 3646 non'
308 3586 629 3645 excellens
674 3582 914 3642 animus
971 3598 1183 3641 amore
1221 3583 1314 3641 rei
1351 3579 1668 3655 publicae,
1720 3592 1844 3632 non
1891 3574 2220 3643 praestans

2367 116 2440 167 a
