2514 3928
191 205 311 269 170
778 205 855 266 IN
884 205 950 267 L.
979 204 1319 265 PISONEM
1349 202 1659 264 ORATIO.
2123 208 2132 217 ’
2170 205 2252 262 ⁷²

178 371 440 449 positis,
483 385 627 431 esse
656 372 1077 432 numeratum?
1135 366 1284 444 quid
1324 365 1425 426 illa
1469 365 1529 426 in
1562 366 1821 428 Pontum
1854 366 2155 441 profectio
2185 372 2259 428 et

176 461 447 516 conatus
477 454 662 514 tuus?
715 450 862 527 quid
893 452 1226 514 debilitatio
1256 457 1447 524 atque
1474 449 1734 511 abiectio
1765 448 1950 510 animi
1981 448 2088 521 tui,
2119 450 2250 509 Ma·

175 536 449 598 cedonia
486 536 799 611 praetoria
839 535 1143 608 nuntiata,
1188 550 1374 610 quum
1405 541 1473 594 tu
1506 548 1629 594 non
1661 534 1895 604 solum,
1937 533 2108 607 quod
2137 531 2255 592 tibi

181 620 659 690 succederetur,
700 618 815 679 sed
848 621 1017 694 quod
1048 583 1304 680 Ga'binio
1338 633 1461 677 non
1506 617 1976 687 succederetur,
2023 630 2253 676 exsan-

182 703 330 779 guis
361 709 423 762 et
450 712 729 763 mortuus
763 702 1126 765 concidisti?
1168 701 1317 776 quid
1348 707 1643 775 quaestor
1671 698 1963 760 aediliciis
1998 697 2250 759 reiectis

154 785 626 860 praepositus?
692 787 1033 860 legatorum
1089 791 1333 847 tuorum
1387 783 1656 858 optimus
1705 783 1819 843 abs
1867 788 1930 842 te
1983 781 2258 857 quisque

189 868 498 930 violatus?
547 867 771 930 tribuni
814 869 1104 930 militares
1160 884 1285 929 non
1335 868 1607 942 recepti?
1668 867 1751 926 M.
1793 863 2061 926 Baebius
2079 910 2097 932 ,
2153 863 2256 923 vir

180 949 395 1025 fortis,
446 951 805 1013 interfectus
849 951 1026 1012 iussu
1067 951 1215 1012 tuo?
1290 948 1389 1010 89.
1439 949 1635 1024 Quid?
1687 948 1856 1023 quod
1902 958 1972 1009 tu
2017 948 2253 1009 totiens

175 1034 477 1096 diffidens
523 1050 598 1095 ac
648 1033 992 1108 desperans
1036 1034 1222 1095 rebus
1275 1031 1429 1104 tuis,
1481 1034 1542 1093 in
1594 1032 1915 1113 sordibus„
1965 1030 2252 1093 lamentis

183 1120 484 1191 luctuque
508 1114 791 1177 iacuisti?
853 1119 1022 1192 quod
1053 1116 1338 1194 populari
1367 1115 1452 1176 illi
1477 1114 1787 1177 sacerdoti
1817 1121 2141 1179 sescentos
2167 1115 2253 1174 ad

177 1198 420 1262 bestias
450 1199 661 1260 socios
695 1197 1263 1276 stipendiariusque
1285 1198 1545 1261 misisti?
1575 1199 1762 1274 quod,
1796 1214 1983 1274 quum
2008 1204 2252 1258 susten-

184 1289 321 1342 tare
366 1281 471 1343 vix
516 1297 741 1357 posses
786 1299 1125 1344 maerorem
1165 1291 1336 1345 tuum
1382 1284 1789 1358 doloremque
1839 1279 2249 1352 decessionis,

176 1364 768 1441 Samothraciamte
797 1369 1055 1443 primum
1075 1413 1089 1438 ,
1122 1375 1269 1442 post
1294 1367 1438 1427 inde
1464 1366 1733 1427 Thasum
1762 1380 1914 1425 cunr
1931 1363 2051 1426 tuis
2080 1371 2252 1425 tene-

184 1448 275 1511 ris
305 1450 706 1512 saltatoribus
735 1458 800 1512 et
831 1467 969 1512 cum
1001 1451 1344 1520 Autobulo,
1377 1449 1772 1519 Athamante,
1803 1448 2095 1519 Timocle,
2129 1449 2254 1508 for-

182 1532 385 1594 mosis
417 1533 726 1603 fratribus,
759 1534 1109 1595 contulisti?
1153 1534 1351 1608 quod,
1381 1533 1527 1593 inde
1557 1539 1621 1593 te
1645 1530 1986 1607 recipiens,
2013 1531 2077 1593 in
2110 1531 2255 1592 villa

186 1616 573 1688 Euchadiae,
632 1632 795 1692 quae
830 1618 942 1678 ruit
980 1632 1142 1678 uxor
1178 1613 1492 1684 Execesti,
1543 1614 1784 1677 iacuisti
1820 1629 2104 1676 maerens
2144 1613 2247 1673 ali-

178 1706 345 1775 quot
373 1699 536 1772 dies,
579 1706 767 1773 atque
792 1699 938 1760 inde
970 1698 1293 1760 obsoletus
1319 1697 1818 1761 Thessalonicam
1853 1698 2135 1759 omnibus
2163 1695 2253 1758 in-

177 1781 528 1843 scientibus
569 1787 882 1856 noctuque
918 1781 1181 1842 venisti?
1229 1781 1432 1856 quod,
1480 1798 1669 1857 quum
1710 1796 2080 1842 concursum
2116 1781 2250 1856 plo·

183 1867 449 1925 rantium
485 1879 559 1923 ac
599 1870 1027 1938 tempestatem
1072 1866 1479 1939 querellarum
1521 1866 1683 1925 ferre
1723 1881 1848 1926 non
1887 1879 2147 1941 posses,
2189 1865 2249 1924 in

180 1945 488 2024 oppidum
517 1947 762 2009 devium
791 1948 1094 2009 Beroeam
1126 1947 1488 2025 profugisti:
1534 1966 1656 2025 quo
1693 1948 1754 2010 in
1799 1946 2031 2025 oppido
2066 1963 2250 2024 quum

186 2031 299 2092 tibi
336 2046 453 2107 spe
491 2030 678 2103 falsa,
725 2031 892 2106 quod
935 2032 1002 2106 Q.
1032 2030 1410 2093 Ancharium
1455 2048 1578 2094 non
1625 2048 1768 2093 esse
1813 2036 2251 2093 successurum

182 2121 475 2190 putares,
518 2112 756 2175 animos
785 2131 997 2175 rumor
1024 2114 1335 2188 inflasset,
1381 2130 1507 2190 quo
1540 2122 1601 2175 te
1631 2117 1819 2178 modo
1850 2116 1930 2175 ad
1974 2122 2140 2176 tuam
2167 2116 2254 2175 in·

184 2199 693 2295 temperantiam,
721 2198 1050 2271 scelerate,
1086 2197 1436 2261 innovasti?
1477 2198 1775 2260 XXXVH
1807 2196 1908 2261 90.
1940 2198 2115 2259 Mitto
2145 2214 2254 2258 au·
2333 2247 2340 2254 ,

191 2299 327 2341 rum
359 2282 769 2353 coronarium,
797 2283 967 2356 quod
999 2288 1060 2342 te
1089 2281 1431 2344 diutissime
1463 2279 1659 2353 torsit,
1692 2298 1881 2356 quum
1913 2283 2099 2343 modo
2124 2283 2255 2342 vel·

189 2366 320 2433 les,
361 2363 549 2424 modo
582 2365 802 2444 nolles.
881 2366 1011 2426 Lex
1043 2364 1203 2427 enim
1230 2366 1446 2440 generi
1477 2363 1564 2425 tui
1598 2373 1657 2425 et
1695 2363 1945 2426 decerni
1975 2372 2038 2426 et
2068 2370 2127 2426 te
2155 2380 2252 2425 ac-

182 2448 399 2523 cipere
425 2445 676 2507 vetabat
711 2446 831 2508 nisi
874 2448 1124 2510 decreto
1154 2447 1485 2547 triumpho.
1554 2448 1621 2508 In
1667 2465 1791 2522 quo
1838 2456 1904 2509 tu
1934 2455 2252 2523 acceptam

192 2530 314 2590 iam
342 2537 405 2591 et
428 2530 791 2592 devoratam
822 2531 1158 2607 pecuniam,
1186 2533 1342 2594 utin
1366 2531 1758 2596 Achaeorum
1789 2539 2035 2592 centum
2063 2533 2252 2592 talen·

188 2613 612 2688 tisnvomere
652 2630 777 2676 non
807 2621 1092 2691 poteras,
1136 2616 1447 2677 vocabula
1486 2622 1723 2677 tantum
1765 2618 2161 2690 pecuniarum
2193 2622 2256 2674 et

178 2714 423 2772 genera
455 2698 757 2759 mutabas.
844 2697 1020 2760 Mitto
1056 2698 1394 2776 diplomata
1421 2706 1553 2761 tota
1580 2698 1642 2760 in
1672 2701 1993 2776 provincia
2021 2700 2254 2773 passim
2372 2769 2380 2778 ²

182 2782 361 2843 data:
392 2781 563 2845 mitto
586 2798 905 2845 numerum
930 2785 1176 2845 navium
1196 2797 1624 2857 summamque
1644 2782 1943 2858 praedae:
1967 2782 2138 2843 mitto
2162 2798 2257 2841 ra·

186 2865 419 2926 tionem
445 2866 646 2927 exacti
668 2863 1073 2944 imperatique
1092 2864 1410 2927 frumenti:
1434 2864 1603 2928 mitto
1620 2873 1897 2941 ereptam
1918 2866 2256 2926 libertatem

190 2948 442 3023 populis
458 2963 531 3009 ac
547 2949 828 3025 singulis,
854 2949 959 3024 qui
976 2955 1150 3009 erant
1162 2949 1389 3010 adfecti
1402 2948 1691 3026 praemiis
1704 2949 2078 3021 nominatim,
2100 2963 2257 3023 quo·-

186 3046 326 3090 rum
350 3030 496 3090 nihil
520 3033 798 3106 estquod
821 3049 944 3092 non
971 3034 1051 3093 sit
1075 3034 1211 3108 lege
1221 3031 1371 3092 Iulia
1386 3048 1465 3094 ne
1479 3032 1611 3094 fieri
1626 3032 1809 3094 liceat
1833 3040 2116 3094 sanctum
2130 3031 2256 3092 dili-

186 3120 432 3188 genter.
507 3112 607 3171 91.
652 3114 979 3196 Aetoliam,
1012 3130 1173 3190 quae
1201 3118 1417 3191 procul
1447 3132 1486 3177 a
1514 3116 1790 3177 barbaris
1817 3114 2125 3178 disiuncta
2163 3121 2260 3175 est

183 3195 480 3271 gentibus
509 3200 590 3268 [et
617 3195 677 3257 in
709 3199 850 3259 sinu
869 3197 1042 3274 pacis
1065 3198 1291 3275 posita]
1314 3199 1515 3261 medio
1543 3202 1673 3262 sere
1697 3199 1992 3261 Graeciae
2024 3195 2257 3275 gremio

184 3279 543 3342 continetur
572 3313 649 3325 ——
682 3297 720 3341 o
748 3282 952 3343 Poena
992 3289 1051 3342 et
1077 3282 1259 3344 Furia
1300 3281 1642 3345 sociorum*
1675 3317 1760 3329 -—
1790 3284 2105 3350 decedens
2146 3280 2255 3340 mi-

196 3378 399 3424 seram
432 3364 768 3438 perdidisti.
831 3364 1136 3429 Arsinoen
1154 3414 1171 3439 ,
1206 3367 1496 3435 Stratum,
1524 3367 1938 3444 Naupactum,
1967 3371 2038 3426 ut
2067 3364 2255 3425 modo

186 3453 324 3508 tute
347 3446 656 3520 indicasti,
692 3449 933 3511 nobiles
961 3451 1148 3512 urbes
1177 3458 1365 3527 atque
1390 3451 1607 3526 plenas
1632 3450 1842 3511 fateris
1868 3449 1945 3511 ab
1969 3447 2265 3511 hostibus
