2514 3928
285 242 412 321 196·
821 250 969 312 Pno
1005 251 1118 311 cu.
1146 250 1474 312 PLANCIO
1520 251 1827 312 ole‘no.
2290 260 2358 316 93

280 408 461 471 Creta
494 405 615 467 hoc
644 404 1014 481 imperatore
1035 409 1097 465 et
1128 401 1409 465 tribunus
1440 402 1502 464 in
1523 403 1892 464 Macedonia
1914 399 2167 463 militum
2186 402 2363 464 suerit

282 501 346 553 et
377 497 667 566 quaestor
695 495 923 550 tantum
959 504 1041 549 ex
1060 502 1129 547 re
1150 485 1391 548 militari
1432 486 1767 548 detraxerit
1800 484 2129 562 temporiS,
2177 503 2352 561 quan-

286 584 412 637 tum
456 573 515 633 in
560 589 656 634 me
702 571 1168 633 custodIendum
1211 572 1542 631 transferre
1579 569 1877 631 maluerit.
1961 568 2067 631 62.
2115 569 2360 642 Quaeris

285 675 427 720 num
461 656 727 717 disertus
758 655 878 717 sit?
919 655 1138 726 Immo,
1169 652 1233 715 id
1266 655 1435 728 quod
1463 655 1803 716 secundum
1837 661 1949 724 est,
1983 670 2061 713 ne
2090 651 2202 713 sibi
2237 652 2360 728 qui-

282 743 428 807 dem
469 740 726 802 videtur.
810 739 965 800 Num
1007 737 1156 800 iuris
1185 739 1550 800 consultus?
1592 737 1772 813 quasi
1804 738 2130 815 quisquam
2160 736 2242 797 sit
2263 735 2364 814 qui

286 825 405 887 sibi
425 824 588 887 hunc
609 824 827 887 falsum
853 824 932 883 de
953 821 1085 883 iure
1104 821 1509 897 respondisse
1530 822 1713 884 dicat.
1755 820 1981 883 Omnes
2002 819 2164 880 enim
2194 820 2364 881 istius

289 909 456 971 modi
494 916 656 970 artes
698 907 757 966 in
806 906 881 967 iis
913 905 1482 982 reprehenduntur,
1524 907 1630 982 qui
1663 922 1850 981 quum
1898 903 2166 980 professi
2209 911 2363 977 sunt,

290 994 439 1054 satis
471 993 673 1053 facere
699 1006 820 1050 non
852 996 1144 1064 possunt,
1185 1005 1309 1050 non
1338 989 1400 1049 in
1433 988 1538 1062 iis,
1586 989 1692 1065 qui
1722 1005 1794 1050 se
1830 987 2067 1049 afuisse
2107 988 2186 1049 ab
2233 988 2363 1049 istis

289 1074 510 1138 studiis
542 1075 925 1134 confitentur.
999 1072 1230 1146 Virtus,
1266 1072 1558 1149 probitaS,
1586 1072 1901 1148 integritas
1929 1073 1990 1132 in
2022 1069 2363 1146 candidato,

290 1176 411 1220 non
443 1159 686 1235 linguae
714 1155 1094 1230 volubilitas,
1139 1172 1262 1217 non
1297 1172 1431 1231 ατε,
1472 1173 1596 1216 non
1632 1155 1891 1219 scientia
1929 1154 2162 1232 requiri
2193 1157 2366 1217 solet.

285 1243 366 1305 Ut
388 1259 503 1303 nos
533 1241 592 1303 in
623 1241 945 1317 mancipiis
979 1239 1273 1316 parandis
1303 1240 1587 1317 quamvis
1617 1239 1776 1315 frugi
1802 1239 2133 1313 hominem,
2170 1236 2224 1298 si
2255 1256 2367 1315 pro

248 1338 253 1341 “
291 1326 463 1387 fabro
495 1333 599 1386 aut
633 1342 745 1401 pro
780 1332 1012 1386 tectore
1041 1325 1298 1386 emimus
1318 1370 1334 1399 ,
1364 1324 1524 1385 serre
1554 1326 1813 1385 moleste
1852 1324 2147 1396 solemus,
2180 1321 2233 1382 si
2261 1338 2370 1383 eas

290 1419 472 1485 artes,
502 1427 660 1488 quas
686 1407 748 1470 in
783 1410 1043 1471 emendo
1075 1409 1271 1470 secuti
1302 1425 1535 1482 sumus,
1584 1410 1746 1469 forte
1784 1407 2099 1479 nesciunt,
2136 1404 2230 1466 sin
2261 1423 2371 1465 au·

290 1505 412 1556 tem
445 1493 701 1555 emimus
736 1510 916 1570 quem
949 1493 1191 1554 vilicum
1221 1492 1698 1568 imponeremus,
1731 1507 1914 1567 quem
1951 1488 2162 1565 pecori
2191 1504 2367 1564 prae·

293 1579 638 1653 ficeremus,
670 1577 816 1637 nihil
847 1577 908 1637 in
940 1592 1014 1639 eo
1047 1577 1166 1637 nisi
1198 1576 1629 1652 frugalitatem,
1673 1574 1972 1648 laborem,
2006 1571 2375 1649 vigilantiam

293 1677 437 1722 esse
496 1677 779 1722 curamus
809 1707 823 1734 ,
869 1660 960 1720 sic
1021 1662 1291 1735 populus
1343 1661 1659 1721 Romanus
1718 1657 1930 1733 deligit
1982 1657 2374 1732 magistratus

299 1743 477 1820 quasi
509 1743 598 1804 rei
632 1743 913 1818 publicae
948 1741 1194 1804 vilicos:
1226 1741 1288 1802 in
1320 1743 1545 1817 quibus
1567 1743 1623 1805 si
1647 1758 1770 1818 qua
1792 1750 2113 1818 praeterea
2135 1748 2231 1801 est
2250 1756 2373 1813 ars,

293 1825 472 1887 facile
502 1826 753 1901 patiture
784 1827 879 1887 sin
907 1825 1124 1899 minuS,
1156 1824 1377 1887 virtute
1411 1842 1622 1888 eorum
1657 1834 1719 1888 et
1746 1823 2096 1886 innocentia
2125 1831 2377 1886 conten-

293 1919 391 1971 tus
421 1915 535 1969 est.
589 1908 824 1984 Quotus
855 1908 1015 1970 enim
1051 1910 1316 1987 quisque
1345 1909 1630 1985 disertuS,
1668 1919 1893 1987 quotus
1929 1909 2197 1987 quisque
2224 1907 2380 1971 iuris

294 1991 525 2069 peritus
555 2002 680 2068 est,
716 2003 782 2055 ut
809 2010 920 2054 eos
951 2011 1251 2067 numereS‚
1298 1994 1404 2070 qui
1436 1997 1648 2056 volunt
1676 2002 1866 2056 esse?
1906 1994 2083 2069 Quod
2114 1993 2166 2054 si
2196 2008 2380 2069 prae-

291 2085 460 2142 terea
488 2093 668 2139 nemo
698 2085 793 2139 est
822 2078 1056 2139 honore
1086 2079 1339 2154 dignuS,
1385 2078 1674 2154 quidnam
1705 2086 1796 2141 tot
1824 2076 2072 2153 optimis
2105 2083 2168 2137 et
2195 2092 2382 2137 orna-

292 2160 546 2223 tissimis
576 2161 815 2223 civibus
846 2168 943 2221 est
970 2162 1280 2223 futurum?
1626 2231 1630 2235 .

419 2245 633 2305 XXVI.
674 2244 776 2308 63.
817 2245 1001 2306 Iubes
1043 2245 1352 2306 Plancium
1410 2246 1489 2305 de
1541 2244 1702 2306 vitiis
1740 2244 2091 2306 Laterensis
2147 2240 2383 2303 dicere.

296 2325 454 2388 Nihil
486 2335 718 2403 potest,
756 2327 873 2388 nisi
905 2346 1045 2390 eum
1074 2328 1252 2389 nimis
1295 2331 1356 2389 in
1387 2344 1457 2389 se
1488 2328 1848 2389 iracundum
1887 2328 2130 2403 putabis
2160 2325 2383 2394 fuisse.

295 2409 464 2471 idem
491 2410 679 2472 effers
707 2412 1100 2473 Laterensem
1144 2412 1454 2473 laudibus.
1541 2410 1746 2473 Facile
1787 2410 2070 2488 patiorid
2104 2419 2166 2472 tc
2192 2425 2390 2485 agere

296 2492 499 2555 multis
533 2494 757 2568 verbis,
791 2496 958 2571 quod
981 2496 1061 2556 ad
1083 2495 1374 2557 iudicium
1404 2511 1528 2555 non
1557 2497 1883 2571 pertineat,
1911 2502 1975 2555 et
2013 2494 2077 2554 id
2108 2503 2167 2555 te
2193 2509 2388 2555 accu-

299 2585 535 2640 santem
553 2583 676 2639 tam
699 2577 803 2638 diu
816 2578 1042 2651 dicere,
1070 2581 1238 2654 quod
1252 2596 1370 2655 ego
1386 2582 1757 2642 defensurus
1769 2580 1905 2640 sine
1923 2577 2202 2654 periculo
2227 2594 2386 2653 pos-

259 2711 263 2716 .
297 2662 411 2723 sim
439 2660 736 2724 confiteri.
774 2660 965 2739 Atqui
994 2679 1117 2724 non
1146 2662 1332 2723 modo
1362 2662 1661 2722 confiteor
1688 2670 1926 2724 summa
1953 2661 2015 2723 in
2043 2661 2393 2722 Laterense

297 2755 652 2808 ornamenta
681 2761 856 2823 esse,
885 2748 998 2807 sed
1032 2755 1094 2808 te
1123 2745 1305 2807 etiam
1333 2744 1736 2820 reprehendo,
1773 2746 1941 2820 quod
1969 2762 2045 2807 ea
2070 2762 2193 2805 non
2226 2761 2390 2805 enu-

296 2844 528 2903 mereS,
558 2830 679 2890 alia
721 2831 1024 2905 quaedam
1068 2827 1270 2889 inania
1311 2836 1373 2888 et
1408 2826 1571 2888 levia
1611 2827 1962 2904 conquiras.
2048 2829 2395 2890 Praeneste

299 2912 524 2971 fecisse
570 2913 772 2972 ludos.
860 2912 1058 2984 Quid?
1097 2910 1201 2971 alii
1240 2917 1604 2985 quaestores
1650 2928 1856 2973 nonne
1900 2913 2217 2973 fecerunt?
2263 2912 2394 2989 Cy·
2501 2955 2502 2968 ,

298 2994 461 3052 renis
492 2992 803 3054 liberalem
832 2993 892 3053 in
930 2993 1312 3068 publicanos,
1347 2995 1572 3055 iustum
1601 2994 1665 3055 in
1697 2996 1908 3057 socios
1938 2995 2150 3057 fuisse.
2230 2995 2398 3069 Quis

299 3082 522 3150 negat?
561 3075 674 3135 sed
717 3076 802 3137 ita
839 3075 1025 3137 multa
1050 3077 1283 3137 Romae
1313 3087 1636 3153 geruntur,
1666 3088 1733 3141 ut
1760 3078 1866 3140 vix
1895 3095 2000 3151 ea,
2035 3095 2198 3156 quae
2226 3080 2400 3141 fiunt

299 3157 359 3218 in
404 3157 741 3231 provinciis
764 3203 781 3232 ,
826 3160 1164 3221 audiantur.
1251 3158 1355 3222 64.
1398 3162 1530 3222 Non
1572 3178 1795 3224 vereor
1833 3179 1910 3224 ne
1948 3163 2092 3223 mihi
2122 3161 2398 3238 aliquid,

300 3240 562 3313 iudiceS,
595 3241 810 3302 videar
830 3244 1149 3319 adrogare,
1185 3243 1238 3305 si
1262 3245 1341 3306 de
1366 3254 1695 3321 quaestura
1727 3263 1864 3307 mea
1892 3247 2128 3307 dixero·
2157 3247 2398 3321 Quam·

300 3322 396 3382 vis
428 3321 588 3383 enim
619 3324 720 3385 illa
751 3324 1053 3405 floruerit,
1093 3336 1291 3391 tamen
1327 3345 1466 3390 eum
1496 3346 1594 3390 me
1625 3339 1841 3402 postea
1872 3329 2066 3391 fuisse
2095 3329 2155 3391 in
2187 3328 2399 3390 maxi·

301 3404 416 3465 mis
446 3406 716 3482 imperiis
744 3411 1030 3488 arbitror,
1069 3422 1138 3475 ut
1187 3430 1308 3474 non
1340 3412 1422 3474 ita
1462 3414 1716 3472 multum
1760 3411 1907 3472 mihi
1929 3412 2162 3488 gloriae
2192 3412 2280 3475 sit
2309 3429 2404 3474 ex

305 3498 670 3562 quaesturae
691 3494 872 3558 laude
895 3498 1326 3573 repetendum=
1361 3500 1475 3558 sed
1507 3504 1707 3557 tamen
1737 3513 1859 3558 non
1877 3511 2112 3558 ‘vereor
2133 3512 2217 3557 ne
2239 3502 2401 3572 quis
