<?xml version="1.0" encoding="UTF-8"?>
<!DOCTYPE html PUBLIC "-//W3C//DTD XHTML 1.0 Transitional//EN"
    "http://www.w3.org/TR/xhtml1/DTD/xhtml1-transitional.dtd">
<html xmlns="http://www.w3.org/1999/xhtml" xml:lang="en" lang="en">
 <head>
  <title>
</title>
<meta http-equiv="Content-Type" content="text/html;charset=utf-8" />
  <meta name='ocr-system' content='tesseract 3.04.00' />
  <meta name='ocr-capabilities' content='ocr_page ocr_carea ocr_par ocr_line ocrx_word'/>
</head>
<body>
  <div class='ocr_page' id='page_1' title='image "./scriptaquaemans02cicegoog_0490.png"; bbox 0 0 2514 3928; ppageno 0'>
   <div class='ocr_carea' id='block_1_1' title="bbox 336 187 2438 255">
    <p class='ocr_par' dir='ltr' id='par_1_1' title="bbox 336 187 2438 255">
     <span class='ocr_line' id='line_1_1' title="bbox 336 187 2438 255; baseline -0.002 0"><span class='ocrx_word' id='word_1_1' title='bbox 336 191 460 255; x_wconf 75' lang='lat'>428</span> <span class='ocrx_word' id='word_1_2' title='bbox 616 190 694 250; x_wconf 89' lang='lat' dir='ltr'>IN</span> <span class='ocrx_word' id='word_1_3' title='bbox 720 189 801 249; x_wconf 88' lang='lat' dir='ltr'>M.</span> <span class='ocrx_word' id='word_1_4' title='bbox 833 187 1237 252; x_wconf 87' lang='lat' dir='ltr'>ANTONIUM</span> <span class='ocrx_word' id='word_1_5' title='bbox 1270 187 1554 250; x_wconf 84' lang='lat' dir='ltr'><strong>ORATIO</strong></span> <span class='ocrx_word' id='word_1_6' title='bbox 1583 189 2005 250; x_wconf 83' lang='lat' dir='ltr'>PHILIPPICA</span> <span class='ocrx_word' id='word_1_7' title='bbox 2035 189 2156 249; x_wconf 86' lang='lat' dir='ltr'>XI.</span> <span class='ocrx_word' id='word_1_8' title='bbox 2362 200 2438 251; x_wconf 73' lang='lat'>1³0</span> 
     </span>
    </p>
   </div>
   <div class='ocr_carea' id='block_1_2' title="bbox 332 338 2447 3502">
    <p class='ocr_par' dir='ltr' id='par_1_2' title="bbox 332 338 2438 2158">
     <span class='ocr_line' id='line_1_2' title="bbox 338 338 2438 417; baseline -0.002 -12"><span class='ocrx_word' id='word_1_9' title='bbox 338 358 573 405; x_wconf 86' lang='lat' dir='ltr'>summa</span> <span class='ocrx_word' id='word_1_10' title='bbox 601 338 901 417; x_wconf 87' lang='lat' dir='ltr'>potentia,</span> <span class='ocrx_word' id='word_1_11' title='bbox 936 339 1041 416; x_wconf 92' lang='lat' dir='ltr'>qui</span> <span class='ocrx_word' id='word_1_12' title='bbox 1070 356 1152 400; x_wconf 87' lang='lat' dir='ltr'>ex</span> <span class='ocrx_word' id='word_1_13' title='bbox 1178 339 1483 401; x_wconf 73' lang='lat' dir='ltr'><strong>aedilitate</strong></span> <span class='ocrx_word' id='word_1_14' title='bbox 1512 340 1895 401; x_wconf 87' lang='lat' dir='ltr'>consulatum</span> <span class='ocrx_word' id='word_1_15' title='bbox 1926 339 2118 415; x_wconf 87' lang='lat' dir='ltr'>petit,</span> <span class='ocrx_word' id='word_1_16' title='bbox 2155 342 2438 401; x_wconf 88' lang='lat' dir='ltr'>solvatur</span> 
     </span>
     <span class='ocr_line' id='line_1_3' title="bbox 336 424 2436 501; baseline 0 -17"><span class='ocrx_word' id='word_1_17' title='bbox 336 426 603 501; x_wconf 83' lang='lat' dir='ltr'>legibus=</span> <span class='ocrx_word' id='word_1_18' title='bbox 652 439 1024 498; x_wconf 87' lang='lat' dir='ltr'>quamquam</span> <span class='ocrx_word' id='word_1_19' title='bbox 1051 426 1223 500; x_wconf 89' lang='lat' dir='ltr'>leges</span> <span class='ocrx_word' id='word_1_20' title='bbox 1253 439 1394 484; x_wconf 87' lang='lat' dir='ltr'>eum</span> <span class='ocrx_word' id='word_1_21' title='bbox 1422 439 1544 483; x_wconf 92' lang='lat' dir='ltr'>non</span> <span class='ocrx_word' id='word_1_22' title='bbox 1574 432 1798 496; x_wconf 90' lang='lat' dir='ltr'>tenent,</span> <span class='ocrx_word' id='word_1_23' title='bbox 1831 432 2092 499; x_wconf 89' lang='lat' dir='ltr'>propter</span> <span class='ocrx_word' id='word_1_24' title='bbox 2115 424 2436 494; x_wconf 83' lang='lat' dir='ltr'>eximiam,</span> 
     </span>
     <span class='ocr_line' id='line_1_4' title="bbox 335 504 2437 583; baseline -0 -14"><span class='ocrx_word' id='word_1_25' title='bbox 335 509 555 582; x_wconf 88' lang='lat' dir='ltr'>cred0,</span> <span class='ocrx_word' id='word_1_26' title='bbox 603 504 972 583; x_wconf 80' lang='lat' dir='ltr'>dignitatem.</span> <span class='ocrx_word' id='word_1_27' title='bbox 1060 509 1141 567; x_wconf 87' lang='lat' dir='ltr'>At</span> <span class='ocrx_word' id='word_1_28' title='bbox 1173 505 1274 566; x_wconf 89' lang='lat' dir='ltr'>hic</span> <span class='ocrx_word' id='word_1_29' title='bbox 1308 523 1404 567; x_wconf 89' lang='lat' dir='ltr'>me</span> <span class='ocrx_word' id='word_1_30' title='bbox 1434 507 1802 567; x_wconf 76' lang='lat' dir='ltr'>defendente</span> <span class='ocrx_word' id='word_1_31' title='bbox 1831 506 2236 582; x_wconf 85' lang='lat' dir='ltr'>quinquiens</span> <span class='ocrx_word' id='word_1_32' title='bbox 2269 509 2437 568; x_wconf 86' lang='lat' dir='ltr'>abso·</span> 
     </span>
     <span class='ocr_line' id='line_1_5' title="bbox 337 589 2435 666; baseline -0.003 -13"><span class='ocrx_word' id='word_1_33' title='bbox 337 593 499 653; x_wconf 68' lang='lat' dir='ltr'>&#39;Jutus</span> <span class='ocrx_word' id='word_1_34' title='bbox 539 597 663 651; x_wconf 69' lang='lat' dir='ltr'>esta</span> <span class='ocrx_word' id='word_1_35' title='bbox 708 598 884 650; x_wconf 88' lang='lat' dir='ltr'>sexta</span> <span class='ocrx_word' id='word_1_36' title='bbox 917 592 1117 666; x_wconf 85' lang='lat' dir='ltr'>palma</span> <span class='ocrx_word' id='word_1_37' title='bbox 1160 591 1395 651; x_wconf 88' lang='lat' dir='ltr'>urbana</span> <span class='ocrx_word' id='word_1_38' title='bbox 1439 590 1616 651; x_wconf 88' lang='lat' dir='ltr'>etiam</span> <span class='ocrx_word' id='word_1_39' title='bbox 1658 589 1719 649; x_wconf 89' lang='lat' dir='ltr'>in</span> <span class='ocrx_word' id='word_1_40' title='bbox 1753 590 2098 666; x_wconf 80' lang='lat' dir='ltr'>gladiatore</span> <span class='ocrx_word' id='word_1_41' title='bbox 2132 589 2435 651; x_wconf 81' lang='lat' dir='ltr'>difficilis.</span> 
     </span>
     <span class='ocr_line' id='line_1_6' title="bbox 337 673 2433 749; baseline -0.001 -14"><span class='ocrx_word' id='word_1_42' title='bbox 337 674 462 736; x_wconf 91' lang='lat' dir='ltr'>Sed</span> <span class='ocrx_word' id='word_1_43' title='bbox 508 675 660 734; x_wconf 86' lang='lat' dir='ltr'>baec</span> <span class='ocrx_word' id='word_1_44' title='bbox 706 674 973 734; x_wconf 89' lang='lat' dir='ltr'>iudicum</span> <span class='ocrx_word' id='word_1_45' title='bbox 1016 675 1226 749; x_wconf 86' lang='lat' dir='ltr'>culpa,</span> <span class='ocrx_word' id='word_1_46' title='bbox 1279 691 1401 735; x_wconf 90' lang='lat' dir='ltr'>non</span> <span class='ocrx_word' id='word_1_47' title='bbox 1452 690 1589 734; x_wconf 88' lang='lat' dir='ltr'>mea</span> <span class='ocrx_word' id='word_1_48' title='bbox 1626 681 1740 734; x_wconf 89' lang='lat' dir='ltr'>est.</span> <span class='ocrx_word' id='word_1_49' title='bbox 1826 673 1956 748; x_wconf 82' lang='lat' dir='ltr'>Ego</span> <span class='ocrx_word' id='word_1_50' title='bbox 1998 674 2288 734; x_wconf 79' lang='lat' dir='ltr'>defendi</span> <span class='ocrx_word' id='word_1_51' title='bbox 2329 673 2433 733; x_wconf 85' lang='lat' dir='ltr'>fide</span> 
     </span>
     <span class='ocr_line' id='line_1_7' title="bbox 338 755 2412 834; baseline -0 -17"><span class='ocrx_word' id='word_1_52' title='bbox 338 757 593 834; x_wconf 75' lang='lat' dir='ltr'>optimae</span> <span class='ocrx_word' id='word_1_53' title='bbox 641 757 727 816; x_wconf 90' lang='lat' dir='ltr'>illi</span> <span class='ocrx_word' id='word_1_54' title='bbox 770 757 1114 818; x_wconf 89' lang='lat' dir='ltr'>debuerunt</span> <span class='ocrx_word' id='word_1_55' title='bbox 1159 757 1565 824; x_wconf 85' lang='lat' dir='ltr'>clarissimum</span> <span class='ocrx_word' id='word_1_56' title='bbox 1595 764 1656 817; x_wconf 90' lang='lat' dir='ltr'>et</span> <span class='ocrx_word' id='word_1_57' title='bbox 1685 755 2322 832; x_wconf 82' lang='lat' dir='ltr'>praestantissimum</span> <span class='ocrx_word' id='word_1_58' title='bbox 2351 773 2412 816; x_wconf 86' lang='lat' dir='ltr'>se</span> 
     </span>
     <span class='ocr_line' id='line_1_8' title="bbox 337 838 2427 915; baseline -0.001 -14"><span class='ocrx_word' id='word_1_59' title='bbox 337 848 607 902; x_wconf 86' lang='lat' dir='ltr'>natorem</span> <span class='ocrx_word' id='word_1_60' title='bbox 658 838 719 899; x_wconf 92' lang='lat' dir='ltr'>in</span> <span class='ocrx_word' id='word_1_61' title='bbox 775 840 1017 902; x_wconf 87' lang='lat' dir='ltr'>civitate</span> <span class='ocrx_word' id='word_1_62' title='bbox 1064 840 1347 903; x_wconf 86' lang='lat' dir='ltr'>retinere.</span> <span class='ocrx_word' id='word_1_63' title='bbox 1436 840 1551 915; x_wconf 80' lang='lat' dir='ltr'>Qui</span> <span class='ocrx_word' id='word_1_64' title='bbox 1601 848 1803 901; x_wconf 85' lang='lat' dir='ltr'>tamen</span> <span class='ocrx_word' id='word_1_65' title='bbox 1848 854 2011 899; x_wconf 89' lang='lat' dir='ltr'>nunc</span> <span class='ocrx_word' id='word_1_66' title='bbox 2064 838 2239 899; x_wconf 87' lang='lat' dir='ltr'>nihil</span> <span class='ocrx_word' id='word_1_67' title='bbox 2283 838 2427 901; x_wconf 86' lang='lat' dir='ltr'>aliud</span> 
     </span>
     <span class='ocr_line' id='line_1_9' title="bbox 336 921 2425 1000; baseline 0 -16"><span class='ocrx_word' id='word_1_68' title='bbox 336 940 519 1000; x_wconf 87' lang='lat' dir='ltr'>agere</span> <span class='ocrx_word' id='word_1_69' title='bbox 556 923 795 983; x_wconf 91' lang='lat' dir='ltr'>videtur</span> <span class='ocrx_word' id='word_1_70' title='bbox 824 922 942 984; x_wconf 91' lang='lat' dir='ltr'>nisi</span> <span class='ocrx_word' id='word_1_71' title='bbox 970 933 1037 985; x_wconf 89' lang='lat' dir='ltr'>ut</span> <span class='ocrx_word' id='word_1_72' title='bbox 1062 922 1470 999; x_wconf 80' lang='lat' dir='ltr'>intelligamus</span> <span class='ocrx_word' id='word_1_73' title='bbox 1499 924 1658 996; x_wconf 91' lang='lat' dir='ltr'>illos,</span> <span class='ocrx_word' id='word_1_74' title='bbox 1689 939 1947 998; x_wconf 83' lang='lat' dir='ltr'>quorum</span> <span class='ocrx_word' id='word_1_75' title='bbox 1975 938 2088 982; x_wconf 90' lang='lat' dir='ltr'>res</span> <span class='ocrx_word' id='word_1_76' title='bbox 2121 921 2425 984; x_wconf 75' lang='lat' dir='ltr'>iudicatas</span> 
     </span>
     <span class='ocr_line' id='line_1_10' title="bbox 334 1004 2423 1082; baseline -0.001 -15"><span class='ocrx_word' id='word_1_77' title='bbox 334 1007 537 1067; x_wconf 85' lang='lat' dir='ltr'>irritas</span> <span class='ocrx_word' id='word_1_78' title='bbox 567 1005 843 1080; x_wconf 78' lang='lat' dir='ltr'>fecimuS,</span> <span class='ocrx_word' id='word_1_79' title='bbox 874 1008 1032 1067; x_wconf 89' lang='lat' dir='ltr'>bene</span> <span class='ocrx_word' id='word_1_80' title='bbox 1062 1014 1124 1068; x_wconf 86' lang='lat' dir='ltr'>et</span> <span class='ocrx_word' id='word_1_81' title='bbox 1151 1023 1187 1067; x_wconf 89' lang='lat' dir='ltr'>e</span> <span class='ocrx_word' id='word_1_82' title='bbox 1213 1024 1283 1067; x_wconf 92' lang='lat' dir='ltr'>re</span> <span class='ocrx_word' id='word_1_83' title='bbox 1312 1006 1558 1082; x_wconf 83' lang='lat' dir='ltr'>publiea</span> <span class='ocrx_word' id='word_1_84' title='bbox 1588 1005 1978 1067; x_wconf 86' lang='lat' dir='ltr'>iudicavisse.</span> <span class='ocrx_word' id='word_1_85' title='bbox 2075 1004 2189 1067; x_wconf 80' lang='lat'>12.</span> <span class='ocrx_word' id='word_1_86' title='bbox 2224 1007 2423 1082; x_wconf 83' lang='lat' dir='ltr'>Neque</span> 
     </span>
     <span class='ocr_line' id='line_1_11' title="bbox 333 1087 2420 1152; baseline -0 -3"><span class='ocrx_word' id='word_1_87' title='bbox 333 1089 452 1150; x_wconf 90' lang='lat' dir='ltr'>hoc</span> <span class='ocrx_word' id='word_1_88' title='bbox 480 1087 542 1148; x_wconf 90' lang='lat' dir='ltr'>in</span> <span class='ocrx_word' id='word_1_89' title='bbox 572 1088 692 1150; x_wconf 90' lang='lat' dir='ltr'>hoc</span> <span class='ocrx_word' id='word_1_90' title='bbox 726 1106 849 1150; x_wconf 89' lang='lat' dir='ltr'>uno</span> <span class='ocrx_word' id='word_1_91' title='bbox 880 1098 1006 1151; x_wconf 68' lang='lat' dir='ltr'>esta</span> <span class='ocrx_word' id='word_1_92' title='bbox 1050 1098 1195 1151; x_wconf 90' lang='lat' dir='ltr'>sunt</span> <span class='ocrx_word' id='word_1_93' title='bbox 1226 1089 1329 1150; x_wconf 90' lang='lat' dir='ltr'>alii</span> <span class='ocrx_word' id='word_1_94' title='bbox 1352 1090 1418 1150; x_wconf 85' lang='lat' dir='ltr'>in</span> <span class='ocrx_word' id='word_1_95' title='bbox 1453 1091 1687 1151; x_wconf 88' lang='lat' dir='ltr'>eisdem</span> <span class='ocrx_word' id='word_1_96' title='bbox 1719 1087 1936 1151; x_wconf 86' lang='lat' dir='ltr'>eastris</span> <span class='ocrx_word' id='word_1_97' title='bbox 1969 1089 2261 1152; x_wconf 85' lang='lat' dir='ltr'>honeste</span> <span class='ocrx_word' id='word_1_98' title='bbox 2298 1106 2420 1151; x_wconf 83' lang='lat' dir='ltr'>eon·</span> 
     </span>
     <span class='ocr_line' id='line_1_12' title="bbox 334 1170 2400 1248; baseline -0.001 -14"><span class='ocrx_word' id='word_1_99' title='bbox 334 1170 616 1244; x_wconf 84' lang='lat' dir='ltr'>demnati‚</span> <span class='ocrx_word' id='word_1_100' title='bbox 651 1172 899 1247; x_wconf 80' lang='lat' dir='ltr'>turpiter</span> <span class='ocrx_word' id='word_1_101' title='bbox 923 1173 1203 1235; x_wconf 80' lang='lat' dir='ltr'>restituti.</span> <span class='ocrx_word' id='word_1_102' title='bbox 1266 1174 1442 1248; x_wconf 81' lang='lat' dir='ltr'>Quod</span> <span class='ocrx_word' id='word_1_103' title='bbox 1466 1174 1681 1234; x_wconf 87' lang='lat' dir='ltr'>horum</span> <span class='ocrx_word' id='word_1_104' title='bbox 1705 1170 2051 1246; x_wconf 87' lang='lat' dir='ltr'>consilium,</span> <span class='ocrx_word' id='word_1_105' title='bbox 2088 1174 2209 1247; x_wconf 88' lang='lat' dir='ltr'>qui</span> <span class='ocrx_word' id='word_1_106' title='bbox 2247 1174 2400 1235; x_wconf 85' lang='lat' dir='ltr'>omni</span> 
     </span>
     <span class='ocr_line' id='line_1_13' title="bbox 334 1253 2401 1332; baseline 0 -15"><span class='ocrx_word' id='word_1_107' title='bbox 334 1257 453 1317; x_wconf 88' lang='lat' dir='ltr'>bus</span> <span class='ocrx_word' id='word_1_108' title='bbox 480 1253 662 1316; x_wconf 89' lang='lat' dir='ltr'>bonis</span> <span class='ocrx_word' id='word_1_109' title='bbox 690 1257 904 1319; x_wconf 87' lang='lat' dir='ltr'>hostes</span> <span class='ocrx_word' id='word_1_110' title='bbox 937 1265 1099 1332; x_wconf 90' lang='lat' dir='ltr'>sunt,</span> <span class='ocrx_word' id='word_1_111' title='bbox 1133 1257 1252 1318; x_wconf 84' lang='lat' dir='ltr'>nisi</span> <span class='ocrx_word' id='word_1_112' title='bbox 1282 1256 1770 1318; x_wconf 88' lang='lat' dir='ltr'>crudelissimum</span> <span class='ocrx_word' id='word_1_113' title='bbox 1805 1254 2029 1331; x_wconf 87' lang='lat' dir='ltr'>putatis</span> <span class='ocrx_word' id='word_1_114' title='bbox 2065 1258 2266 1317; x_wconf 65' lang='lat' dir='ltr'>rore?</span> <span class='ocrx_word' id='word_1_115' title='bbox 2318 1260 2401 1317; x_wconf 83' lang='lat' dir='ltr'>Ac</span> 
     </span>
     <span class='ocr_line' id='line_1_14' title="bbox 338 1338 2414 1418; baseline -0 -17"><span class='ocrx_word' id='word_1_116' title='bbox 338 1338 500 1401; x_wconf 81' lang='lat' dir='ltr'>cedit</span> <span class='ocrx_word' id='word_1_117' title='bbox 526 1338 692 1400; x_wconf 88' lang='lat' dir='ltr'>Saxa</span> <span class='ocrx_word' id='word_1_118' title='bbox 727 1341 937 1401; x_wconf 90' lang='lat' dir='ltr'>nescio</span> <span class='ocrx_word' id='word_1_119' title='bbox 970 1339 1141 1418; x_wconf 88' lang='lat' dir='ltr'>quis,</span> <span class='ocrx_word' id='word_1_120' title='bbox 1185 1358 1366 1416; x_wconf 90' lang='lat' dir='ltr'>quem</span> <span class='ocrx_word' id='word_1_121' title='bbox 1408 1339 1589 1402; x_wconf 88' lang='lat' dir='ltr'>nobis</span> <span class='ocrx_word' id='word_1_122' title='bbox 1621 1340 1847 1401; x_wconf 86' lang='lat' dir='ltr'>Caesar</span> <span class='ocrx_word' id='word_1_123' title='bbox 1883 1349 1963 1400; x_wconf 82' lang='lat' dir='ltr'>ex</span> <span class='ocrx_word' id='word_1_124' title='bbox 1993 1340 2227 1401; x_wconf 87' lang='lat' dir='ltr'>ultima</span> <span class='ocrx_word' id='word_1_125' title='bbox 2261 1341 2414 1402; x_wconf 80' lang='lat' dir='ltr'>Celti-</span> 
     </span>
     <span class='ocr_line' id='line_1_15' title="bbox 332 1422 2414 1501; baseline 0 -17"><span class='ocrx_word' id='word_1_126' title='bbox 332 1422 503 1484; x_wconf 87' lang='lat' dir='ltr'>beria</span> <span class='ocrx_word' id='word_1_127' title='bbox 537 1422 840 1485; x_wconf 87' lang='lat' dir='ltr'>tribunum</span> <span class='ocrx_word' id='word_1_128' title='bbox 873 1424 1074 1500; x_wconf 88' lang='lat' dir='ltr'>plebis</span> <span class='ocrx_word' id='word_1_129' title='bbox 1102 1425 1300 1501; x_wconf 89' lang='lat' dir='ltr'>dedit,</span> <span class='ocrx_word' id='word_1_130' title='bbox 1330 1432 1667 1485; x_wconf 87' lang='lat' dir='ltr'>castrorum</span> <span class='ocrx_word' id='word_1_131' title='bbox 1698 1432 1879 1484; x_wconf 88' lang='lat' dir='ltr'>antea</span> <span class='ocrx_word' id='word_1_132' title='bbox 1914 1431 2213 1498; x_wconf 85' lang='lat' dir='ltr'>metator,</span> <span class='ocrx_word' id='word_1_133' title='bbox 2250 1440 2414 1497; x_wconf 82' lang='lat' dir='ltr'>nunc,</span> 
     </span>
     <span class='ocr_line' id='line_1_16' title="bbox 333 1506 2413 1584; baseline -0.001 -16"><span class='ocrx_word' id='word_1_134' title='bbox 333 1514 402 1568; x_wconf 92' lang='lat' dir='ltr'>ut</span> <span class='ocrx_word' id='word_1_135' title='bbox 439 1515 688 1582; x_wconf 82' lang='lat' dir='ltr'>sperat,</span> <span class='ocrx_word' id='word_1_136' title='bbox 725 1508 926 1569; x_wconf 69' lang='lat' dir='ltr'>urbisz</span> <span class='ocrx_word' id='word_1_137' title='bbox 977 1525 1015 1567; x_wconf 90' lang='lat' dir='ltr'>a</span> <span class='ocrx_word' id='word_1_138' title='bbox 1045 1524 1168 1584; x_wconf 88' lang='lat' dir='ltr'>qua</span> <span class='ocrx_word' id='word_1_139' title='bbox 1211 1524 1398 1583; x_wconf 90' lang='lat' dir='ltr'>quum</span> <span class='ocrx_word' id='word_1_140' title='bbox 1427 1507 1507 1568; x_wconf 85' lang='lat' dir='ltr'>sit</span> <span class='ocrx_word' id='word_1_141' title='bbox 1532 1506 1800 1581; x_wconf 88' lang='lat' dir='ltr'>alienus,</span> <span class='ocrx_word' id='word_1_142' title='bbox 1843 1523 1957 1567; x_wconf 91' lang='lat' dir='ltr'>suo</span> <span class='ocrx_word' id='word_1_143' title='bbox 2003 1506 2208 1582; x_wconf 87' lang='lat' dir='ltr'>capiti</span> <span class='ocrx_word' id='word_1_144' title='bbox 2241 1507 2413 1569; x_wconf 79' lang='lat' dir='ltr'>salvis</span> 
     </span>
     <span class='ocr_line' id='line_1_17' title="bbox 335 1589 2410 1666; baseline 0 -17"><span class='ocrx_word' id='word_1_145' title='bbox 335 1589 516 1650; x_wconf 90' lang='lat' dir='ltr'>nobis</span> <span class='ocrx_word' id='word_1_146' title='bbox 567 1590 884 1653; x_wconf 84' lang='lat' dir='ltr'>ominetur.</span> <span class='ocrx_word' id='word_1_147' title='bbox 974 1591 1119 1652; x_wconf 89' lang='lat' dir='ltr'>Cum</span> <span class='ocrx_word' id='word_1_148' title='bbox 1171 1593 1291 1653; x_wconf 90' lang='lat' dir='ltr'>hoc</span> <span class='ocrx_word' id='word_1_149' title='bbox 1334 1600 1661 1652; x_wconf 86' lang='lat' dir='ltr'>veteranus</span> <span class='ocrx_word' id='word_1_150' title='bbox 1705 1592 1884 1664; x_wconf 83' lang='lat' dir='ltr'>Caro,</span> <span class='ocrx_word' id='word_1_151' title='bbox 1941 1606 2069 1666; x_wconf 92' lang='lat' dir='ltr'>quo</span> <span class='ocrx_word' id='word_1_152' title='bbox 2117 1592 2410 1652; x_wconf 85' lang='lat' dir='ltr'>neminem</span> 
     </span>
     <span class='ocr_line' id='line_1_18' title="bbox 335 1673 2409 1751; baseline 0 -19"><span class='ocrx_word' id='word_1_153' title='bbox 335 1676 604 1738; x_wconf 84' lang='lat' dir='ltr'>veterani</span> <span class='ocrx_word' id='word_1_154' title='bbox 654 1674 831 1749; x_wconf 90' lang='lat' dir='ltr'>peius</span> <span class='ocrx_word' id='word_1_155' title='bbox 874 1675 1150 1736; x_wconf 88' lang='lat' dir='ltr'>oderunt.</span> <span class='ocrx_word' id='word_1_156' title='bbox 1235 1676 1347 1735; x_wconf 89' lang='lat' dir='ltr'>His</span> <span class='ocrx_word' id='word_1_157' title='bbox 1389 1675 1567 1751; x_wconf 84' lang='lat' dir='ltr'>quasi</span> <span class='ocrx_word' id='word_1_158' title='bbox 1600 1682 1838 1750; x_wconf 87' lang='lat' dir='ltr'>praeter</span> <span class='ocrx_word' id='word_1_159' title='bbox 1869 1674 2110 1748; x_wconf 90' lang='lat' dir='ltr'>dotem,</span> <span class='ocrx_word' id='word_1_160' title='bbox 2145 1691 2341 1749; x_wconf 87' lang='lat' dir='ltr'>quam</span> <span class='ocrx_word' id='word_1_161' title='bbox 2365 1673 2409 1733; x_wconf 76' lang='lat' dir='ltr'>in</span> 
     </span>
     <span class='ocr_line' id='line_1_19' title="bbox 337 1755 2407 1834; baseline 0.001 -19"><span class='ocrx_word' id='word_1_162' title='bbox 337 1756 615 1817; x_wconf 85' lang='lat' dir='ltr'>civilibus</span> <span class='ocrx_word' id='word_1_163' title='bbox 666 1755 840 1818; x_wconf 79' lang='lat' dir='ltr'>malis</span> <span class='ocrx_word' id='word_1_164' title='bbox 891 1767 1289 1833; x_wconf 82' lang='lat' dir='ltr'>acceperant,</span> <span class='ocrx_word' id='word_1_165' title='bbox 1338 1775 1549 1833; x_wconf 83' lang='lat' dir='ltr'>agrum</span> <span class='ocrx_word' id='word_1_166' title='bbox 1595 1758 1963 1833; x_wconf 89' lang='lat' dir='ltr'>Campanum</span> <span class='ocrx_word' id='word_1_167' title='bbox 2011 1766 2116 1819; x_wconf 87' lang='lat' dir='ltr'>est</span> <span class='ocrx_word' id='word_1_168' title='bbox 2170 1756 2407 1834; x_wconf 69' lang='lat' dir='ltr'>largitus</span> 
     </span>
     <span class='ocr_line' id='line_1_20' title="bbox 335 1839 2409 1919; baseline 0.002 -21"><span class='ocrx_word' id='word_1_169' title='bbox 335 1839 667 1914; x_wconf 78' lang='lat' dir='ltr'>AntoniuS‚</span> <span class='ocrx_word' id='word_1_170' title='bbox 727 1850 795 1903; x_wconf 89' lang='lat' dir='ltr'>ut</span> <span class='ocrx_word' id='word_1_171' title='bbox 845 1842 1139 1904; x_wconf 86' lang='lat' dir='ltr'>haberent</span> <span class='ocrx_word' id='word_1_172' title='bbox 1184 1841 1560 1919; x_wconf 90' lang='lat' dir='ltr'>reliquorum</span> <span class='ocrx_word' id='word_1_173' title='bbox 1610 1840 1942 1903; x_wconf 86' lang='lat' dir='ltr'>nutriculas</span> <span class='ocrx_word' id='word_1_174' title='bbox 1999 1841 2409 1916; x_wconf 86' lang='lat' dir='ltr'>praediorum.</span> 
     </span>
     <span class='ocr_line' id='line_1_21' title="bbox 335 1919 2409 1999; baseline 0.001 -16"><span class='ocrx_word' id='word_1_175' title='bbox 335 1921 567 1996; x_wconf 81' lang='lat' dir='ltr'>Quibus</span> <span class='ocrx_word' id='word_1_176' title='bbox 598 1919 826 1986; x_wconf 84' lang='lat' dir='ltr'>utinam</span> <span class='ocrx_word' id='word_1_177' title='bbox 854 1926 1120 1988; x_wconf 89' lang='lat' dir='ltr'>contenti</span> <span class='ocrx_word' id='word_1_178' title='bbox 1148 1934 1387 1987; x_wconf 83' lang='lat' dir='ltr'>essent!</span> <span class='ocrx_word' id='word_1_179' title='bbox 1433 1926 1758 1999; x_wconf 75' lang='lat' dir='ltr'>terremuS,</span> <span class='ocrx_word' id='word_1_180' title='bbox 1803 1924 1918 1986; x_wconf 90' lang='lat' dir='ltr'>etsi</span> <span class='ocrx_word' id='word_1_181' title='bbox 1949 1926 2286 1986; x_wconf 86' lang='lat' dir='ltr'>tolerabile</span> <span class='ocrx_word' id='word_1_182' title='bbox 2308 1941 2409 1986; x_wconf 79' lang='lat' dir='ltr'>non</span> 
     </span>
     <span class='ocr_line' id='line_1_22' title="bbox 336 2004 2413 2093; baseline 0.002 -28"><span class='ocrx_word' id='word_1_183' title='bbox 336 2010 493 2081; x_wconf 83' lang='lat' dir='ltr'>erat,</span> <span class='ocrx_word' id='word_1_184' title='bbox 539 2008 652 2067; x_wconf 86' lang='lat' dir='ltr'>sed</span> <span class='ocrx_word' id='word_1_185' title='bbox 687 2008 932 2083; x_wconf 88' lang='lat' dir='ltr'>quidvis</span> <span class='ocrx_word' id='word_1_186' title='bbox 962 2009 1316 2086; x_wconf 89' lang='lat' dir='ltr'>patiendum</span> <span class='ocrx_word' id='word_1_187' title='bbox 1350 2008 1474 2084; x_wconf 74' lang='lat' dir='ltr'>fuit,</span> <span class='ocrx_word' id='word_1_188' title='bbox 1505 2017 1573 2071; x_wconf 87' lang='lat' dir='ltr'>ut</span> <span class='ocrx_word' id='word_1_189' title='bbox 1597 2009 1717 2070; x_wconf 87' lang='lat' dir='ltr'>hoc</span> <span class='ocrx_word' id='word_1_190' title='bbox 1748 2004 2165 2093; x_wconf 81' lang='lat' dir='ltr'>taeterrimum</span> <span class='ocrx_word' id='word_1_191' title='bbox 2200 2009 2413 2070; x_wconf 87' lang='lat' dir='ltr'>bellum</span> 
     </span>
     <span class='ocr_line' id='line_1_23' title="bbox 339 2090 871 2159; baseline 0.004 -7"><span class='ocrx_word' id='word_1_192' title='bbox 339 2106 460 2158; x_wconf 71' lang='lat' dir='ltr'>uon</span> <span class='ocrx_word' id='word_1_193' title='bbox 487 2090 871 2159; x_wconf 88' lang='lat' dir='ltr'>haberemus</span> 
     </span>
    </p>

    <p class='ocr_par' dir='ltr' id='par_1_3' title="bbox 336 2172 2447 3502">
     <span class='ocr_line' id='line_1_24' title="bbox 458 2172 2411 2250; baseline 0.001 -19"><span class='ocrx_word' id='word_1_194' title='bbox 458 2172 940 2249; x_wconf 66' lang='lat' dir='ltr'>v1.13.Quidv</span> <span class='ocrx_word' id='word_1_195' title='bbox 981 2175 1082 2235; x_wconf 86' lang='lat' dir='ltr'>illa</span> <span class='ocrx_word' id='word_1_196' title='bbox 1127 2182 1465 2237; x_wconf 88' lang='lat' dir='ltr'>castrorum</span> <span class='ocrx_word' id='word_1_197' title='bbox 1499 2176 1581 2234; x_wconf 91' lang='grc' dir='ltr'>Μ.</span> <span class='ocrx_word' id='word_1_198' title='bbox 1623 2175 1871 2236; x_wconf 83' lang='lat' dir='ltr'>Antonii</span> <span class='ocrx_word' id='word_1_199' title='bbox 1910 2174 2179 2250; x_wconf 90' lang='lat' dir='ltr'>lumina,</span> <span class='ocrx_word' id='word_1_200' title='bbox 2226 2190 2411 2237; x_wconf 80' lang='lat' dir='ltr'>nonne</span> 
     </span>
     <span class='ocr_line' id='line_1_25' title="bbox 336 2258 2408 2333; baseline 0.001 -19"><span class='ocrx_word' id='word_1_201' title='bbox 336 2264 502 2316; x_wconf 86' lang='lat' dir='ltr'>ante</span> <span class='ocrx_word' id='word_1_202' title='bbox 514 2259 729 2318; x_wconf 89' lang='lat' dir='ltr'>oculos</span> <span class='ocrx_word' id='word_1_203' title='bbox 766 2258 1151 2333; x_wconf 67' lang='lat' dir='ltr'>proponitis?</span> <span class='ocrx_word' id='word_1_204' title='bbox 1215 2259 1475 2319; x_wconf 86' lang='lat' dir='ltr'>Primum</span> <span class='ocrx_word' id='word_1_205' title='bbox 1509 2259 1668 2320; x_wconf 92' lang='lat' dir='ltr'>duos</span> <span class='ocrx_word' id='word_1_206' title='bbox 1703 2259 1975 2333; x_wconf 87' lang='lat' dir='ltr'>collegas</span> <span class='ocrx_word' id='word_1_207' title='bbox 2004 2258 2408 2319; x_wconf 87' lang='lat' dir='ltr'>Antoniorum</span> 
     </span>
     <span class='ocr_line' id='line_1_26' title="bbox 337 2339 2409 2417; baseline 0.003 -20"><span class='ocrx_word' id='word_1_208' title='bbox 337 2347 397 2398; x_wconf 88' lang='lat' dir='ltr'>et</span> <span class='ocrx_word' id='word_1_209' title='bbox 428 2339 811 2413; x_wconf 88' lang='lat' dir='ltr'>Dolabellae,</span> <span class='ocrx_word' id='word_1_210' title='bbox 850 2341 1143 2402; x_wconf 85' lang='lat' dir='ltr'>Nuculam</span> <span class='ocrx_word' id='word_1_211' title='bbox 1187 2351 1247 2403; x_wconf 90' lang='lat' dir='ltr'>et</span> <span class='ocrx_word' id='word_1_212' title='bbox 1273 2344 1625 2417; x_wconf 88' lang='lat' dir='ltr'>Lentonem,</span> <span class='ocrx_word' id='word_1_213' title='bbox 1677 2340 1887 2402; x_wconf 86' lang='lat' dir='ltr'>ltaliae</span> <span class='ocrx_word' id='word_1_214' title='bbox 1926 2339 2254 2403; x_wconf 81' lang='lat' dir='ltr'>divisores</span> <span class='ocrx_word' id='word_1_215' title='bbox 2299 2344 2409 2416; x_wconf 81' lang='lat' dir='ltr'>lege</span> 
     </span>
     <span class='ocr_line' id='line_1_27' title="bbox 337 2424 2408 2499; baseline 0.002 -19"><span class='ocrx_word' id='word_1_216' title='bbox 337 2437 429 2495; x_wconf 87' lang='lat' dir='ltr'>ea,</span> <span class='ocrx_word' id='word_1_217' title='bbox 464 2438 644 2497; x_wconf 86' lang='lat' dir='ltr'>quam</span> <span class='ocrx_word' id='word_1_218' title='bbox 670 2431 921 2485; x_wconf 89' lang='lat' dir='ltr'>senatus</span> <span class='ocrx_word' id='word_1_219' title='bbox 952 2441 1061 2499; x_wconf 87' lang='lat' dir='ltr'>per</span> <span class='ocrx_word' id='word_1_220' title='bbox 1085 2425 1203 2484; x_wconf 90' lang='lat' dir='ltr'>vim</span> <span class='ocrx_word' id='word_1_221' title='bbox 1226 2427 1409 2487; x_wconf 85' lang='lat' dir='ltr'>latam</span> <span class='ocrx_word' id='word_1_222' title='bbox 1431 2424 1748 2485; x_wconf 88' lang='lat' dir='ltr'>iudicavit·</span> <span class='ocrx_word' id='word_1_223' title='bbox 1787 2439 2047 2498; x_wconf 85' lang='lat' dir='ltr'>quorum</span> <span class='ocrx_word' id='word_1_224' title='bbox 2072 2425 2241 2484; x_wconf 84' lang='lat' dir='ltr'>alter</span> <span class='ocrx_word' id='word_1_225' title='bbox 2266 2441 2408 2485; x_wconf 78' lang='lat' dir='ltr'>com·</span> 
     </span>
     <span class='ocr_line' id='line_1_28' title="bbox 339 2505 2408 2584; baseline 0.002 -20"><span class='ocrx_word' id='word_1_226' title='bbox 339 2512 640 2567; x_wconf 89' lang='lat' dir='ltr'>mentatus</span> <span class='ocrx_word' id='word_1_227' title='bbox 681 2513 780 2568; x_wconf 89' lang='lat' dir='ltr'>est</span> <span class='ocrx_word' id='word_1_228' title='bbox 805 2506 1054 2581; x_wconf 74' lang='grc' dir='ltr'>ιιιὶιιιοε,</span> <span class='ocrx_word' id='word_1_229' title='bbox 1096 2510 1249 2570; x_wconf 87' lang='lat' dir='ltr'>alter</span> <span class='ocrx_word' id='word_1_230' title='bbox 1278 2508 1402 2584; x_wconf 86' lang='lat' dir='ltr'>egit</span> <span class='ocrx_word' id='word_1_231' title='bbox 1429 2507 1826 2583; x_wconf 86' lang='lat' dir='ltr'>tragoediam.</span> <span class='ocrx_word' id='word_1_232' title='bbox 1915 2505 2070 2580; x_wconf 82' lang='lat' dir='ltr'>Quid</span> <span class='ocrx_word' id='word_1_233' title='bbox 2110 2507 2323 2568; x_wconf 83' lang='lat' dir='ltr'>dicam</span> <span class='ocrx_word' id='word_1_234' title='bbox 2346 2507 2408 2568; x_wconf 77' lang='lat' dir='ltr'>de</span> 
     </span>
     <span class='ocr_line' id='line_1_29' title="bbox 338 2588 2409 2670; baseline -0.001 -16"><span class='ocrx_word' id='word_1_235' title='bbox 338 2592 545 2670; x_wconf 79' lang='lat' dir='ltr'>Apulo</span> <span class='ocrx_word' id='word_1_236' title='bbox 597 2593 901 2656; x_wconf 76' lang='lat' dir='ltr'>Domitio?</span> <span class='ocrx_word' id='word_1_237' title='bbox 981 2591 1156 2652; x_wconf 91' lang='lat' dir='ltr'>cuius</span> <span class='ocrx_word' id='word_1_238' title='bbox 1197 2593 1382 2653; x_wconf 88' lang='lat' dir='ltr'>modo</span> <span class='ocrx_word' id='word_1_239' title='bbox 1424 2593 1588 2652; x_wconf 87' lang='lat' dir='ltr'>bona</span> <span class='ocrx_word' id='word_1_240' title='bbox 1631 2589 1980 2666; x_wconf 85' lang='lat' dir='ltr'>proscripta</span> <span class='ocrx_word' id='word_1_241' title='bbox 2034 2588 2204 2655; x_wconf 85' lang='lat' dir='ltr'>vidi·</span> <span class='ocrx_word' id='word_1_242' title='bbox 2266 2599 2409 2652; x_wconf 64' lang='lat' dir='ltr'>tants</span> 
     </span>
     <span class='ocr_line' id='line_1_30' title="bbox 340 2670 2407 2750; baseline 0 -20"><span class='ocrx_word' id='word_1_243' title='bbox 340 2681 802 2748; x_wconf 88' lang='lat' dir='ltr'>procuratorum</span> <span class='ocrx_word' id='word_1_244' title='bbox 856 2683 954 2735; x_wconf 85' lang='lat' dir='ltr'>est</span> <span class='ocrx_word' id='word_1_245' title='bbox 1004 2670 1389 2750; x_wconf 83' lang='lat' dir='ltr'>negligentia.</span> <span class='ocrx_word' id='word_1_246' title='bbox 1475 2676 1557 2735; x_wconf 89' lang='lat' dir='ltr'>At</span> <span class='ocrx_word' id='word_1_247' title='bbox 1603 2673 1702 2734; x_wconf 89' lang='lat' dir='ltr'>hic</span> <span class='ocrx_word' id='word_1_248' title='bbox 1751 2688 1951 2749; x_wconf 85' lang='lat' dir='ltr'>nuper</span> <span class='ocrx_word' id='word_1_249' title='bbox 2000 2675 2255 2734; x_wconf 86' lang='lat' dir='ltr'>sororis</span> <span class='ocrx_word' id='word_1_250' title='bbox 2304 2674 2407 2735; x_wconf 72' lang='lat' dir='ltr'>filio</span> 
     </span>
     <span class='ocr_line' id='line_1_31' title="bbox 337 2754 2405 2834; baseline 0.001 -19"><span class='ocrx_word' id='word_1_251' title='bbox 337 2755 557 2817; x_wconf 84' lang='lat' dir='ltr'>infudit</span> <span class='ocrx_word' id='word_1_252' title='bbox 604 2774 938 2830; x_wconf 87' lang='lat' dir='ltr'>venenum,</span> <span class='ocrx_word' id='word_1_253' title='bbox 990 2775 1112 2818; x_wconf 90' lang='lat' dir='ltr'>non</span> <span class='ocrx_word' id='word_1_254' title='bbox 1166 2758 1350 2818; x_wconf 88' lang='lat' dir='ltr'>dedit.</span> <span class='ocrx_word' id='word_1_255' title='bbox 1438 2754 1563 2818; x_wconf 89' lang='lat' dir='ltr'>Sed</span> <span class='ocrx_word' id='word_1_256' title='bbox 1613 2773 1734 2819; x_wconf 90' lang='lat' dir='ltr'>non</span> <span class='ocrx_word' id='word_1_257' title='bbox 1787 2762 2052 2832; x_wconf 88' lang='lat' dir='ltr'>possunt</span> <span class='ocrx_word' id='word_1_258' title='bbox 2096 2764 2231 2817; x_wconf 82' lang='lat' dir='ltr'>non</span> <span class='ocrx_word' id='word_1_259' title='bbox 2284 2773 2405 2834; x_wconf 69' lang='lat' dir='ltr'>pm-</span> 
     </span>
     <span class='ocr_line' id='line_1_32' title="bbox 338 2838 2405 2917; baseline 0.002 -19"><span class='ocrx_word' id='word_1_260' title='bbox 338 2838 479 2913; x_wconf 86' lang='lat' dir='ltr'>dige</span> <span class='ocrx_word' id='word_1_261' title='bbox 511 2842 747 2912; x_wconf 86' lang='lat' dir='ltr'>vivere,</span> <span class='ocrx_word' id='word_1_262' title='bbox 792 2840 897 2916; x_wconf 89' lang='lat' dir='ltr'>qui</span> <span class='ocrx_word' id='word_1_263' title='bbox 928 2850 1138 2902; x_wconf 87' lang='lat' dir='ltr'>nostra</span> <span class='ocrx_word' id='word_1_264' title='bbox 1165 2841 1330 2901; x_wconf 88' lang='lat' dir='ltr'>bona</span> <span class='ocrx_word' id='word_1_265' title='bbox 1361 2848 1641 2917; x_wconf 83' lang='lat' dir='ltr'>sperant,</span> <span class='ocrx_word' id='word_1_266' title='bbox 1689 2857 1875 2916; x_wconf 88' lang='lat' dir='ltr'>quum</span> <span class='ocrx_word' id='word_1_267' title='bbox 1916 2838 2253 2902; x_wconf 82' lang='lat' dir='ltr'>effundant</span> <span class='ocrx_word' id='word_1_268' title='bbox 2296 2854 2405 2901; x_wconf 72' lang='lat' dir='ltr'>m</span> 
     </span>
     <span class='ocr_line' id='line_1_33' title="bbox 338 2914 2404 2997; baseline 0.004 -19"><span class='ocrx_word' id='word_1_269' title='bbox 338 2920 480 2981; x_wconf 88' lang='lat' dir='ltr'>Vidi</span> <span class='ocrx_word' id='word_1_270' title='bbox 544 2925 722 2984; x_wconf 87' lang='lat' dir='ltr'>etiam</span> <span class='ocrx_word' id='word_1_271' title='bbox 769 2924 832 2983; x_wconf 92' lang='lat' dir='ltr'>P.</span> <span class='ocrx_word' id='word_1_272' title='bbox 884 2914 1080 2985; x_wconf 90' lang='lat' dir='ltr'>Decii</span> <span class='ocrx_word' id='word_1_273' title='bbox 1110 2924 1486 2997; x_wconf 86' lang='lat' dir='ltr'>auctionem,</span> <span class='ocrx_word' id='word_1_274' title='bbox 1547 2924 1695 2985; x_wconf 86' lang='lat' dir='ltr'>clari</span> <span class='ocrx_word' id='word_1_275' title='bbox 1752 2922 1895 2983; x_wconf 89' lang='lat' dir='ltr'>viri·</span> <span class='ocrx_word' id='word_1_276' title='bbox 1962 2919 2067 2996; x_wconf 90' lang='lat' dir='ltr'>qui</span> <span class='ocrx_word' id='word_1_277' title='bbox 2118 2921 2404 2985; x_wconf 71' lang='lat' dir='ltr'>maioru-</span> 
     </span>
     <span class='ocr_line' id='line_1_34' title="bbox 337 3005 2403 3083; baseline 0.003 -23"><span class='ocrx_word' id='word_1_278' title='bbox 337 3007 620 3079; x_wconf 87' lang='lat' dir='ltr'>exempla</span> <span class='ocrx_word' id='word_1_279' title='bbox 671 3023 1058 3082; x_wconf 86' lang='lat' dir='ltr'>persequens</span> <span class='ocrx_word' id='word_1_280' title='bbox 1101 3023 1214 3082; x_wconf 89' lang='lat' dir='ltr'>pro</span> <span class='ocrx_word' id='word_1_281' title='bbox 1257 3007 1459 3068; x_wconf 85' lang='lat' dir='ltr'>alieno</span> <span class='ocrx_word' id='word_1_282' title='bbox 1507 3024 1576 3068; x_wconf 91' lang='lat' dir='ltr'>se</span> <span class='ocrx_word' id='word_1_283' title='bbox 1621 3023 1766 3067; x_wconf 85' lang='lat' dir='ltr'>aere</span> <span class='ocrx_word' id='word_1_284' title='bbox 1809 3005 2077 3066; x_wconf 89' lang='lat' dir='ltr'>devovit.</span> <span class='ocrx_word' id='word_1_285' title='bbox 2170 3006 2403 3083; x_wconf 69' lang='lat' dir='ltr'>Empta</span> 
     </span>
     <span class='ocr_line' id='line_1_35' title="bbox 339 3088 2445 3159; baseline 0.004 -15"><span class='ocrx_word' id='word_1_286' title='bbox 339 3092 540 3146; x_wconf 89' lang='lat' dir='ltr'>tamen</span> <span class='ocrx_word' id='word_1_287' title='bbox 583 3088 644 3147; x_wconf 91' lang='lat' dir='ltr'>in</span> <span class='ocrx_word' id='word_1_288' title='bbox 688 3106 763 3150; x_wconf 89' lang='lat' dir='ltr'>ea</span> <span class='ocrx_word' id='word_1_289' title='bbox 790 3091 1076 3151; x_wconf 87' lang='lat' dir='ltr'>auctione</span> <span class='ocrx_word' id='word_1_290' title='bbox 1109 3088 1396 3152; x_wconf 88' lang='lat' dir='ltr'>inventus</span> <span class='ocrx_word' id='word_1_291' title='bbox 1428 3099 1524 3152; x_wconf 90' lang='lat' dir='ltr'>est</span> <span class='ocrx_word' id='word_1_292' title='bbox 1549 3106 1749 3154; x_wconf 89' lang='lat' dir='ltr'>nemo.</span> <span class='ocrx_word' id='word_1_293' title='bbox 1836 3088 2163 3150; x_wconf 86' lang='lat' dir='ltr'>Hominem</span> <span class='ocrx_word' id='word_1_294' title='bbox 2196 3090 2399 3152; x_wconf 73' lang='lat' dir='ltr'>ridicu-</span> <span class='ocrx_word' id='word_1_295' title='bbox 2422 3120 2445 3159; x_wconf 64' lang='grc' dir='ltr'>ι</span> 
     </span>
     <span class='ocr_line' id='line_1_36' title="bbox 338 3167 2447 3250; baseline 0.002 -25"><span class='ocrx_word' id='word_1_296' title='bbox 338 3167 491 3240; x_wconf 89' lang='lat' dir='ltr'>lum,</span> <span class='ocrx_word' id='word_1_297' title='bbox 547 3170 658 3243; x_wconf 84' lang='lat' dir='ltr'>qui</span> <span class='ocrx_word' id='word_1_298' title='bbox 710 3188 780 3231; x_wconf 90' lang='lat' dir='ltr'>se</span> <span class='ocrx_word' id='word_1_299' title='bbox 825 3172 995 3234; x_wconf 84' lang='lat' dir='ltr'>exire</span> <span class='ocrx_word' id='word_1_300' title='bbox 1035 3190 1179 3235; x_wconf 90' lang='lat' dir='ltr'>aere</span> <span class='ocrx_word' id='word_1_301' title='bbox 1223 3174 1423 3235; x_wconf 90' lang='lat' dir='ltr'>alieno</span> <span class='ocrx_word' id='word_1_302' title='bbox 1468 3181 1638 3250; x_wconf 88' lang='lat' dir='ltr'>putet</span> <span class='ocrx_word' id='word_1_303' title='bbox 1692 3190 1900 3250; x_wconf 89' lang='lat' dir='ltr'>posse,</span> <span class='ocrx_word' id='word_1_304' title='bbox 1951 3188 2146 3247; x_wconf 88' lang='lat' dir='ltr'>quum</span> <span class='ocrx_word' id='word_1_305' title='bbox 2198 3172 2447 3235; x_wconf 60' lang='lat' dir='ltr'>vendr-</span> 
     </span>
     <span class='ocr_line' id='line_1_37' title="bbox 337 3248 2399 3332; baseline 0.005 -25"><span class='ocrx_word' id='word_1_306' title='bbox 337 3248 557 3308; x_wconf 81' lang='lat' dir='ltr'>aliena.</span> <span class='ocrx_word' id='word_1_307' title='bbox 645 3251 745 3314; x_wconf 86' lang='lat'>14.</span> <span class='ocrx_word' id='word_1_308' title='bbox 788 3254 935 3314; x_wconf 87' lang='lat' dir='ltr'>Nam</span> <span class='ocrx_word' id='word_1_309' title='bbox 967 3257 1121 3332; x_wconf 92' lang='lat' dir='ltr'>quid</span> <span class='ocrx_word' id='word_1_310' title='bbox 1144 3273 1261 3332; x_wconf 87' lang='lat' dir='ltr'>ego</span> <span class='ocrx_word' id='word_1_311' title='bbox 1293 3259 1372 3318; x_wconf 93' lang='lat' dir='ltr'>de</span> <span class='ocrx_word' id='word_1_312' title='bbox 1399 3256 1699 3319; x_wconf 90' lang='lat' dir='ltr'>Trebellio</span> <span class='ocrx_word' id='word_1_313' title='bbox 1737 3257 1978 3318; x_wconf 74' lang='lat' dir='ltr'>dicam?</span> <span class='ocrx_word' id='word_1_314' title='bbox 2037 3270 2230 3330; x_wconf 86' lang='lat' dir='ltr'>quem</span> <span class='ocrx_word' id='word_1_315' title='bbox 2258 3256 2399 3318; x_wconf 60' lang='lat' dir='ltr'>nm</span> 
     </span>
     <span class='ocr_line' id='line_1_38' title="bbox 338 3330 2399 3405; baseline 0.007 -17"><span class='ocrx_word' id='word_1_316' title='bbox 338 3330 620 3392; x_wconf 84' lang='lat' dir='ltr'>videntur</span> <span class='ocrx_word' id='word_1_317' title='bbox 652 3333 871 3396; x_wconf 88' lang='lat' dir='ltr'>Furiae</span> <span class='ocrx_word' id='word_1_318' title='bbox 914 3338 1286 3402; x_wconf 89' lang='lat' dir='ltr'>debitorum.</span> <span class='ocrx_word' id='word_1_319' title='bbox 1348 3339 1609 3401; x_wconf 83' lang='lat' dir='ltr'>vindicis</span> <span class='ocrx_word' id='word_1_320' title='bbox 1654 3340 1813 3400; x_wconf 87' lang='lat' dir='ltr'>enim</span> <span class='ocrx_word' id='word_1_321' title='bbox 1858 3339 2211 3400; x_wconf 84' lang='lat' dir='ltr'>tabularum</span> <span class='ocrx_word' id='word_1_322' title='bbox 2234 3352 2399 3405; x_wconf 70' lang='lat' dir='ltr'>novt·</span> 
     </span>
     <span class='ocr_line' id='line_1_39' title="bbox 336 3420 2398 3502; baseline 0.006 -30"><span class='ocrx_word' id='word_1_323' title='bbox 336 3431 466 3473; x_wconf 89' lang='lat' dir='ltr'>rum</span> <span class='ocrx_word' id='word_1_324' title='bbox 522 3431 742 3478; x_wconf 90' lang='lat' dir='ltr'>novam</span> <span class='ocrx_word' id='word_1_325' title='bbox 786 3420 1051 3482; x_wconf 87' lang='lat' dir='ltr'>tabulam</span> <span class='ocrx_word' id='word_1_326' title='bbox 1098 3425 1398 3485; x_wconf 87' lang='lat' dir='ltr'>videmus.</span> <span class='ocrx_word' id='word_1_327' title='bbox 1486 3423 1640 3498; x_wconf 82' lang='lat' dir='ltr'>Quid</span> <span class='ocrx_word' id='word_1_328' title='bbox 1684 3425 1763 3485; x_wconf 90' lang='lat' dir='ltr'>de</span> <span class='ocrx_word' id='word_1_329' title='bbox 1801 3424 1865 3482; x_wconf 89' lang='lat' dir='ltr'>T.</span> <span class='ocrx_word' id='word_1_330' title='bbox 1906 3423 2190 3483; x_wconf 64' lang='lat' dir='ltr'>Planco?</span> <span class='ocrx_word' id='word_1_331' title='bbox 2240 3434 2398 3502; x_wconf 66' lang='lat' dir='ltr'>qua</span> 
     </span>
    </p>
   </div>
  </div>
 </body>
</html>
