2514 3928
163 314 269 368 ιω
320 302 397 362 m
427 302 504 361 M.
531 278 947 376 AuroRAT.
977 295 1398 359 pfflmppi‘cA
1424 275 1579 359 xm.
1617 300 1763 376 Cap.
1782 310 1832 362 1.
1853 306 1904 368 s.
1925 311 2094 363 1—4.
2124 301 2261 365 449

140 511 146 515 .
304 455 347 512 1.
378 451 434 513 1.
463 452 519 511 A
552 450 850 528 principio
888 445 1067 511 huius
1098 450 1259 523 belli,
1287 460 1492 527 patres
1523 449 1874 526 conscripti,
1909 453 2072 526 quod
2111 465 2251 514 cum

161 534 378 611 impiis
408 535 644 616 civibus
682 536 1242 609 consceleratisque
1279 534 1689 613 suscepimuS,
1731 534 1900 594 timui
1931 552 2006 595 ne
2039 536 2242 596 condi-

161 621 271 680 cio
305 617 608 680 insidiosa
639 619 809 696 pacis
841 619 1131 679 libertatis
1175 619 1635 693 recuperandae
1663 618 1866 678 studia
1897 618 2249 694 ,restingue-

160 711 283 763 ret.
332 703 523 762 Dulce
554 702 715 763 enim
746 704 921 763 etiam
955 718 1174 762 nomen
1209 710 1304 763 est
1343 702 1534 777 pacis,
1576 717 1678 779 res
1706 717 1857 761 vero
1890 700 2028 782 ipsa
2059 721 2247 777 quum

157 786 442 846 iucunda
473 794 596 845 tum
626 786 927 846 salutaris.
1014 786 1163 844 Nam
1193 795 1308 844 nec
1336 785 1606 860 privatos
1631 786 1807 844 socos
1831 801 1944 845 nec
1969 786 2248 859 publicas

165 871 346 943 leges
368 869 607 930 videtur
636 885 750 928 nec
774 868 1065 930 libertatis
1089 868 1221 928 iura
1254 886 1395 928 cara
1429 868 1654 927 habere
1685 881 1865 941 quem
1881 868 2250 941 discordiae,

167 967 357 1027 quem
390 953 614 1014 caedes
646 952 886 1025 civium,
912 969 1094 1027 quem
1124 953 1348 1012 bellum
1377 952 1555 1011 civile
1579 952 1854 1023 delectat,
1882 964 2143 1027 eumque
2168 971 2247 1012 ex

169 1031 428 1096 numero
455 1035 765 1096 hominum
796 1035 1176 1109 eiiciendum,
1204 1053 1282 1095 ex
1303 1036 1526 1095 finibus
1543 1035 1843 1095 humanae
1868 1045 2116 1096 naturae
2142 1053 2248 1096 ex-

174 1119 617 1180 terminandum
651 1127 815 1194 puto.
904 1121 1116 1195 Itaque
1142 1120 1275 1178 sive
1305 1118 1472 1179 Sulla
1509 1118 1640 1179 sive
1667 1118 1896 1179 Marius
1927 1119 2059 1179 sive
2088 1129 2249 1180 uter·

166 1220 298 1278 que
344 1202 479 1262 sive
522 1202 809 1264 Octavius
868 1203 1002 1263 sive
1044 1203 1231 1262 Cinna
1275 1203 1407 1262 sive
1449 1203 1662 1262 iterum
1699 1202 1867 1262 Sulla
1915 1201 2047 1263 sive
2096 1204 2251 1263 alter

163 1285 399 1345 Marius
431 1294 490 1346 et
524 1283 715 1346 Carbo
748 1286 881 1346 sive
906 1289 1008 1362 qui
1049 1288 1203 1346 alius
1229 1286 1407 1345 civile
1433 1286 1657 1346 bellum
1690 1285 1944 1361 optavit,
1971 1302 2111 1347 eum
2141 1288 2246 1347 de-

163 1369 511 1431 testabilem
543 1370 740 1430 civem
777 1371 863 1429 rei
918 1370 1196 1445 publicae
1245 1379 1448 1430 natum
1488 1369 1711 1429 iudico.
1801 1369 1858 1430 2.
1904 1363 2063 1430 'Nam
2099 1369 2245 1444 quid

165 1469 291 1527 ego
338 1454 414 1512 de
463 1454 741 1528 proximo
780 1454 1008 1525 dicam,
1063 1453 1239 1530 cujus
1280 1462 1419 1512 acta
1459 1453 1876 1524 defendimus,
1935 1463 2245 1514 auctorem

166 1536 375 1610 ipsum
406 1537 536 1596 iure
567 1554 812 1597 caesum
846 1533 1143 1597 fatemur?
1182 1536 1339 1595 Nihil
1370 1534 1547 1611 igitur
1582 1536 1700 1597 hoc
1731 1537 1894 1609 cive,
1943 1536 2085 1596 nihil
2129 1537 2251 1596 hoc

166 1619 418 1679 homine
447 1620 715 1693 taetrum,
762 1620 815 1681 si
844 1630 949 1681 aut
978 1619 1129 1681 civis
1166 1629 1270 1680 aut
1302 1620 1483 1680 homo
1516 1620 1833 1680 habendus
1864 1630 1988 1692 est,
2027 1618 2133 1695 qui
2163 1622 2245 1679 ei-

169 1702 291 1761 vile
334 1704 558 1763 bellum
605 1704 1004 1779 concupiscit.
1094 1703 1217 1763 Sed
1244 1729 1247 1733 ⁴
1273 1704 1390 1764 hoc
1443 1702 1699 1777 primum
1753 1702 2081 1763 videndum
2134 1715 2249 1777 est,

171 1795 381 1862 patres
418 1787 774 1863 conscripti,
809 1804 946 1848 eum
977 1787 1341 1848 omnibusne
1375 1803 1495 1862 pax
1525 1802 1667 1847 esse
1692 1787 1892 1862 possit
1919 1804 1994 1847 an
2031 1786 2110 1847 sit
2139 1786 2247 1845 ali-

166 1872 339 1945 quod
376 1872 600 1931 bellum
627 1869 1030 1946 inexpiabile,
1067 1871 1130 1931 in
1156 1887 1278 1945 quo
1315 1871 1515 1950 pactio
1549 1869 1720 1944 pacis
1752 1872 1854 1930 lex
1882 1873 1959 1930 sit
1987 1870 2245 1930 servitu-

164 1956 267 2018 tis.
290 1982 316 2003 ·
354 1955 735 2017 Pacemeum
760 1953 1049 2031 Scipione
1081 1954 1249 2016 Sulla
1286 1954 1417 2015 sive
1442 1954 1702 2015 faciebat
1729 1953 1865 2015 sive
1891 1952 2215 2016 simulabat

169 2056 292 2098 non
320 2046 451 2098 erat
481 2039 953 2113 desperandum,
982 2038 1038 2098 si
1069 2039 1478 2109 convenisset,
1507 2040 1639 2098 sore
1668 2036 1932 2112 aliquem
1962 2038 2246 2098 tolerabi-

167 2125 289 2182 lem
319 2129 541 2182 statum
575 2122 851 2183 civitatis.
894 2121 1084 2183 Cinna
1147 2120 1621 2193 siconcordiam
1651 2137 1788 2181 cum
1823 2120 2073 2182 Octavio
2098 2137 2241 2181 con·

168 2204 418 2268 firmare
449 2204 778 2280 voluisset,
822 2206 1131 2267 hominum
1168 2206 1227 2265 in
1270 2223 1337 2266 re
1369 2204 1615 2281 publica
1665 2203 1894 2266 sanitas
1928 2220 2248 2266 remanere

172 2289 501 2364 potuisset.
534 2287 817 2349 Proximo
841 2289 1000 2350 bello
1036 2290 1089 2350 si
1112 2290 1343 2364 aliquid
1378 2291 1456 2350 de
1493 2305 1728 2349 summa
1757 2289 2048 2364 gravitate
2069 2288 2238 2348 Pom-

170 2371 382 2447 peiuS,
403 2373 653 2432 multum
684 2374 761 2433 de
786 2373 1113 2447 cupiditate
1146 2374 1372 2434 Caesar
1401 2371 1758 2446 remisisset,
1789 2381 1849 2433 et
1880 2389 2093 2448 pacem
2125 2381 2239 2433 sta-

168 2455 353 2516 bilem
371 2465 431 2516 et
455 2454 719 2537 aliquam
747 2472 873 2516 rem
897 2457 1205 2531 publicam
1218 2456 1400 2517 nobis
1424 2457 1650 2517 habere
1679 2456 1970 2516 licuisset.
2017 2458 2088 2517 ΙΙ.
2111 2457 2246 2516 Hoc

169 2556 320 2600 vcro
356 2540 502 2615 quid
536 2547 673 2601 est?
716 2557 851 2600 cum
885 2541 1167 2600 Antoniis
1199 2557 1320 2616 pax
1352 2548 1557 2614 potest
1599 2547 1787 2599 esse?
1846 2555 1984 2598 eum
2016 2540 2244 2599 Censo-

168 2623 324 2697 rino,
348 2624 666 2694 Ventidio,
693 2622 1025 2697 Trebellio,
1048 2625 1286 2697 Bestia,
1320 2624 1584 2697 Nucula,
1619 2621 1891 2683 Munatio
1910 2667 1924 2695 ,
1953 2623 2243 2692 Lentone,

171 2707 380 2766 Saxa?
447 2706 728 2781 Exempli
778 2722 967 2767 causa
1001 2714 1238 2783 paucos
1286 2706 1626 2768 nominavi:
1697 2722 1892 2781 genus
1944 2705 2242 2766 infinitum

169 2786 726 2865 immanitatemque
781 2790 904 2866 ipsi
966 2791 1213 2852 cernitis
1263 2790 1656 2866 reliquorum.
1745 2787 1806 2850 3.
1871 2789 2095 2849 Addite
2144 2788 2248 2848 illa

170 2873 486 2948 naufragia
518 2874 799 2934 Caesaris
832 2874 1183 2948 amicorum,
1207 2874 1443 2934 Barbas
1467 2872 2090 2948 CassiOS,BarbatioS,
2108 2872 2245 2931 Pol-

170 2955 401 3017 !ionese
468 2956 674 3018 addite
712 2957 961 3018 Antonii
1007 2959 1349 3020 collusores
1391 2965 1453 3018 et
1497 2958 1780 3029 sodaleS,
1831 2955 2244 3031 Eutrapelum,

168 3040 737 3111 Melam‚Pontium‚
785 3041 1091 3111 Caelium,
1118 3039 1516 3113 Crassicium,
1555 3040 1870 3113 Tironem,
1901 3040 2246 3112 Mustelam,

169 3123 522 3184 Petissium=
566 3123 915 3185 comitatum
945 3124 1261 3200 relinquo,
1308 3125 1498 3185 duces
1546 3123 1813 3184 nomino.
1902 3125 2036 3185 Huc
2068 3140 2242 3184 acce-

170 3208 324 3268 dunt
350 3209 625 3269 Alaudae
696 3208 1008 3284 ceterique
1038 3208 1342 3279 veterani,
1391 3206 1778 3268 seminarium
1827 3206 2093 3268 iudicum
2138 3207 2245 3266 de-

171 3289 379 3351 curiae
407 3292 648 3363 tertiae,
698 3291 801 3367 qui
842 3292 972 3353 suis
1001 3294 1189 3354 rebus
1221 3291 1558 3363 exhaustiS,
1605 3290 1924 3351 beneficiis
1962 3288 2242 3351 Caesaris

172 3375 483 3436 devoratis
508 3375 784 3436 fortunas
814 3383 1059 3437 nostras
1092 3375 1598 3450 concupiverunt.
1682 3372 1743 3434 4.
1789 3373 1837 3433 Ο
1879 3375 2061 3433 fidam
2093 3375 2237 3432 dex-

173 3468 362 3520 teram
394 3458 676 3531 Antonii,
722 3477 845 3533 qua
887 3459 988 3521 ille
1027 3459 1325 3535 plurimos
1366 3457 1536 3519 cives
1567 3456 1919 3518 trucidavit!
1967 3474 2004 3516 o
2046 3464 2242 3515 ratum

170 3539 652 3616 religiosumque
682 3543 931 3618 foedus,
977 3544 1144 3618 quod
1186 3559 1325 3603 eum
1361 3539 1641 3602 Antoniis
1679 3538 2033 3677 leeg-imus!
2110 3540 2255 3597 Hoc.

260 3642 365 3682 cic.
397 3626 469 3683 11.
505 3634 554 3683 3.
1798 3663 1811 3676 .
2056 3640 2063 3643 ⁷
