2514 3928
197 276 318 338 172
722 361 728 365 ι
766 279 844 337 IN
872 279 952 336 L.
980 275 1316 337 PISONEM
1359 274 1680 336 oaA'r10.
2184 282 2260 331 τι

195 450 468 516 tempus:
504 443 672 516 quod
699 442 843 502 mihi
874 434 1119 517 quidem
1151 442 1344 517 magis
1369 443 1619 505 ‚videtur
1647 456 1829 516 quam
1860 449 1928 501 tu
1958 455 2253 513 umquam

193 524 521 585 arbitratus
563 540 632 584 es
680 527 1198 601 appropinquare.
1296 524 1564 585 xxxlx.
1607 523 1845 599 Ecquid
1888 523 2099 594 vides,
2155 538 2250 582 ec-

196 609 341 682 quid
383 607 577 666 sentis
616 611 756 682 lege
786 609 1096 669 iudiciaria
1137 611 1261 669 lata
1294 623 1457 682 quos
1493 608 1747 682 posthac
1786 605 2025 668 iudices
2059 605 2255 666 simus

194 690 498 750 habituri?
544 686 760 766 Neque
801 693 1065 767 legetur,
1117 691 1399 765 quisquis
1438 691 1733 764 voluerit,
1776 706 1921 764 nec,
1971 689 2260 763 quisquis

194 775 483 844 noluerit,
532 784 659 833 non
697 776 958 850 legetur.
1034 776 1194 834 Nulli
1224 773 1625 834 coniicientur
1657 774 1719 835 in
1754 773 1923 835 illum
1955 771 2254 842 ordinem,

188 857 338 917 nulli
376 857 747 919 eximentur:
795 861 919 916 no'n
966 857 1211 916 ambitio
1255 859 1337 917 ad
1364 857 1651 932 gratiam,
1693 874 1818 917 non
1861 855 2150 932 iniquitas
2187 857 2272 916 ad·

190 941 642 1003 simulationem
671 948 710 1012 †
744 940 1121 1000 coniicietur.
1198 940 1440 1001 Iudices
1471 940 1828 1002 iudicabunt
1856 939 1926 1010 ii,
1976 955 2136 1015 quos
2166 941 2271 999 lex

200 1028 371 1102 ipsa,
415 1043 536 1086 non
571 1041 732 1099 quos
775 1026 1089 1086 hominum
1117 1025 1307 1085 libido
1338 1024 1651 1100 delegerit.
1699 1022 1700 1025 ’
1739 1027 1917 1102 Quod
1959 1040 2146 1098 quum
2175 1023 2263 1082 ita

200 1111 307 1181 sit,
358 1106 744 1178 mihicrede,
788 1109 1091 1169 neminem
1130 1106 1387 1169 invitum
1416 1108 1735 1170 invitabis:
1778 1125 1880 1170 res
1907 1108 2047 1183 ipsa
2082 1115 2143 1167 et
2171 1106 2263 1165 rei

200 1192 483 1267 publicae
507 1197 753 1269 tempus
776 1199 882 1252 aut
905 1208 1002 1252 me
1025 1192 1255 1266 ipsum,
1285 1192 1453 1266 quod
1474 1192 1682 1266 nolim,
1713 1201 1819 1253 aut
1838 1192 2023 1252 alium
2050 1205 2264 1265 quem·

201 1275 363 1349 piam
393 1282 500 1335 aut
526 1274 809 1335 invitabit
837 1283 944 1336 aut
975 1274 1413 1336 dehortabitur.

230 1426 233 1429 ‚
324 1358 428 1419 95.
470 1357 802 1432 Equidem,
843 1367 914 1420 ut
942 1358 1149 1434 paullo
1192 1365 1336 1419 ante
1365 1357 1519 1431 dixi,
1551 1376 1676 1420 non
1714 1360 1928 1419 eadem
1958 1355 2268 1432 supplicia

94 1470 103 1483 «
203 1458 346 1501 esse
375 1441 435 1500 in
465 1441 814 1502 hominibus
847 1438 1146 1514 existimo,
1182 1459 1345 1516 quae
1375 1444 1644 1503 fortasse
1674 1443 1984 1517 plerique,
2015 1441 2259 1500 damna-

200 1525 424 1598 tioneS,
458 1524 879 1600 expulsiones.
912 1541 1135 1586 neces:
1168 1525 1436 1599 denique
1457 1527 1683 1585 nullam
1715 1525 1856 1585 mihi
1887 1539 2155 1600 poenam
2177 1524 2267 1580 vi-

204 1610 386 1668 detur
417 1608 647 1669 habere
680 1608 773 1680 id,
807 1609 977 1683 quod
1007 1607 1297 1669 accidere
1326 1608 1667 1680 innocenti,
1703 1610 1873 1683 quod
1902 1606 2064 1677 forti,
2095 1605 2266 1681 quod

203 1691 498 1766 sapienti,
561 1693 731 1765 quod
768 1692 935 1750 bono
985 1690 1121 1751 viro
1177 1699 1238 1751 et
1280 1690 1401 1750 civi
1443 1693 1672 1767 potest.
1760 1690 2079 1752 Damnatio
2119 1689 2263 1758 ista,

204 1790 365 1848 quae
396 1774 458 1833 in
487 1782 553 1834 te
582 1772 923 1848 flagitatur,
955 1772 1170 1848 obtigit
1190 1774 1259 1837 P.
1291 1775 1550 1846 Rutilio,
1598 1776 1769 1850 quod
1802 1774 2119 1851 specimen
2147 1771 2265 1830 ha-

201 1858 334 1916 buit
356 1856 454 1915 hic
478 1855 631 1916 civis
655 1854 1066 1916 innocentiae.
1111 1857 1310 1917 Maior
1329 1857 1473 1917 mihi
1494 1857 1763 1919 iudicum
1788 1867 1850 1919 et
1872 1859 1962 1917 rei
1982 1854 2270 1933 publicae

202 1955 407 2015 poena
441 1939 542 2001 illa
566 1939 706 1999 visa
733 1948 829 2001 est
855 1955 1038 2014 quam
1058 1939 1288 2001 Rutilii.
1333 1942 1399 2001 L.
1428 1939 1701 2017 Opimius
1724 1941 1959 2003 eiectus
1983 1947 2081 2002 est
2104 1954 2138 1997 e
2162 1954 2272 2013 pa·

203 2024 336 2094 tria,
362 2023 414 2081 is
443 2024 546 2097 qui
570 2030 801 2097 etpost
822 2030 1172 2098 praeturam
1197 2030 1261 2083 et
1285 2026 1797 2086 consulmaximis
1811 2040 1942 2085 rem
1956 2022 2268 2100 publicam

203 2106 492 2182 periculis
517 2106 823 2167 liberarat.
894 2108 1030 2168 Non
1058 2108 1118 2167 in
1165 2123 1275 2183 eo,
1317 2108 1415 2169 cui
1447 2110 1610 2168 facta
1642 2118 1739 2170 est
1767 2108 2015 2180 iniuria,
2060 2104 2268 2167 sedin

207 2191 315 2262 εἰς,
349 2190 452 2265 qui
475 2191 770 2261 fecerunt,
796 2190 1052 2251 sceleris
1078 2199 1140 2250 et
1162 2191 1580 2251 conscientiae
1604 2208 1807 2266 poena
1829 2190 2137 2251 remansit.
2185 2190 2271 2247 At

208 2281 424 2334 contra
451 2273 548 2333 bis
574 2273 830 2334 Catilina
852 2274 1207 2335 absolutus:
1241 2274 1507 2335 emissus
1535 2275 1718 2334 etiam
1749 2275 1850 2335 ille
1880 2282 2099 2334 auctor
2118 2280 2269 2331 tuus

209 2356 585 2431 provinciae,
618 2373 808 2432 quum
838 2365 1120 2432 stuprum
1143 2358 1359 2418 Bonae
1388 2358 1543 2418 deae
1572 2357 1995 2434 pulvinaribus
2027 2355 2265 2417 intulis-

208 2446 324 2499 set.
391 2438 536 2513 Quis
577 2440 692 2500 l'uit
725 2441 785 2499 in
816 2448 986 2501 tanta
1015 2441 1262 2502 civitate
1304 2442 1409 2516 qui
1449 2441 1614 2503 illum
1657 2441 1892 2502 incesto
1929 2440 2267 2507 liberatum,

206 2540 333 2583 non
351 2538 482 2594 eoS‚
507 2522 609 2597 qui
621 2523 707 2583 ita
722 2523 1061 2595 iudicarint,
1087 2525 1221 2599 pari
1233 2526 1474 2585 scelere
1489 2524 1822 2592 obstrictos
1833 2521 2272 2584 arbitraretur?

329 2606 451 2667 XL.
494 2605 594 2668 96.
639 2609 740 2666 An
775 2621 893 2683 ego
936 2616 1326 2684 exspectem,
1362 2608 1507 2667 dum
1548 2608 1628 2668 de
1660 2615 1721 2667 tc
1761 2607 2035 2682 quinque
2076 2613 2139 2665 et
2175 2618 2275 2663 se·

207 2691 525 2766 ptuaginta
544 2690 809 2751 tabellae
823 2690 1215 2763 diribeantur,
1241 2693 1321 2752 de
1345 2707 1468 2765 quo
1490 2691 1612 2750 iam
1632 2690 1865 2765 pridem
1880 2705 2096 2750 omnes
2112 2703 2274 2746 mor-

205 2775 363 2834 tales
389 2774 658 2834 omnium
671 2790 984 2849 gen-erum,
1009 2783 1298 2845 aetatum,
1322 2774 1601 2833 ordinum
1625 2774 2094 2838 iudicaverunt?
2123 2768 2275 2843 Quis

210 2857 368 2916 enim
392 2866 455 2917 te
477 2857 662 2930 aditu,
695 2858 832 2931 quis
857 2860 984 2918 ullo
1009 2859 1246 2917 honore
1262 2903 1277 2927 ,
1313 2856 1451 2929 quis
1475 2857 1742 2932 denique
1778 2854 2086 2916 communi
2111 2854 2271 2914 salu-

204 2939 440 2998 tatione
463 2940 709 3015 dignum
724 2939 939 3015 putet?
970 2938 1194 3000 Omnes
1210 2935 1564 3000 memoriam
1581 2942 1939 3002 consulatus
1957 2939 2065 3011 tui,
2090 2938 2273 3006 sacta,

208 3037 446 3095 mores,
486 3022 708 3081 faciem
735 3023 1002 3096 denique
1035 3039 1108 3083 ac
1142 3038 1365 3082 nomen
1409 3040 1447 3083 a
1485 3039 1553 3083 re
1582 3023 1828 3097 publica
1860 3024 2269 3083 detestantur.

203 3104 447 3179 Legati,
493 3105 599 3180 qui
638 3121 762 3165 una
800 3106 1072 3176 ruerunt,
1115 3105 1386 3178 alienati,
1432 3106 1658 3167 tribuni
1698 3106 1989 3167 militares
2020 3101 2269 3174 inimici,

210 3186 635 3260 centurioneS‚
679 3196 770 3258 et,
813 3188 866 3248 si
902 3189 1003 3262 qui
1034 3205 1112 3249 ex
1141 3198 1311 3250 tanto
1344 3192 1617 3251 exercitu
1652 3190 1871 3263 reliqui
1912 3188 2135 3252 milites
2168 3202 2271 3245 ex·

208 3280 400 3343 stant,
431 3289 554 3332 non
587 3272 823 3333 dimissi
852 3272 965 3332 abs
991 3281 1083 3345 te,
1115 3274 1229 3333 sed
1265 3273 1573 3348 dissipati,
1601 3281 1666 3333 te
1695 3274 1987 3342 oderunt,
2025 3270 2135 3332 tihi
2165 3284 2276 3344 pe-

211 3363 368 3416 stem
399 3363 724 3430 exoptant,
765 3364 828 3416 te
862 3363 1281 3417 exsecrantur.
1370 3358 1602 3417 Achaia
1640 3353 1972 3426 exhausta,
2013 3354 2280 3413 Thessa·

210 3438 292 3498 lia
336 3447 592 3512 vexata,
644 3442 949 3499 laceratae
988 3441 1300 3510 Athenae,
1347 3439 1790 3515 Dyrrhachium
1838 3445 1901 3499 et
1942 3433 2278 3512 Apollonia

212 3522 538 3595 exinanita,
567 3523 895 3584 Ambracia
911 3524 1168 3599 direpta,
1192 3523 1461 3582 Parthini
1486 3522 1900 3582 etBullicnses
1923 3518 2102 3589 illusi,
2125 3515 2271 3592 Epi-
