2514 3928
857 325 1021 383 (ΒΑΓ.
1056 334 1317 387 33—35.
1364 335 1413 389 s.
1445 333 1709 401 *rr—‚m
2246 328 2327 387 29

256 478 599 554 approbata
625 477 992 550 laudataque
1009 475 1217 535 Cottae
1244 475 1545 535 sententia
1574 474 1729 535 dixit
1748 491 1892 541 sese
1930 476 2325 541 otiimeicau‘

256 581 355 636 sa,
384 570 454 621 ut
482 559 646 621 omni
679 557 962 635 populari
992 557 1400 619 concitatione
1430 558 1826 632 defungerer,
1861 575 2118 621 censere
2150 572 2217 623 ut
2246 564 2326 622 ad

255 654 509 706 senatus
539 643 957 704 auctoritatem
991 641 1204 716 populi
1229 657 1481 715 quoque
1504 642 1764 702 Romani
1784 643 2152 705 beneficium
2182 661 2331 720 erga

255 745 353 789 me
382 728 863 805 adiungeretur.¹
904 726 1100 800 Quum
1143 742 1360 786 omnes
1401 724 1674 786 certatim
1714 725 1998 802 aliusque
2037 727 2159 788 alio
2191 745 2328 804 gra·

256 812 393 872 vius
425 820 608 886 atque
638 809 909 871 ornatius
941 811 1019 868 de
1051 825 1190 870 mea
1219 810 1416 869 salute
1439 808 1699 869 dixisset
1726 810 2025 885 fieretque
2047 811 2182 872 sine
2205 813 2330 872 ulla

255 895 550 956 varietate
579 893 913 967 discessio,
944 893 1238 965 surrexit,
1283 901 1351 954 ut
1380 892 1585 967 scitis,
1620 892 1841 963 Atilius
1870 892 1970 953 hic
2000 893 2326 962 Gavianus,

255 995 369 1041 nec
397 995 592 1040 ausus
621 981 751 1052 est,
779 994 967 1054 quum
1002 986 1171 1038 esset
1200 986 1471 1051 emptuS,
1501 975 1915 1037 intercedere=
1946 986 2187 1039 noctem
2210 977 2328 1038 sibi

252 1065 334 1124 ad
369 1063 830 1125 deliberandum
857 1061 1208 1138 postulavit.
1266 1061 1506 1122 Clamor
1534 1069 1806 1135 senatus,
1833 1062 2163 1134 querellae,
2190 1077 2328 1137 pre-

248 1163 389 1220 ces,
429 1163 611 1208 socer
638 1147 719 1206 ad
753 1145 946 1222 pedes
974 1144 1273 1205 abiectus.
1343 1147 1449 1204 llle
1479 1161 1549 1204 se
1583 1144 1907 1227 adfirmare
1942 1153 2197 1221 postero
2229 1144 2330 1205 die

256 1246 486 1290 moram
519 1232 738 1303 nullam
770 1245 914 1291 esse
948 1230 1266 1293 facturum.
1332 1227 1636 1289 Creditum
1665 1238 1792 1290 esta
1835 1227 2184 1290 discessum
2214 1240 2327 1289 est.

256 1313 346 1372 llli
381 1313 615 1373 interea
643 1309 1030 1372 deliberatori
1057 1326 1296 1369 merces
1328 1314 1513 1384 longa
1540 1312 1901 1385 interposita
1921 1323 2103 1374 nocte
2128 1312 2329 1387 dupli·

259 1405 398 1457 cata
431 1403 543 1454 est.
617 1392 944 1454 Consecuti
973 1391 1107 1451 dies
1141 1393 1324 1465 pauci
1354 1392 1599 1453 omnino
1629 1395 1911 1456 Ianuario
1964 1413 2176 1458 mense
2217 1414 2330 1493 per

265 1494 426 1552 quos
471 1484 751 1539 senatum
802 1473 1018 1534 haberi
1068 1473 1307 1534 liceret.
1364 1475 1476 1534 sed
1530 1485 1729 1535 tamen
1782 1487 1983 1539 actum
2021 1480 2169 1539 nihil
2212 1481 2329 1540 nisi

259 1562 342 1622 de
375 1574 492 1621 me.

426 1643 669 1704 XXXV.
718 1640 816 1705 75.
863 1641 1059 1716 Quum
1104 1642 1268 1703 omni
1298 1659 1498 1716 mora,
1545 1641 1991 1717 ludificatione,
2033 1645 2333 1704 calumnia

256 1738 506 1789 senatus
536 1726 869 1801 auctoritas
905 1725 1332 1802 impediretur,
1367 1726 1530 1787 venit
1557 1728 1805 1791 tandem
1843 1726 2103 1787 concilio
2128 1728 2207 1787 de
2235 1726 2332 1788 r'ne

256 1811 483 1888 agendi
516 1811 650 1871 dies
688 1827 801 1877 vm
847 1810 1162 1872 Kalendas
1193 1810 1579 1870 Februarias·
1642 1810 1942 1886 Princeps
1971 1810 2329 1886 rogationis,

255 1895 348 1955 vir
377 1895 523 1956 mihi
554 1893 996 1968 amicissimuS,
1029 1893 1096 1969 Q.
1126 1893 1475 1968 FabriciuS,
1521 1897 1815 1971 templum
1845 1894 2157 1972 aliquanto
2188 1905 2330 1956 antc

256 1984 458 2043 lucem
506 1980 848 2055 occupavit.
913 1978 1165 2053 Quietus
1206 1996 1283 2040 eo
1335 1979 1434 2040 die
1465 1979 1735 2050 Sestius,
1780 1980 1835 2040 is
1873 1980 1979 2055 qui
2020 1991 2116 2041 est
2157 1982 2236 2040 dc
2267 1980 2331 2039 vi

254 2081 433 2125 reusz
477 2072 648 2124 actor
676 2062 774 2123 hic
804 2064 1223 2137 defensorque
1254 2079 1482 2124 causae
1516 2080 1691 2125 meae
1732 2064 1878 2123 nihil
1922 2063 2330 2139 progreditur,

257 2146 520 2209 consilia
563 2155 882 2222 exspectat
928 2146 1310 2206 inimicorum
1351 2162 1644 2208 meorum.
1714 2147 1867 2221 Quid
1901 2146 2016 2220 illi,
2068 2163 2331 2223 quorum

234 2261 235 2264 ¹
257 2229 520 2293 consilio
542 2230 607 2289 P.
634 2229 874 2291 Sestius
900 2229 963 2290 in
993 2228 1285 2290 iudicium
1311 2240 1588 2303 vocatur,
1626 2247 1748 2306 quo
1773 2248 1846 2291 se
1869 2242 2050 2308 pacto
2073 2237 2333 2307 gerunt?
2415 2301 2420 2304 ,

262 2315 459 2389 Quum
492 2314 720 2388 sorum„
758 2312 1100 2387 comitium,
1143 2312 1373 2375 curiam
1408 2316 1596 2375 multa
1627 2316 1705 2376 de
1737 2324 1916 2376 nocte
1944 2314 2191 2374 armatis
2220 2314 2330 2373 ho·

260 2398 527 2459 minibus
556 2414 630 2457 ac
664 2397 862 2466 servis
893 2397 1210 2473 plerisque
1244 2398 1749 2473 occupavissent,
1781 2399 2070 2474 impetum
2101 2397 2332 2461 faciunt

259 2483 321 2543 in
335 2480 702 2553 Fabricium,
730 2498 948 2542 manus
970 2482 1271 2554 adserunt,
1297 2481 1587 2544 occidunt
1616 2498 1737 2543 non
1761 2484 1983 2557 nullOS,
2014 2484 2333 2545 vulnerant

260 2568 504 2627 multos.
557 2562 659 2627 76.
701 2563 1063 2626 Venientem
1087 2565 1144 2624 in
1171 2566 1398 2638 sorum,
1429 2564 1622 2626 virum
1649 2568 1939 2641 optimum
1962 2573 2023 2627 et
2045 2576 2330 2627 constan-

261 2650 596 2722 tissimum,
641 2648 723 2708 Μ.
761 2648 1061 2724 Cispium,
1108 2649 1413 2710 tribunum
1445 2649 1673 2725 plebiS,
1716 2651 1779 2709 vi
1809 2651 2149 2725 depelluntz
2193 2664 2330 2709 cae-

263 2735 402 2794 dem
434 2731 496 2793 in
528 2734 663 2793 roro
693 2730 1019 2794 maximam
1050 2732 1309 2794 faciunt:
1340 2733 1740 2810 universique
1771 2732 2076 2794 destrictis
2109 2730 2330 2808 gladiis

265 2826 326 2877 et
369 2815 638 2877 cruentis
682 2814 742 2875 in
786 2814 1068 2877 omnibus
1111 2816 1227 2876 fori
1269 2817 1540 2892 partibus
1571 2819 1817 2879 fratrem
1855 2832 2090 2889 meum,
2138 2816 2331 2875 virum

264 2901 588 2976 optimum,
623 2898 1017 2962 fortissimum
1040 2900 1285 2974 meique
1308 2901 1788 2962 amantissimum
1806 2946 1820 2971 ,
1854 2898 2048 2962 oculis
2076 2915 2329 2975 quaere-

264 2985 441 3056 bant,
486 3000 643 3044 voce
683 2983 1044 3058 poscebant.
1142 2984 1410 3058 Quorum
1448 2983 1549 3046 ille
1592 2984 1728 3045 telis
1770 2984 2024 3045 libenter
2062 2984 2125 3046 in
2163 2993 2328 3046 tanto

262 3068 430 3129 luctu
464 3082 538 3126 ac
569 3066 878 3128 desiderio
911 3066 1030 3128 mei
1057 3084 1178 3128 non
1216 3069 1629 3143 repugnandi,
1667 3068 1779 3129 sed
1811 3068 2111 3130 moriendi
2141 3061 2365 3129 causa‘

261 3162 492 3226 corpus
524 3150 848 3211 obtulisset
883 3168 1094 3224 suum,
1150 3150 1271 3212 nisi
1306 3168 1484 3213 suam
1510 3151 1696 3213 vitam
1728 3153 1808 3213 ad
1840 3169 2015 3228 spem
2046 3152 2165 3213 mei
2192 3153 2327 3210 red-

264 3233 386 3295 itus
421 3244 825 3295 reservasset.
883 3232 1078 3295 Subiit
1106 3243 1304 3295 tamen
1348 3234 1467 3293 vim
1498 3234 1658 3302 illam
1690 3236 1982 3295 nefariam
2014 3238 2327 3296 conscele-

262 3325 531 3378 ratorum
562 3319 862 3378 latronum
893 3326 981 3390 et,
1029 3336 1214 3392 quum
1243 3319 1322 3377 ad
1353 3317 1555 3377 fratris
1592 3322 1846 3379 salutem
1874 3337 1913 3378 a
1945 3320 2177 3393 populo
2207 3319 2328 3375 Ro·

266 3417 448 3462 mano
481 3391 934 3477 deprecandam
968 3400 1276 3473 venisset,
1318 3401 1536 3476 pulsus
1566 3416 1602 3460 e
1628 3401 1846 3462 rostris
1874 3401 1935 3459 in
1968 3398 2211 3460 comitio
2242 3399 2328 3455 ia-

267 3486 388 3545 cuit
418 3501 614 3559 seque
645 3500 962 3545 servorum
993 3493 1053 3544 et
1083 3484 1435 3544 libertorum
1460 3483 1822 3557 corporibus
1858 3480 2089 3543 obtexit
2116 3478 2325 3538 vitam-

266 3584 387 3643 que
418 3576 542 3629 tum
574 3584 748 3629 suam
776 3565 976 3627 noctis
1018 3577 1079 3626 et
1121 3567 1305 3640 fugae
1350 3563 1693 3638 praesidio,
1734 3578 1858 3621 non
1893 3560 2041 3618 iuris
2073 3554 2324 3614 iudicio-
