<?xml version="1.0" encoding="UTF-8"?>
<!DOCTYPE html PUBLIC "-//W3C//DTD XHTML 1.0 Transitional//EN"
    "http://www.w3.org/TR/xhtml1/DTD/xhtml1-transitional.dtd">
<html xmlns="http://www.w3.org/1999/xhtml" xml:lang="en" lang="en">
 <head>
  <title>
</title>
<meta http-equiv="Content-Type" content="text/html;charset=utf-8" />
  <meta name='ocr-system' content='tesseract 3.04.00' />
  <meta name='ocr-capabilities' content='ocr_page ocr_carea ocr_par ocr_line ocrx_word'/>
</head>
<body>
  <div class='ocr_page' id='page_1' title='image "./scriptaquaemans02cicegoog_0062.png"; bbox 0 0 2514 3928; ppageno 0'>
   <div class='ocr_carea' id='block_1_1' title="bbox 227 159 1701 255">
    <p class='ocr_par' dir='ltr' id='par_1_1' title="bbox 227 159 1701 255">
     <span class='ocr_line' id='line_1_1' title="bbox 227 159 1701 255; baseline -0.002 -31"><span class='ocrx_word' id='word_1_1' title='bbox 227 160 268 224; x_wconf 81' lang='lat'>⁶</span> <span class='ocrx_word' id='word_1_2' title='bbox 830 159 975 255; x_wconf 70' lang='lat' dir='ltr'><strong>rao</strong></span> <span class='ocrx_word' id='word_1_3' title='bbox 1008 161 1066 222; x_wconf 80' lang='grc' dir='ltr'><strong>Ρ.</strong></span> <span class='ocrx_word' id='word_1_4' title='bbox 1098 161 1365 223; x_wconf 76' lang='lat' dir='ltr'><strong>sEsno</strong></span> <span class='ocrx_word' id='word_1_5' title='bbox 1397 161 1701 224; x_wconf 55' lang='lat' dir='ltr'><strong>calmo.</strong></span> 
     </span>
    </p>
   </div>
   <div class='ocr_carea' id='block_1_2' title="bbox 177 310 2312 3482">
    <p class='ocr_par' dir='ltr' id='par_1_2' title="bbox 177 310 2310 3232">
     <span class='ocr_line' id='line_1_2' title="bbox 226 310 2298 388; baseline 0 -15"><span class='ocrx_word' id='word_1_6' title='bbox 226 311 288 373; x_wconf 89' lang='lat' dir='ltr'><strong>in</strong></span> <span class='ocrx_word' id='word_1_7' title='bbox 321 330 384 371; x_wconf 85' lang='lat' dir='ltr'><strong>rc</strong></span> <span class='ocrx_word' id='word_1_8' title='bbox 417 310 661 387; x_wconf 85' lang='lat' dir='ltr'><strong>publica</strong></span> <span class='ocrx_word' id='word_1_9' title='bbox 692 310 898 384; x_wconf 80' lang='lat' dir='ltr'><strong>virtus,</strong></span> <span class='ocrx_word' id='word_1_10' title='bbox 930 329 1049 372; x_wconf 89' lang='lat' dir='ltr'><strong>non</strong></span> <span class='ocrx_word' id='word_1_11' title='bbox 1084 331 1323 376; x_wconf 90' lang='lat' dir='ltr'><strong>summa</strong></span> <span class='ocrx_word' id='word_1_12' title='bbox 1348 313 1678 378; x_wconf 89' lang='lat' dir='ltr'><strong>auctoritas</strong></span> <span class='ocrx_word' id='word_1_13' title='bbox 1708 314 1874 388; x_wconf 89' lang='lat' dir='ltr'><strong>apud</strong></span> <span class='ocrx_word' id='word_1_14' title='bbox 1904 311 2142 387; x_wconf 76' lang='lat' dir='ltr'><strong>milites,</strong></span> <span class='ocrx_word' id='word_1_15' title='bbox 2178 330 2298 374; x_wconf 88' lang='lat' dir='ltr'><strong>non</strong></span> 
     </span>
     <span class='ocr_line' id='line_1_3' title="bbox 226 394 2300 471; baseline -0.001 -14"><span class='ocrx_word' id='word_1_16' title='bbox 226 394 521 457; x_wconf 86' lang='lat' dir='ltr'><strong>mirificus</strong></span> <span class='ocrx_word' id='word_1_17' title='bbox 554 411 706 455; x_wconf 89' lang='lat' dir='ltr'><strong>usus</strong></span> <span class='ocrx_word' id='word_1_18' title='bbox 741 394 802 455; x_wconf 90' lang='lat' dir='ltr'><strong>in</strong></span> <span class='ocrx_word' id='word_1_19' title='bbox 837 412 901 455; x_wconf 92' lang='lat' dir='ltr'><strong>re</strong></span> <span class='ocrx_word' id='word_1_20' title='bbox 938 396 1174 458; x_wconf 89' lang='lat' dir='ltr'><strong>militari</strong></span> <span class='ocrx_word' id='word_1_21' title='bbox 1210 398 1575 471; x_wconf 76' lang='lat' dir='ltr'><strong>exstitisset,</strong></span> <span class='ocrx_word' id='word_1_22' title='bbox 1623 414 1824 471; x_wconf 89' lang='lat' dir='ltr'><strong>neque</strong></span> <span class='ocrx_word' id='word_1_23' title='bbox 1866 396 2107 457; x_wconf 88' lang='lat' dir='ltr'><strong>adiutor</strong></span> <span class='ocrx_word' id='word_1_24' title='bbox 2148 397 2204 457; x_wconf 88' lang='lat' dir='ltr'><strong>ei</strong></span> <span class='ocrx_word' id='word_1_25' title='bbox 2237 398 2300 457; x_wconf 82' lang='lat' dir='ltr'><strong>P.</strong></span> 
     </span>
     <span class='ocr_line' id='line_1_4' title="bbox 226 479 2300 556; baseline 0 -16"><span class='ocrx_word' id='word_1_26' title='bbox 226 479 468 540; x_wconf 88' lang='lat' dir='ltr'><strong>Sestius</strong></span> <span class='ocrx_word' id='word_1_27' title='bbox 490 479 569 538; x_wconf 91' lang='lat' dir='ltr'><strong>ad</strong></span> <span class='ocrx_word' id='word_1_28' title='bbox 595 479 978 540; x_wconf 85' lang='lat' dir='ltr'><strong>excitandum</strong></span> <span class='ocrx_word' id='word_1_29' title='bbox 1001 481 1352 556; x_wconf 85' lang='lat' dir='ltr'><strong>Antonium,</strong></span> <span class='ocrx_word' id='word_1_30' title='bbox 1377 482 1836 551; x_wconf 89' lang='lat' dir='ltr'><strong>cohortandum,</strong></span> <span class='ocrx_word' id='word_1_31' title='bbox 1863 482 2300 552; x_wconf 87' lang='lat' dir='ltr'><strong>accusandum,</strong></span> 
     </span>
     <span class='ocr_line' id='line_1_5' title="bbox 225 561 2304 638; baseline 0 -15"><span class='ocrx_word' id='word_1_32' title='bbox 225 561 661 638; x_wconf 89' lang='lat' dir='ltr'><strong>impellendum</strong></span> <span class='ocrx_word' id='word_1_33' title='bbox 694 561 928 635; x_wconf 88' lang='lat' dir='ltr'><strong>fuisset,</strong></span> <span class='ocrx_word' id='word_1_34' title='bbox 968 565 1147 625; x_wconf 87' lang='lat' dir='ltr'><strong>datus</strong></span> <span class='ocrx_word' id='word_1_35' title='bbox 1176 565 1280 627; x_wconf 89' lang='lat' dir='ltr'><strong>illo</strong></span> <span class='ocrx_word' id='word_1_36' title='bbox 1311 566 1369 625; x_wconf 93' lang='lat' dir='ltr'><strong>in</strong></span> <span class='ocrx_word' id='word_1_37' title='bbox 1400 566 1560 625; x_wconf 89' lang='lat' dir='ltr'><strong>bello</strong></span> <span class='ocrx_word' id='word_1_38' title='bbox 1586 573 1754 624; x_wconf 91' lang='lat' dir='ltr'><strong>esset</strong></span> <span class='ocrx_word' id='word_1_39' title='bbox 1782 563 1964 624; x_wconf 86' lang='lat' dir='ltr'><strong>hiemi</strong></span> <span class='ocrx_word' id='word_1_40' title='bbox 1993 565 2166 624; x_wconf 85' lang='lat' dir='ltr'><strong>locus</strong></span> <span class='ocrx_word' id='word_1_41' title='bbox 2196 580 2304 624; x_wconf 87' lang='lat' dir='ltr'><strong>ne-</strong></span> 
     </span>
     <span class='ocr_line' id='line_1_6' title="bbox 230 645 2303 724; baseline -0.001 -16"><span class='ocrx_word' id='word_1_42' title='bbox 230 663 351 723; x_wconf 91' lang='lat' dir='ltr'><strong>que</strong></span> <span class='ocrx_word' id='word_1_43' title='bbox 382 662 666 721; x_wconf 87' lang='lat' dir='ltr'><strong>umquam</strong></span> <span class='ocrx_word' id='word_1_44' title='bbox 698 645 1164 719; x_wconf 83' lang='lat' dir='ltr'><strong>Catilina,quum</strong></span> <span class='ocrx_word' id='word_1_45' title='bbox 1195 663 1230 706; x_wconf 92' lang='lat' dir='ltr'><strong>e</strong></span> <span class='ocrx_word' id='word_1_46' title='bbox 1251 648 1472 722; x_wconf 90' lang='lat' dir='ltr'><strong>pruina</strong></span> <span class='ocrx_word' id='word_1_47' title='bbox 1490 647 1840 724; x_wconf 87' lang='lat' dir='ltr'><strong>Appennini</strong></span> <span class='ocrx_word' id='word_1_48' title='bbox 1862 654 2052 722; x_wconf 88' lang='lat' dir='ltr'><strong>atque</strong></span> <span class='ocrx_word' id='word_1_49' title='bbox 2074 662 2112 706; x_wconf 90' lang='lat' dir='ltr'><strong>e</strong></span> <span class='ocrx_word' id='word_1_50' title='bbox 2150 645 2303 707; x_wconf 87' lang='lat' dir='ltr'><strong>nivi-</strong></span> 
     </span>
     <span class='ocr_line' id='line_1_7' title="bbox 226 728 2302 806; baseline -0 -17"><span class='ocrx_word' id='word_1_51' title='bbox 226 730 345 791; x_wconf 87' lang='lat' dir='ltr'><strong>bus</strong></span> <span class='ocrx_word' id='word_1_52' title='bbox 389 728 507 789; x_wconf 90' lang='lat' dir='ltr'><strong>illis</strong></span> <span class='ocrx_word' id='word_1_53' title='bbox 550 728 906 790; x_wconf 87' lang='lat' dir='ltr'><strong>emersisset</strong></span> <span class='ocrx_word' id='word_1_54' title='bbox 944 738 1130 805; x_wconf 90' lang='lat' dir='ltr'><strong>atque</strong></span> <span class='ocrx_word' id='word_1_55' title='bbox 1173 739 1469 792; x_wconf 85' lang='lat' dir='ltr'><strong>aestatem</strong></span> <span class='ocrx_word' id='word_1_56' title='bbox 1495 729 1792 806; x_wconf 80' lang='lat' dir='ltr'><strong>integram</strong></span> <span class='ocrx_word' id='word_1_57' title='bbox 1820 730 2302 791; x_wconf 84' lang='lat' dir='ltr'><strong>nanctusltaliae</strong></span> 
     </span>
     <span class='ocr_line' id='line_1_8' title="bbox 229 811 2302 890; baseline -0.001 -16"><span class='ocrx_word' id='word_1_58' title='bbox 229 815 415 874; x_wconf 90' lang='lat' dir='ltr'><strong>calles</strong></span> <span class='ocrx_word' id='word_1_59' title='bbox 466 823 528 874; x_wconf 84' lang='lat' dir='ltr'><strong>et</strong></span> <span class='ocrx_word' id='word_1_60' title='bbox 576 821 886 888; x_wconf 87' lang='lat' dir='ltr'><strong>pastorum</strong></span> <span class='ocrx_word' id='word_1_61' title='bbox 933 815 1171 874; x_wconf 86' lang='lat' dir='ltr'><strong>stabula</strong></span> <span class='ocrx_word' id='word_1_62' title='bbox 1213 816 1529 890; x_wconf 87' lang='lat' dir='ltr'><strong>praeclara</strong></span> <span class='ocrx_word' id='word_1_63' title='bbox 1575 812 1873 888; x_wconf 85' lang='lat' dir='ltr'><strong>cepisset,</strong></span> <span class='ocrx_word' id='word_1_64' title='bbox 1927 811 2061 879; x_wconf 84' lang='lat' dir='ltr'><strong>sine</strong></span> <span class='ocrx_word' id='word_1_65' title='bbox 2114 814 2302 875; x_wconf 89' lang='lat' dir='ltr'><strong>multo</strong></span> 
     </span>
     <span class='ocr_line' id='line_1_9' title="bbox 229 895 2301 973; baseline -0.001 -15"><span class='ocrx_word' id='word_1_66' title='bbox 229 896 528 973; x_wconf 86' lang='lat' dir='ltr'><strong>sanguine</strong></span> <span class='ocrx_word' id='word_1_67' title='bbox 561 913 634 956; x_wconf 87' lang='lat' dir='ltr'><strong>ac</strong></span> <span class='ocrx_word' id='word_1_68' title='bbox 675 896 807 956; x_wconf 88' lang='lat' dir='ltr'><strong>sine</strong></span> <span class='ocrx_word' id='word_1_69' title='bbox 849 897 1031 956; x_wconf 90' lang='lat' dir='ltr'><strong>totius</strong></span> <span class='ocrx_word' id='word_1_70' title='bbox 1062 897 1269 958; x_wconf 88' lang='lat' dir='ltr'><strong>ltaliae</strong></span> <span class='ocrx_word' id='word_1_71' title='bbox 1306 897 1586 958; x_wconf 81' lang='lat' dir='ltr'><strong>vastitate</strong></span> <span class='ocrx_word' id='word_1_72' title='bbox 1629 895 1967 956; x_wconf 90' lang='lat' dir='ltr'><strong>miserrima</strong></span> <span class='ocrx_word' id='word_1_73' title='bbox 1997 896 2301 956; x_wconf 87' lang='lat' dir='ltr'><strong>concidis·</strong></span> 
     </span>
     <span class='ocr_line' id='line_1_10' title="bbox 228 978 2301 1053; baseline -0.001 -12"><span class='ocrx_word' id='word_1_74' title='bbox 228 990 341 1041; x_wconf 88' lang='lat' dir='ltr'><strong>set.</strong></span> <span class='ocrx_word' id='word_1_75' title='bbox 398 978 493 1041; x_wconf 88' lang='grc'><strong>13.</strong></span> <span class='ocrx_word' id='word_1_76' title='bbox 526 981 702 1039; x_wconf 88' lang='lat' dir='ltr'><strong>Hunc</strong></span> <span class='ocrx_word' id='word_1_77' title='bbox 731 979 911 1053; x_wconf 84' lang='lat' dir='ltr'><strong>igitur</strong></span> <span class='ocrx_word' id='word_1_78' title='bbox 940 980 1206 1041; x_wconf 89' lang='lat' dir='ltr'><strong>animum</strong></span> <span class='ocrx_word' id='word_1_79' title='bbox 1237 980 1436 1041; x_wconf 89' lang='lat' dir='ltr'><strong>attulit</strong></span> <span class='ocrx_word' id='word_1_80' title='bbox 1456 979 1537 1040; x_wconf 92' lang='lat' dir='ltr'><strong>ad</strong></span> <span class='ocrx_word' id='word_1_81' title='bbox 1566 979 1929 1041; x_wconf 87' lang='lat' dir='ltr'><strong>tribunatum</strong></span> <span class='ocrx_word' id='word_1_82' title='bbox 1955 981 2016 1040; x_wconf 87' lang='lat' dir='ltr'><strong>P.</strong></span> <span class='ocrx_word' id='word_1_83' title='bbox 2044 978 2301 1051; x_wconf 80' lang='lat' dir='ltr'><strong>SestiuS,</strong></span> 
     </span>
     <span class='ocr_line' id='line_1_11' title="bbox 227 1062 2301 1140; baseline -0.001 -16"><span class='ocrx_word' id='word_1_84' title='bbox 227 1073 296 1124; x_wconf 89' lang='lat' dir='ltr'><strong>ut</strong></span> <span class='ocrx_word' id='word_1_85' title='bbox 339 1071 730 1139; x_wconf 80' lang='lat' dir='ltr'><strong>quaesturam</strong></span> <span class='ocrx_word' id='word_1_86' title='bbox 759 1063 1161 1125; x_wconf 76' lang='lat' dir='ltr'><strong>Macedoniae</strong></span> <span class='ocrx_word' id='word_1_87' title='bbox 1201 1064 1541 1140; x_wconf 81' lang='lat' dir='ltr'><strong>relinquam</strong></span> <span class='ocrx_word' id='word_1_88' title='bbox 1573 1071 1634 1123; x_wconf 92' lang='lat' dir='ltr'><strong>et</strong></span> <span class='ocrx_word' id='word_1_89' title='bbox 1674 1063 2003 1139; x_wconf 91' lang='lat' dir='ltr'><strong>aliquando</strong></span> <span class='ocrx_word' id='word_1_90' title='bbox 2035 1063 2114 1123; x_wconf 93' lang='lat' dir='ltr'><strong>ad</strong></span> <span class='ocrx_word' id='word_1_91' title='bbox 2148 1062 2301 1122; x_wconf 85' lang='lat' dir='ltr'><strong>haec</strong></span> 
     </span>
     <span class='ocr_line' id='line_1_12' title="bbox 231 1144 2301 1224; baseline 0 -18"><span class='ocrx_word' id='word_1_92' title='bbox 231 1146 520 1222; x_wconf 86' lang='lat' dir='ltr'><strong>propiora</strong></span> <span class='ocrx_word' id='word_1_93' title='bbox 558 1145 828 1207; x_wconf 81' lang='lat' dir='ltr'><strong>veniam=</strong></span> <span class='ocrx_word' id='word_1_94' title='bbox 889 1165 1253 1224; x_wconf 86' lang='lat' dir='ltr'><strong>quamquam</strong></span> <span class='ocrx_word' id='word_1_95' title='bbox 1302 1165 1421 1208; x_wconf 93' lang='lat' dir='ltr'><strong>non</strong></span> <span class='ocrx_word' id='word_1_96' title='bbox 1467 1155 1566 1208; x_wconf 88' lang='lat' dir='ltr'><strong>est</strong></span> <span class='ocrx_word' id='word_1_97' title='bbox 1606 1146 1934 1208; x_wconf 87' lang='lat' dir='ltr'><strong>omittenda</strong></span> <span class='ocrx_word' id='word_1_98' title='bbox 1974 1144 2301 1220; x_wconf 83' lang='lat' dir='ltr'><strong>singularis</strong></span> 
     </span>
     <span class='ocr_line' id='line_1_13' title="bbox 227 1226 2300 1307; baseline -0.001 -17"><span class='ocrx_word' id='word_1_99' title='bbox 227 1233 329 1291; x_wconf 90' lang='lat' dir='ltr'><strong>illa</strong></span> <span class='ocrx_word' id='word_1_100' title='bbox 374 1230 685 1307; x_wconf 82' lang='lat' dir='ltr'><strong>integritas</strong></span> <span class='ocrx_word' id='word_1_101' title='bbox 729 1232 1155 1306; x_wconf 80' lang='lat' dir='ltr'><strong>provincialis,</strong></span> <span class='ocrx_word' id='word_1_102' title='bbox 1211 1231 1387 1293; x_wconf 90' lang='lat' dir='ltr'><strong>cuius</strong></span> <span class='ocrx_word' id='word_1_103' title='bbox 1430 1247 1546 1306; x_wconf 82' lang='lat' dir='ltr'><strong>ego</strong></span> <span class='ocrx_word' id='word_1_104' title='bbox 1597 1247 1797 1306; x_wconf 85' lang='lat' dir='ltr'><strong>nuper</strong></span> <span class='ocrx_word' id='word_1_105' title='bbox 1836 1232 1893 1290; x_wconf 92' lang='lat' dir='ltr'><strong>in</strong></span> <span class='ocrx_word' id='word_1_106' title='bbox 1939 1226 2300 1289; x_wconf 87' lang='lat' dir='ltr'><strong>Macedonia</strong></span> 
     </span>
     <span class='ocr_line' id='line_1_14' title="bbox 177 1312 2299 1390; baseline -0 -17"><span class='ocrx_word' id='word_1_107' title='bbox 177 1313 183 1317; x_wconf 78' lang='grc'><strong>’</strong></span> <span class='ocrx_word' id='word_1_108' title='bbox 227 1314 355 1375; x_wconf 74' lang='lat' dir='ltr'><strong>vidi</strong></span> <span class='ocrx_word' id='word_1_109' title='bbox 409 1313 666 1390; x_wconf 84' lang='lat' dir='ltr'><strong>vestigia</strong></span> <span class='ocrx_word' id='word_1_110' title='bbox 715 1332 834 1375; x_wconf 91' lang='lat' dir='ltr'><strong>non</strong></span> <span class='ocrx_word' id='word_1_111' title='bbox 888 1332 1107 1390; x_wconf 87' lang='lat' dir='ltr'><strong>pressa</strong></span> <span class='ocrx_word' id='word_1_112' title='bbox 1149 1315 1365 1376; x_wconf 87' lang='lat' dir='ltr'><strong>leviter</strong></span> <span class='ocrx_word' id='word_1_113' title='bbox 1407 1315 1487 1375; x_wconf 89' lang='lat' dir='ltr'><strong>ad</strong></span> <span class='ocrx_word' id='word_1_114' title='bbox 1536 1313 1744 1390; x_wconf 87' lang='lat' dir='ltr'><strong>exigui</strong></span> <span class='ocrx_word' id='word_1_115' title='bbox 1788 1312 2299 1390; x_wconf 83' lang='lat' dir='ltr'><strong>praedicationem</strong></span> 
     </span>
     <span class='ocr_line' id='line_1_15' title="bbox 228 1396 2300 1475; baseline -0.002 -15"><span class='ocrx_word' id='word_1_116' title='bbox 228 1398 554 1475; x_wconf 76' lang='lat' dir='ltr'><strong>temporiS,</strong></span> <span class='ocrx_word' id='word_1_117' title='bbox 598 1400 709 1459; x_wconf 88' lang='lat' dir='ltr'><strong>sed</strong></span> <span class='ocrx_word' id='word_1_118' title='bbox 754 1400 874 1459; x_wconf 85' lang='lat' dir='ltr'><strong>fixa</strong></span> <span class='ocrx_word' id='word_1_119' title='bbox 909 1400 984 1459; x_wconf 91' lang='lat' dir='ltr'><strong>ad</strong></span> <span class='ocrx_word' id='word_1_120' title='bbox 1023 1398 1373 1460; x_wconf 87' lang='lat' dir='ltr'><strong>memoriam</strong></span> <span class='ocrx_word' id='word_1_121' title='bbox 1405 1398 1565 1459; x_wconf 90' lang='lat' dir='ltr'><strong>illius</strong></span> <span class='ocrx_word' id='word_1_122' title='bbox 1605 1397 1957 1473; x_wconf 87' lang='lat' dir='ltr'><strong>provinciae</strong></span> <span class='ocrx_word' id='word_1_123' title='bbox 1987 1396 2300 1472; x_wconf 88' lang='lat' dir='ltr'><strong>sempiter—</strong></span> 
     </span>
     <span class='ocr_line' id='line_1_16' title="bbox 226 1480 2302 1557; baseline -0.001 -14"><span class='ocrx_word' id='word_1_124' title='bbox 226 1500 398 1543; x_wconf 72' lang='lat' dir='ltr'><strong>namz</strong></span> <span class='ocrx_word' id='word_1_125' title='bbox 447 1499 660 1543; x_wconf 89' lang='lat' dir='ltr'><strong>verum</strong></span> <span class='ocrx_word' id='word_1_126' title='bbox 701 1482 853 1542; x_wconf 90' lang='lat' dir='ltr'><strong>hacc</strong></span> <span class='ocrx_word' id='word_1_127' title='bbox 896 1483 977 1543; x_wconf 91' lang='lat' dir='ltr'><strong>ita</strong></span> <span class='ocrx_word' id='word_1_128' title='bbox 1019 1491 1505 1557; x_wconf 86' lang='lat' dir='ltr'><strong>praetereamus,</strong></span> <span class='ocrx_word' id='word_1_129' title='bbox 1551 1490 1617 1542; x_wconf 89' lang='lat' dir='ltr'><strong>ut</strong></span> <span class='ocrx_word' id='word_1_130' title='bbox 1655 1490 1854 1542; x_wconf 89' lang='lat' dir='ltr'><strong>tamen</strong></span> <span class='ocrx_word' id='word_1_131' title='bbox 1896 1480 2200 1541; x_wconf 88' lang='lat' dir='ltr'><strong>intuentes</strong></span> <span class='ocrx_word' id='word_1_132' title='bbox 2242 1487 2302 1541; x_wconf 89' lang='lat' dir='ltr'><strong>et</strong></span> 
     </span>
     <span class='ocr_line' id='line_1_17' title="bbox 227 1564 2302 1643; baseline -0.001 -17"><span class='ocrx_word' id='word_1_133' title='bbox 227 1574 648 1643; x_wconf 88' lang='lat' dir='ltr'><strong>respectantes</strong></span> <span class='ocrx_word' id='word_1_134' title='bbox 687 1566 1132 1642; x_wconf 78' lang='lat' dir='ltr'><strong>relinquamus:</strong></span> <span class='ocrx_word' id='word_1_135' title='bbox 1180 1567 1282 1624; x_wconf 80' lang='lat' dir='ltr'><strong>vl.</strong></span> <span class='ocrx_word' id='word_1_136' title='bbox 1327 1567 1408 1626; x_wconf 91' lang='lat' dir='ltr'><strong>ad</strong></span> <span class='ocrx_word' id='word_1_137' title='bbox 1452 1565 1845 1636; x_wconf 89' lang='lat' dir='ltr'><strong>tribunatum,</strong></span> <span class='ocrx_word' id='word_1_138' title='bbox 1900 1564 2006 1639; x_wconf 87' lang='lat' dir='ltr'><strong>qui</strong></span> <span class='ocrx_word' id='word_1_139' title='bbox 2045 1564 2181 1640; x_wconf 87' lang='lat' dir='ltr'><strong>ipse</strong></span> <span class='ocrx_word' id='word_1_140' title='bbox 2222 1564 2302 1623; x_wconf 84' lang='lat' dir='ltr'><strong>ad</strong></span> 
     </span>
     <span class='ocr_line' id='line_1_18' title="bbox 228 1647 2299 1724; baseline -0.002 -13"><span class='ocrx_word' id='word_1_141' title='bbox 228 1668 372 1711; x_wconf 88' lang='lat' dir='ltr'><strong>sese</strong></span> <span class='ocrx_word' id='word_1_142' title='bbox 406 1652 523 1709; x_wconf 89' lang='lat' dir='ltr'><strong>iam</strong></span> <span class='ocrx_word' id='word_1_143' title='bbox 556 1649 784 1708; x_wconf 87' lang='lat' dir='ltr'><strong>dudum</strong></span> <span class='ocrx_word' id='word_1_144' title='bbox 817 1657 997 1709; x_wconf 85' lang='lat' dir='ltr'><strong>vocat</strong></span> <span class='ocrx_word' id='word_1_145' title='bbox 1038 1658 1098 1709; x_wconf 91' lang='lat' dir='ltr'><strong>et</strong></span> <span class='ocrx_word' id='word_1_146' title='bbox 1129 1650 1394 1724; x_wconf 89' lang='lat' dir='ltr'><strong>quodam</strong></span> <span class='ocrx_word' id='word_1_147' title='bbox 1427 1651 1610 1711; x_wconf 90' lang='lat' dir='ltr'><strong>modo</strong></span> <span class='ocrx_word' id='word_1_148' title='bbox 1642 1650 1932 1709; x_wconf 87' lang='lat' dir='ltr'><strong>absorbet</strong></span> <span class='ocrx_word' id='word_1_149' title='bbox 1966 1647 2299 1709; x_wconf 88' lang='lat' dir='ltr'><strong>orationem</strong></span> 
     </span>
     <span class='ocr_line' id='line_1_19' title="bbox 228 1730 2302 1808; baseline -0.001 -15"><span class='ocrx_word' id='word_1_150' title='bbox 228 1749 426 1793; x_wconf 89' lang='lat' dir='ltr'><strong>meam</strong></span> <span class='ocrx_word' id='word_1_151' title='bbox 445 1778 460 1805; x_wconf 95' lang='lat'><strong>,</strong></span> <span class='ocrx_word' id='word_1_152' title='bbox 497 1739 783 1793; x_wconf 90' lang='lat' dir='ltr'><strong>contento</strong></span> <span class='ocrx_word' id='word_1_153' title='bbox 807 1733 1011 1794; x_wconf 88' lang='lat' dir='ltr'><strong>studio</strong></span> <span class='ocrx_word' id='word_1_154' title='bbox 1037 1748 1349 1808; x_wconf 87' lang='lat' dir='ltr'><strong>cursuque</strong></span> <span class='ocrx_word' id='word_1_155' title='bbox 1371 1732 1709 1793; x_wconf 90' lang='lat' dir='ltr'><strong>veniamus.</strong></span> <span class='ocrx_word' id='word_1_156' title='bbox 1773 1730 1872 1793; x_wconf 84' lang='lat'><strong>14.</strong></span> <span class='ocrx_word' id='word_1_157' title='bbox 1902 1732 1991 1792; x_wconf 89' lang='lat' dir='ltr'><strong>De</strong></span> <span class='ocrx_word' id='word_1_158' title='bbox 2022 1750 2145 1807; x_wconf 86' lang='lat' dir='ltr'><strong>quo</strong></span> <span class='ocrx_word' id='word_1_159' title='bbox 2171 1731 2302 1806; x_wconf 89' lang='lat' dir='ltr'><strong>qui-</strong></span> 
     </span>
     <span class='ocr_line' id='line_1_20' title="bbox 229 1814 2301 1890; baseline -0 -14"><span class='ocrx_word' id='word_1_160' title='bbox 229 1817 367 1877; x_wconf 89' lang='lat' dir='ltr'><strong>dem</strong></span> <span class='ocrx_word' id='word_1_161' title='bbox 402 1815 703 1876; x_wconf 88' lang='lat' dir='ltr'><strong>tribunatu</strong></span> <span class='ocrx_word' id='word_1_162' title='bbox 732 1814 814 1877; x_wconf 89' lang='lat' dir='ltr'><strong>ita</strong></span> <span class='ocrx_word' id='word_1_163' title='bbox 843 1817 1068 1877; x_wconf 89' lang='lat' dir='ltr'><strong>dictum</strong></span> <span class='ocrx_word' id='word_1_164' title='bbox 1104 1834 1140 1876; x_wconf 88' lang='lat' dir='ltr'><strong>a</strong></span> <span class='ocrx_word' id='word_1_165' title='bbox 1170 1816 1236 1890; x_wconf 83' lang='lat' dir='ltr'><strong>Q.</strong></span> <span class='ocrx_word' id='word_1_166' title='bbox 1272 1816 1598 1878; x_wconf 88' lang='lat' dir='ltr'><strong>Hortensio</strong></span> <span class='ocrx_word' id='word_1_167' title='bbox 1643 1824 1767 1889; x_wconf 90' lang='lat' dir='ltr'><strong>est,</strong></span> <span class='ocrx_word' id='word_1_168' title='bbox 1803 1824 1885 1876; x_wconf 80' lang='lat' dir='ltr'><strong>·ut</strong></span> <span class='ocrx_word' id='word_1_169' title='bbox 1928 1816 2062 1876; x_wconf 90' lang='lat' dir='ltr'><strong>eius</strong></span> <span class='ocrx_word' id='word_1_170' title='bbox 2108 1814 2301 1877; x_wconf 86' lang='lat' dir='ltr'><strong>oratio</strong></span> 
     </span>
     <span class='ocr_line' id='line_1_21' title="bbox 228 1897 2300 1974; baseline 0 -16"><span class='ocrx_word' id='word_1_171' title='bbox 228 1917 349 1960; x_wconf 91' lang='lat' dir='ltr'><strong>non</strong></span> <span class='ocrx_word' id='word_1_172' title='bbox 394 1897 817 1960; x_wconf 81' lang='lat' dir='ltr'><strong>defensionem</strong></span> <span class='ocrx_word' id='word_1_173' title='bbox 860 1900 1043 1961; x_wconf 90' lang='lat' dir='ltr'><strong>modo</strong></span> <span class='ocrx_word' id='word_1_174' title='bbox 1089 1900 1397 1962; x_wconf 89' lang='lat' dir='ltr'><strong>videretur</strong></span> <span class='ocrx_word' id='word_1_175' title='bbox 1441 1900 1757 1961; x_wconf 88' lang='lat' dir='ltr'><strong>criminum</strong></span> <span class='ocrx_word' id='word_1_176' title='bbox 1800 1898 2142 1974; x_wconf 88' lang='lat' dir='ltr'><strong>continere,</strong></span> <span class='ocrx_word' id='word_1_177' title='bbox 2190 1899 2300 1959; x_wconf 91' lang='lat' dir='ltr'><strong>sed</strong></span> 
     </span>
     <span class='ocr_line' id='line_1_22' title="bbox 229 1983 2305 2062; baseline -0.001 -18"><span class='ocrx_word' id='word_1_178' title='bbox 229 1984 406 2044; x_wconf 89' lang='lat' dir='ltr'><strong>ctiam</strong></span> <span class='ocrx_word' id='word_1_179' title='bbox 450 1983 742 2045; x_wconf 90' lang='lat' dir='ltr'><strong>memoria</strong></span> <span class='ocrx_word' id='word_1_180' title='bbox 781 1985 1025 2062; x_wconf 82' lang='lat' dir='ltr'><strong>dignam</strong></span> <span class='ocrx_word' id='word_1_181' title='bbox 1072 1984 1366 2047; x_wconf 89' lang='lat' dir='ltr'><strong>iuventuti</strong></span> <span class='ocrx_word' id='word_1_182' title='bbox 1415 1984 1504 2050; x_wconf 90' lang='lat' dir='ltr'><strong>rei</strong></span> <span class='ocrx_word' id='word_1_183' title='bbox 1555 1983 1836 2060; x_wconf 87' lang='lat' dir='ltr'><strong>publicae</strong></span> <span class='ocrx_word' id='word_1_184' title='bbox 1879 1984 2305 2059; x_wconf 85' lang='lat' dir='ltr'><strong>capessendae</strong></span> 
     </span>
     <span class='ocr_line' id='line_1_23' title="bbox 228 2067 2303 2145; baseline -0 -18"><span class='ocrx_word' id='word_1_185' title='bbox 228 2068 644 2130; x_wconf 78' lang='lat' dir='ltr'><strong>auctoritatem</strong></span> <span class='ocrx_word' id='word_1_186' title='bbox 669 2067 1180 2145; x_wconf 88' lang='lat' dir='ltr'><strong>disciplinamque</strong></span> <span class='ocrx_word' id='word_1_187' title='bbox 1205 2070 1647 2145; x_wconf 88' lang='lat' dir='ltr'><strong>praescribere.</strong></span> <span class='ocrx_word' id='word_1_188' title='bbox 1700 2068 1824 2129; x_wconf 89' lang='lat' dir='ltr'><strong>Sed</strong></span> <span class='ocrx_word' id='word_1_189' title='bbox 1851 2077 2077 2142; x_wconf 90' lang='lat' dir='ltr'><strong>tamen,</strong></span> <span class='ocrx_word' id='word_1_190' title='bbox 2109 2083 2303 2142; x_wconf 88' lang='lat' dir='ltr'><strong>quon-</strong></span> 
     </span>
     <span class='ocr_line' id='line_1_24' title="bbox 228 2150 2300 2214; baseline -0 -2"><span class='ocrx_word' id='word_1_191' title='bbox 228 2152 345 2212; x_wconf 88' lang='lat' dir='ltr'><strong>iam</strong></span> <span class='ocrx_word' id='word_1_192' title='bbox 399 2150 736 2213; x_wconf 88' lang='lat' dir='ltr'><strong>tribunatus</strong></span> <span class='ocrx_word' id='word_1_193' title='bbox 792 2162 953 2214; x_wconf 89' lang='lat' dir='ltr'><strong>totus</strong></span> <span class='ocrx_word' id='word_1_194' title='bbox 1006 2154 1068 2212; x_wconf 88' lang='lat' dir='ltr'><strong>P.</strong></span> <span class='ocrx_word' id='word_1_195' title='bbox 1113 2152 1297 2213; x_wconf 88' lang='lat' dir='ltr'><strong>Sestii</strong></span> <span class='ocrx_word' id='word_1_196' title='bbox 1353 2151 1499 2213; x_wconf 80' lang='lat' dir='ltr'><strong>nihil</strong></span> <span class='ocrx_word' id='word_1_197' title='bbox 1550 2152 1711 2212; x_wconf 88' lang='lat' dir='ltr'><strong>aliud</strong></span> <span class='ocrx_word' id='word_1_198' title='bbox 1773 2151 1891 2212; x_wconf 86' lang='lat' dir='ltr'><strong>nisi</strong></span> <span class='ocrx_word' id='word_1_199' title='bbox 1943 2168 2141 2212; x_wconf 90' lang='lat' dir='ltr'><strong>meum</strong></span> <span class='ocrx_word' id='word_1_200' title='bbox 2195 2167 2300 2211; x_wconf 88' lang='lat' dir='ltr'><strong>no-</strong></span> 
     </span>
     <span class='ocr_line' id='line_1_25' title="bbox 228 2234 2302 2311; baseline 0 -17"><span class='ocrx_word' id='word_1_201' title='bbox 228 2252 366 2295; x_wconf 90' lang='lat' dir='ltr'><strong>men</strong></span> <span class='ocrx_word' id='word_1_202' title='bbox 405 2251 778 2311; x_wconf 86' lang='lat' dir='ltr'><strong>causamque</strong></span> <span class='ocrx_word' id='word_1_203' title='bbox 813 2236 1129 2308; x_wconf 87' lang='lat' dir='ltr'><strong>sustinuit,</strong></span> <span class='ocrx_word' id='word_1_204' title='bbox 1174 2235 1529 2298; x_wconf 87' lang='lat' dir='ltr'><strong>necessario</strong></span> <span class='ocrx_word' id='word_1_205' title='bbox 1572 2234 1717 2296; x_wconf 87' lang='lat' dir='ltr'><strong>mihi</strong></span> <span class='ocrx_word' id='word_1_206' title='bbox 1753 2237 1830 2295; x_wconf 89' lang='lat' dir='ltr'><strong>de</strong></span> <span class='ocrx_word' id='word_1_207' title='bbox 1864 2235 2079 2296; x_wconf 89' lang='lat' dir='ltr'><strong>iisdem</strong></span> <span class='ocrx_word' id='word_1_208' title='bbox 2114 2234 2302 2295; x_wconf 91' lang='lat' dir='ltr'><strong>rebus</strong></span> 
     </span>
     <span class='ocr_line' id='line_1_26' title="bbox 229 2318 2301 2396; baseline -0.001 -17"><span class='ocrx_word' id='word_1_209' title='bbox 229 2336 371 2379; x_wconf 90' lang='lat' dir='ltr'><strong>esse</strong></span> <span class='ocrx_word' id='word_1_210' title='bbox 395 2318 669 2393; x_wconf 88' lang='lat' dir='ltr'><strong>arbitror,</strong></span> <span class='ocrx_word' id='word_1_211' title='bbox 704 2318 757 2379; x_wconf 91' lang='lat' dir='ltr'><strong>si</strong></span> <span class='ocrx_word' id='word_1_212' title='bbox 780 2336 902 2380; x_wconf 88' lang='lat' dir='ltr'><strong>non</strong></span> <span class='ocrx_word' id='word_1_213' title='bbox 931 2320 1212 2381; x_wconf 91' lang='lat' dir='ltr'><strong>subtilius</strong></span> <span class='ocrx_word' id='word_1_214' title='bbox 1236 2318 1691 2396; x_wconf 87' lang='lat' dir='ltr'><strong>disputandum,</strong></span> <span class='ocrx_word' id='word_1_215' title='bbox 1721 2328 1781 2380; x_wconf 90' lang='lat' dir='ltr'><strong>at</strong></span> <span class='ocrx_word' id='word_1_216' title='bbox 1805 2327 1969 2379; x_wconf 88' lang='lat' dir='ltr'><strong>certe</strong></span> <span class='ocrx_word' id='word_1_217' title='bbox 1993 2319 2301 2380; x_wconf 83' lang='lat' dir='ltr'><strong>dolentius</strong></span> 
     </span>
     <span class='ocr_line' id='line_1_27' title="bbox 230 2402 2302 2484; baseline 0 -23"><span class='ocrx_word' id='word_1_218' title='bbox 230 2403 695 2477; x_wconf 80' lang='lat' dir='ltr'><strong>deplorandum.</strong></span> <span class='ocrx_word' id='word_1_219' title='bbox 758 2402 890 2478; x_wconf 80' lang='lat' dir='ltr'><strong>Qua</strong></span> <span class='ocrx_word' id='word_1_220' title='bbox 931 2405 991 2464; x_wconf 88' lang='lat' dir='ltr'><strong>in</strong></span> <span class='ocrx_word' id='word_1_221' title='bbox 1034 2403 1311 2465; x_wconf 90' lang='lat' dir='ltr'><strong>oratione</strong></span> <span class='ocrx_word' id='word_1_222' title='bbox 1346 2403 1398 2465; x_wconf 91' lang='lat' dir='ltr'><strong>si</strong></span> <span class='ocrx_word' id='word_1_223' title='bbox 1440 2405 1723 2484; x_wconf 86' lang='lat' dir='ltr'><strong>asperius</strong></span> <span class='ocrx_word' id='word_1_224' title='bbox 1755 2402 1814 2462; x_wconf 91' lang='lat' dir='ltr'><strong>in</strong></span> <span class='ocrx_word' id='word_1_225' title='bbox 1857 2402 2158 2479; x_wconf 89' lang='lat' dir='ltr'><strong>quosdam</strong></span> <span class='ocrx_word' id='word_1_226' title='bbox 2194 2402 2302 2462; x_wconf 89' lang='lat' dir='ltr'><strong>ho-</strong></span> 
     </span>
     <span class='ocr_line' id='line_1_28' title="bbox 231 2485 2303 2564; baseline 0 -19"><span class='ocrx_word' id='word_1_227' title='bbox 231 2486 424 2547; x_wconf 85' lang='lat' dir='ltr'><strong>mines</strong></span> <span class='ocrx_word' id='word_1_228' title='bbox 455 2485 659 2547; x_wconf 87' lang='lat' dir='ltr'><strong>invehi</strong></span> <span class='ocrx_word' id='word_1_229' title='bbox 692 2488 940 2562; x_wconf 84' lang='lat' dir='ltr'><strong>vellem,</strong></span> <span class='ocrx_word' id='word_1_230' title='bbox 989 2486 1127 2564; x_wconf 90' lang='lat' dir='ltr'><strong>quis</strong></span> <span class='ocrx_word' id='word_1_231' title='bbox 1159 2505 1279 2548; x_wconf 88' lang='lat' dir='ltr'><strong>non</strong></span> <span class='ocrx_word' id='word_1_232' title='bbox 1313 2487 1709 2557; x_wconf 85' lang='lat' dir='ltr'><strong>concederet,</strong></span> <span class='ocrx_word' id='word_1_233' title='bbox 1758 2495 1825 2547; x_wconf 89' lang='lat' dir='ltr'><strong>ut</strong></span> <span class='ocrx_word' id='word_1_234' title='bbox 1852 2502 1995 2557; x_wconf 80' lang='lat' dir='ltr'><strong>eOS,</strong></span> <span class='ocrx_word' id='word_1_235' title='bbox 2043 2502 2303 2561; x_wconf 86' lang='lat' dir='ltr'><strong>quorum</strong></span> 
     </span>
     <span class='ocr_line' id='line_1_29' title="bbox 230 2569 2308 2646; baseline -0 -17"><span class='ocrx_word' id='word_1_236' title='bbox 230 2570 484 2631; x_wconf 90' lang='lat' dir='ltr'><strong>sceleris</strong></span> <span class='ocrx_word' id='word_1_237' title='bbox 507 2570 713 2632; x_wconf 89' lang='lat' dir='ltr'><strong>furore</strong></span> <span class='ocrx_word' id='word_1_238' title='bbox 734 2570 999 2633; x_wconf 86' lang='lat' dir='ltr'><strong>violatus</strong></span> <span class='ocrx_word' id='word_1_239' title='bbox 1023 2588 1226 2632; x_wconf 88' lang='lat' dir='ltr'><strong>essem</strong></span> <span class='ocrx_word' id='word_1_240' title='bbox 1244 2618 1261 2646; x_wconf 95' lang='lat'><strong>,</strong></span> <span class='ocrx_word' id='word_1_241' title='bbox 1292 2572 1467 2633; x_wconf 84' lang='lat' dir='ltr'><strong>vocis</strong></span> <span class='ocrx_word' id='word_1_242' title='bbox 1493 2569 1766 2641; x_wconf 83' lang='lat' dir='ltr'><strong>libertate</strong></span> <span class='ocrx_word' id='word_1_243' title='bbox 1795 2569 2308 2645; x_wconf 67' lang='lat' dir='ltr'><strong>perstringerem?</strong></span> 
     </span>
     <span class='ocr_line' id='line_1_30' title="bbox 230 2652 2307 2731; baseline -0.001 -17"><span class='ocrx_word' id='word_1_244' title='bbox 230 2653 353 2715; x_wconf 90' lang='lat' dir='ltr'><strong>Sed</strong></span> <span class='ocrx_word' id='word_1_245' title='bbox 387 2671 563 2731; x_wconf 83' lang='lat' dir='ltr'><strong>agam</strong></span> <span class='ocrx_word' id='word_1_246' title='bbox 605 2655 918 2716; x_wconf 88' lang='lat' dir='ltr'><strong>moderate</strong></span> <span class='ocrx_word' id='word_1_247' title='bbox 959 2664 1018 2716; x_wconf 92' lang='lat' dir='ltr'><strong>et</strong></span> <span class='ocrx_word' id='word_1_248' title='bbox 1059 2653 1241 2715; x_wconf 88' lang='lat' dir='ltr'><strong>huius</strong></span> <span class='ocrx_word' id='word_1_249' title='bbox 1274 2653 1479 2729; x_wconf 87' lang='lat' dir='ltr'><strong>potius</strong></span> <span class='ocrx_word' id='word_1_250' title='bbox 1522 2655 1781 2729; x_wconf 90' lang='lat' dir='ltr'><strong>tempori</strong></span> <span class='ocrx_word' id='word_1_251' title='bbox 1825 2652 2087 2713; x_wconf 90' lang='lat' dir='ltr'><strong>serviam</strong></span> <span class='ocrx_word' id='word_1_252' title='bbox 2123 2668 2307 2728; x_wconf 90' lang='lat' dir='ltr'><strong>quam</strong></span> 
     </span>
     <span class='ocr_line' id='line_1_31' title="bbox 230 2735 2306 2815; baseline -0 -18"><span class='ocrx_word' id='word_1_253' title='bbox 230 2738 426 2798; x_wconf 90' lang='lat' dir='ltr'><strong>dolori</strong></span> <span class='ocrx_word' id='word_1_254' title='bbox 470 2755 642 2800; x_wconf 81' lang='lat' dir='ltr'><strong>meo=</strong></span> <span class='ocrx_word' id='word_1_255' title='bbox 695 2738 748 2799; x_wconf 92' lang='lat' dir='ltr'><strong>si</strong></span> <span class='ocrx_word' id='word_1_256' title='bbox 793 2738 899 2815; x_wconf 93' lang='lat' dir='ltr'><strong>qui</strong></span> <span class='ocrx_word' id='word_1_257' title='bbox 944 2739 1182 2801; x_wconf 84' lang='lat' dir='ltr'><strong>occulte</strong></span> <span class='ocrx_word' id='word_1_258' title='bbox 1220 2755 1257 2798; x_wconf 88' lang='lat' dir='ltr'><strong>a</strong></span> <span class='ocrx_word' id='word_1_259' title='bbox 1300 2738 1496 2799; x_wconf 85' lang='lat' dir='ltr'><strong>salute</strong></span> <span class='ocrx_word' id='word_1_260' title='bbox 1525 2747 1736 2799; x_wconf 85' lang='lat' dir='ltr'><strong>nostra</strong></span> <span class='ocrx_word' id='word_1_261' title='bbox 1766 2735 2163 2809; x_wconf 89' lang='lat' dir='ltr'><strong>dissentiunt,</strong></span> <span class='ocrx_word' id='word_1_262' title='bbox 2221 2737 2306 2796; x_wconf 87' lang='lat' dir='ltr'><strong>la·</strong></span> 
     </span>
     <span class='ocr_line' id='line_1_32' title="bbox 232 2819 2305 2898; baseline -0 -18"><span class='ocrx_word' id='word_1_263' title='bbox 232 2830 423 2882; x_wconf 80' lang='lat' dir='ltr'><strong>teant=</strong></span> <span class='ocrx_word' id='word_1_264' title='bbox 478 2823 531 2882; x_wconf 92' lang='lat' dir='ltr'><strong>si</strong></span> <span class='ocrx_word' id='word_1_265' title='bbox 574 2825 679 2896; x_wconf 85' lang='lat' dir='ltr'><strong>qui</strong></span> <span class='ocrx_word' id='word_1_266' title='bbox 721 2822 996 2884; x_wconf 87' lang='lat' dir='ltr'><strong>fecerunt</strong></span> <span class='ocrx_word' id='word_1_267' title='bbox 1034 2819 1267 2897; x_wconf 85' lang='lat' dir='ltr'><strong>aliquid</strong></span> <span class='ocrx_word' id='word_1_268' title='bbox 1307 2820 1639 2898; x_wconf 88' lang='lat' dir='ltr'><strong>aliquando</strong></span> <span class='ocrx_word' id='word_1_269' title='bbox 1684 2828 1869 2896; x_wconf 89' lang='lat' dir='ltr'><strong>atque</strong></span> <span class='ocrx_word' id='word_1_270' title='bbox 1910 2819 2093 2879; x_wconf 86' lang='lat' dir='ltr'><strong>iidem</strong></span> <span class='ocrx_word' id='word_1_271' title='bbox 2141 2836 2305 2881; x_wconf 91' lang='lat' dir='ltr'><strong>nunc</strong></span> 
     </span>
     <span class='ocr_line' id='line_1_33' title="bbox 231 2902 2305 2981; baseline -0.001 -17"><span class='ocrx_word' id='word_1_272' title='bbox 231 2913 434 2965; x_wconf 89' lang='lat' dir='ltr'><strong>tacent</strong></span> <span class='ocrx_word' id='word_1_273' title='bbox 462 2913 521 2965; x_wconf 90' lang='lat' dir='ltr'><strong>et</strong></span> <span class='ocrx_word' id='word_1_274' title='bbox 551 2904 902 2981; x_wconf 82' lang='lat' dir='ltr'><strong>quiescunt,</strong></span> <span class='ocrx_word' id='word_1_275' title='bbox 938 2923 1053 2967; x_wconf 90' lang='lat' dir='ltr'><strong>nos</strong></span> <span class='ocrx_word' id='word_1_276' title='bbox 1084 2920 1335 2981; x_wconf 92' lang='lat' dir='ltr'><strong>quoque</strong></span> <span class='ocrx_word' id='word_1_277' title='bbox 1364 2903 1557 2965; x_wconf 89' lang='lat' dir='ltr'><strong>simus</strong></span> <span class='ocrx_word' id='word_1_278' title='bbox 1588 2903 1787 2965; x_wconf 69' lang='lat' dir='ltr'><strong>oblitis</strong></span> <span class='ocrx_word' id='word_1_279' title='bbox 1834 2904 1885 2963; x_wconf 92' lang='lat' dir='ltr'><strong>si</strong></span> <span class='ocrx_word' id='word_1_280' title='bbox 1919 2902 2021 2978; x_wconf 89' lang='lat' dir='ltr'><strong>qui</strong></span> <span class='ocrx_word' id='word_1_281' title='bbox 2052 2918 2121 2964; x_wconf 88' lang='lat' dir='ltr'><strong>sc</strong></span> <span class='ocrx_word' id='word_1_282' title='bbox 2153 2902 2305 2964; x_wconf 81' lang='lat' dir='ltr'><strong>offe·</strong></span> 
     </span>
     <span class='ocr_line' id='line_1_34' title="bbox 230 2987 2310 3065; baseline 0 -19"><span class='ocrx_word' id='word_1_283' title='bbox 230 2998 399 3060; x_wconf 89' lang='lat' dir='ltr'><strong>runt,</strong></span> <span class='ocrx_word' id='word_1_284' title='bbox 442 2987 846 3061; x_wconf 91' lang='lat' dir='ltr'><strong>insectantur,</strong></span> <span class='ocrx_word' id='word_1_285' title='bbox 891 2990 1095 3065; x_wconf 89' lang='lat' dir='ltr'><strong>quoad</strong></span> <span class='ocrx_word' id='word_1_286' title='bbox 1125 2990 1268 3049; x_wconf 87' lang='lat' dir='ltr'><strong>ferri</strong></span> <span class='ocrx_word' id='word_1_287' title='bbox 1302 2997 1615 3063; x_wconf 87' lang='lat' dir='ltr'><strong>poterunt,</strong></span> <span class='ocrx_word' id='word_1_288' title='bbox 1654 2988 2065 3064; x_wconf 77' lang='lat' dir='ltr'><strong>perferemus,</strong></span> <span class='ocrx_word' id='word_1_289' title='bbox 2102 3003 2310 3062; x_wconf 85' lang='lat' dir='ltr'><strong>neque</strong></span> 
     </span>
     <span class='ocr_line' id='line_1_35' title="bbox 233 3070 2310 3147; baseline 0 -18"><span class='ocrx_word' id='word_1_290' title='bbox 233 3088 602 3147; x_wconf 86' lang='lat' dir='ltr'><strong>quemquam</strong></span> <span class='ocrx_word' id='word_1_291' title='bbox 632 3070 903 3134; x_wconf 81' lang='lat' dir='ltr'><strong>offendet</strong></span> <span class='ocrx_word' id='word_1_292' title='bbox 932 3071 1125 3134; x_wconf 87' lang='lat' dir='ltr'><strong>oratio</strong></span> <span class='ocrx_word' id='word_1_293' title='bbox 1158 3088 1326 3146; x_wconf 90' lang='lat' dir='ltr'><strong>mea,</strong></span> <span class='ocrx_word' id='word_1_294' title='bbox 1369 3071 1488 3133; x_wconf 90' lang='lat' dir='ltr'><strong>nisi</strong></span> <span class='ocrx_word' id='word_1_295' title='bbox 1534 3070 1637 3147; x_wconf 91' lang='lat' dir='ltr'><strong>qui</strong></span> <span class='ocrx_word' id='word_1_296' title='bbox 1670 3088 1740 3132; x_wconf 93' lang='lat' dir='ltr'><strong>se</strong></span> <span class='ocrx_word' id='word_1_297' title='bbox 1773 3070 1856 3132; x_wconf 86' lang='lat' dir='ltr'><strong>ita</strong></span> <span class='ocrx_word' id='word_1_298' title='bbox 1888 3070 2200 3144; x_wconf 90' lang='lat' dir='ltr'><strong>obtulerit,</strong></span> <span class='ocrx_word' id='word_1_299' title='bbox 2242 3079 2310 3130; x_wconf 86' lang='lat' dir='ltr'><strong>ut</strong></span> 
     </span>
     <span class='ocr_line' id='line_1_36' title="bbox 233 3153 2310 3232; baseline -0.002 -15"><span class='ocrx_word' id='word_1_300' title='bbox 233 3154 289 3217; x_wconf 86' lang='lat' dir='ltr'><strong>in</strong></span> <span class='ocrx_word' id='word_1_301' title='bbox 325 3173 464 3216; x_wconf 87' lang='lat' dir='ltr'><strong>eum</strong></span> <span class='ocrx_word' id='word_1_302' title='bbox 496 3172 615 3215; x_wconf 91' lang='lat' dir='ltr'><strong>non</strong></span> <span class='ocrx_word' id='word_1_303' title='bbox 651 3153 987 3227; x_wconf 88' lang='lat' dir='ltr'><strong>invasisse,</strong></span> <span class='ocrx_word' id='word_1_304' title='bbox 1021 3154 1135 3216; x_wconf 91' lang='lat' dir='ltr'><strong>sed</strong></span> <span class='ocrx_word' id='word_1_305' title='bbox 1164 3153 1577 3217; x_wconf 83' lang='lat' dir='ltr'><strong>incucurrisse</strong></span> <span class='ocrx_word' id='word_1_306' title='bbox 1607 3155 1940 3215; x_wconf 89' lang='lat' dir='ltr'><strong>videamur.</strong></span> <span class='ocrx_word' id='word_1_307' title='bbox 2304 3226 2310 3232; x_wconf 25' lang='lat'>⁸</span> 
     </span>
    </p>

    <p class='ocr_par' dir='ltr' id='par_1_3' title="bbox 234 3235 2312 3482">
     <span class='ocr_line' id='line_1_37' title="bbox 404 3235 2310 3315; baseline -0.001 -17"><span class='ocrx_word' id='word_1_308' title='bbox 404 3238 502 3300; x_wconf 86' lang='lat'><strong>15.</strong></span> <span class='ocrx_word' id='word_1_309' title='bbox 547 3238 669 3300; x_wconf 91' lang='lat' dir='ltr'><strong>Sed</strong></span> <span class='ocrx_word' id='word_1_310' title='bbox 712 3254 971 3299; x_wconf 90' lang='lat' dir='ltr'><strong>necesse</strong></span> <span class='ocrx_word' id='word_1_311' title='bbox 1013 3246 1136 3310; x_wconf 88' lang='lat' dir='ltr'><strong>est,</strong></span> <span class='ocrx_word' id='word_1_312' title='bbox 1181 3248 1323 3300; x_wconf 88' lang='lat' dir='ltr'><strong>ante</strong></span> <span class='ocrx_word' id='word_1_313' title='bbox 1365 3256 1547 3315; x_wconf 90' lang='lat' dir='ltr'><strong>quam</strong></span> <span class='ocrx_word' id='word_1_314' title='bbox 1581 3237 1660 3299; x_wconf 90' lang='lat' dir='ltr'><strong>de</strong></span> <span class='ocrx_word' id='word_1_315' title='bbox 1695 3236 2000 3298; x_wconf 88' lang='lat' dir='ltr'><strong>tribunatu</strong></span> <span class='ocrx_word' id='word_1_316' title='bbox 2031 3236 2091 3298; x_wconf 85' lang='grc' dir='ltr'><strong>Ρ.</strong></span> <span class='ocrx_word' id='word_1_317' title='bbox 2123 3235 2310 3297; x_wconf 89' lang='lat' dir='ltr'><strong>Sestii</strong></span> 
     </span>
     <span class='ocr_line' id='line_1_38' title="bbox 234 3320 2311 3398; baseline -0.001 -16"><span class='ocrx_word' id='word_1_318' title='bbox 234 3323 439 3383; x_wconf 89' lang='lat' dir='ltr'><strong>dicere</strong></span> <span class='ocrx_word' id='word_1_319' title='bbox 469 3321 784 3397; x_wconf 87' lang='lat' dir='ltr'><strong>incipiam,</strong></span> <span class='ocrx_word' id='word_1_320' title='bbox 831 3339 927 3383; x_wconf 91' lang='lat' dir='ltr'><strong>mc</strong></span> <span class='ocrx_word' id='word_1_321' title='bbox 958 3331 1147 3384; x_wconf 88' lang='lat' dir='ltr'><strong>totum</strong></span> <span class='ocrx_word' id='word_1_322' title='bbox 1183 3321 1522 3398; x_wconf 91' lang='lat' dir='ltr'><strong>superioris</strong></span> <span class='ocrx_word' id='word_1_323' title='bbox 1554 3320 1698 3381; x_wconf 90' lang='lat' dir='ltr'><strong>anni</strong></span> <span class='ocrx_word' id='word_1_324' title='bbox 1726 3320 1816 3382; x_wconf 92' lang='lat' dir='ltr'><strong>rei</strong></span> <span class='ocrx_word' id='word_1_325' title='bbox 1845 3320 2128 3396; x_wconf 88' lang='lat' dir='ltr'><strong>publicae</strong></span> <span class='ocrx_word' id='word_1_326' title='bbox 2158 3336 2311 3380; x_wconf 90' lang='lat' dir='ltr'><strong>nau-</strong></span> 
     </span>
     <span class='ocr_line' id='line_1_39' title="bbox 236 3403 2312 3482; baseline -0.001 -17"><span class='ocrx_word' id='word_1_327' title='bbox 236 3405 490 3481; x_wconf 78' lang='lat' dir='ltr'><strong>fragium</strong></span> <span class='ocrx_word' id='word_1_328' title='bbox 532 3422 875 3482; x_wconf 85' lang='lat' dir='ltr'><strong>exponere,</strong></span> <span class='ocrx_word' id='word_1_329' title='bbox 927 3405 986 3466; x_wconf 92' lang='lat' dir='ltr'><strong>in</strong></span> <span class='ocrx_word' id='word_1_330' title='bbox 1041 3421 1163 3481; x_wconf 91' lang='lat' dir='ltr'><strong>quo</strong></span> <span class='ocrx_word' id='word_1_331' title='bbox 1216 3405 1562 3482; x_wconf 84' lang='lat' dir='ltr'><strong>colligendo</strong></span> <span class='ocrx_word' id='word_1_332' title='bbox 1613 3420 1685 3465; x_wconf 87' lang='lat' dir='ltr'><strong>ac</strong></span> <span class='ocrx_word' id='word_1_333' title='bbox 1732 3403 2065 3465; x_wconf 84' lang='lat' dir='ltr'><strong>reficienda</strong></span> <span class='ocrx_word' id='word_1_334' title='bbox 2110 3403 2312 3464; x_wconf 84' lang='lat' dir='ltr'><strong>salute</strong></span> 
     </span>
    </p>
   </div>
  </div>
 </body>
</html>
