2514 3928
239 328 310 383 ,75
898 312 1681 379 CAP.6—9.s.1s-24.
1764 331 1767 334 ·
1872 355 1878 360 .
1998 367 2001 370 ,
2190 311 2319 385 373

370 468 527 529 vlu.
614 467 694 526 Μ.
737 481 886 526 vero
916 463 1249 525 Antonium
1282 463 1419 539 quis
1449 472 1543 525 est
1573 464 1676 539 qui
1706 465 1901 525 civem
1937 466 2136 541 possit
2162 464 2319 528 iudi-

247 568 387 614 care
416 550 622 627 potius
656 565 838 624 quam
869 547 1275 609 taeterrimum
1305 556 1367 607 et
1395 547 1882 610 crudelissimum
1909 550 2182 625 hostem,
2213 550 2320 628 qui

247 639 360 712 pro
405 635 562 695 aede
603 631 872 694 Castoris
915 631 1143 692 sedens
1185 630 1472 692 audiente
1511 631 1745 706 populo
1774 634 2050 693 Romano
2097 634 2321 696 dixerit

248 719 366 780 nisi
406 716 702 778 victorem
734 714 1030 775 victurum
1060 714 1405 775 neminem?
1446 713 1600 775 Num
1630 715 1887 790 putatis,
1935 725 2140 790 patres
2171 735 2314 779 con-

248 799 491 877 scripti,
539 798 776 859 dixisse
816 815 954 859 eum
995 796 1296 859 minacius
1341 814 1523 873 quam
1556 797 1852 858 facturum
1889 798 2123 859 fuisse?
2163 802 2321 873 Quid

246 901 430 956 ver-o,
476 884 646 959 quod
692 882 752 943 in
798 881 1084 944 contione
1125 881 1332 942 dicere
1374 895 1568 942 ausus
1599 890 1723 955 est,
1769 897 1872 955 se,
1915 899 2100 957 quum
2132 885 2318 960 magi-

249 976 440 1032 stratu
468 967 730 1039 abisset,
767 966 847 1048 ad
877 966 1089 1028 urbem
1122 966 1387 1027 futurum
1418 981 1558 1025 cum
1587 964 1908 1026 exercitu?
1935 964 2317 1028 introiturum

250 1052 802 1129 quotienscumque
837 1050 1061 1110 vellet?
1104 1047 1253 1124 quid
1294 1056 1423 1109 erat
1459 1048 1626 1108 aliud
1656 1048 1778 1111 nisi
1806 1047 2171 1109 denuntiare
2209 1068 2317 1125 po-

248 1136 395 1211 pulo
422 1136 702 1196 Romano
750 1133 1145 1197 servitutem?
1217 1129 1320 1192 22.
1370 1131 1545 1205 Quod
1579 1141 1781 1194 autem
1811 1131 1947 1194 eius
1980 1133 2096 1194 iter
2124 1134 2319 1195 Brun·

250 1219 504 1291 disium,
539 1227 699 1292 quae
740 1215 1078 1288 festinatio,
1124 1231 1285 1290 quae
1327 1230 1474 1290 spes
1514 1216 1635 1277 nisi
1675 1225 1742 1277 ut
1770 1217 1851 1276 ad
1883 1217 2095 1278 urbem
2130 1219 2226 1279 vel
2257 1218 2318 1278 in

248 1303 460 1363 urbem
508 1298 715 1375 potius
757 1300 1090 1360 exercitum
1131 1296 1460 1358 maximum
1510 1298 1886 1361 adduceret?
1955 1300 2066 1374 Qui
2118 1312 2320 1362 autem

243 1383 517 1444 ,dilectus
580 1382 1028 1446 centurionum!
1098 1397 1260 1456 quae
1319 1380 1636 1444 effrenatio
1696 1382 2049 1456 impotentis
2104 1384 2319 1445 animi!

253 1467 445 1540 Quum
474 1465 609 1526 eius
643 1464 969 1542 promissis
993 1462 1273 1539 legiones
1307 1463 1674 1525 fortissimae
1701 1466 2170 1539 reclamassent,
2211 1468 2316 1527 do-

250 1574 413 1619 mum
443 1559 523 1618 ad
553 1574 625 1620 se
649 1560 865 1620 venire
892 1560 1073 1621 iussit
1111 1559 1538 1631 centuriones,
1589 1575 1749 1634 quos
1780 1558 1941 1620 bene
1978 1558 2207 1620 sentire
2239 1560 2318 1618 de

250 1659 318 1702 re
373 1642 621 1719 publica
674 1654 1083 1719 cognoverat:
1146 1659 1388 1717 eosque
1435 1652 1581 1703 ante
1631 1645 1826 1718 pedes
1877 1658 2032 1704 suos
2082 1642 2319 1702 uxoris-

258 1745 371 1804 que
412 1744 590 1801 suae,
633 1742 815 1801 quam
862 1741 1075 1786 secum
1121 1725 1329 1799 gravis
1369 1724 1700 1799 imperator
1733 1728 1813 1785 ad
1846 1726 2180 1787 exercitum
2210 1729 2315 1789 du-

252 1820 447 1885 xerat,
476 1810 737 1885 iugulari
771 1810 988 1884 coegit.
1063 1808 1192 1882 Quo
1223 1807 1426 1870 animo
1461 1810 1625 1870 hunc
1655 1812 1920 1871 futurum
1951 1809 2144 1871 fuisse
2181 1827 2321 1873 cen-

248 1895 396 1956 setis
438 1894 500 1954 in
546 1910 692 1964 noS,
753 1909 912 1968 quos
956 1892 1198 1963 oderat,
1257 1910 1445 1969 quum
1488 1894 1547 1952 in
1592 1909 1732 1967 eos,
1780 1910 1948 1970 quos
1989 1911 2322 1970 numquam

242 1979 515 2050 viderat,
554 1986 676 2037 tam
718 1975 986 2037 crudelis
1029 1977 1290 2038 fuisset?
1334 1985 1394 2038 et
1434 1994 1614 2053 quam
1659 1977 1904 2040 avidum
1944 1980 2010 2039 in
2043 1980 2321 2055 pecuniis

249 2060 675 2136 locupletium,
707 2059 810 2135 qui
841 2072 1179 2134 pauperum
1206 2060 1563 2136 sanguinem
1596 2062 2032 2138 concupisset?
2060 2080 2321 2139 quorum

247 2146 526 2220 ipsorum
571 2143 762 2217 bona,
807 2152 1297 2219 quantacumque
1334 2152 1538 2219 erant,
1582 2144 1781 2221 statim
1814 2146 1946 2206 suis
1995 2146 2320 2208 comitibus

252 2226 839 2303 compotoribusque
879 2225 1224 2302 descripsit.
1311 2226 1413 2294 23.
1457 2231 1663 2302 Atque
1703 2229 1804 2289 ille
1845 2230 2055 2290 furens
2098 2230 2323 2292 infesta

247 2311 371 2372 iam
418 2309 651 2385 patriae
693 2309 872 2385 signa
915 2326 954 2369 a
991 2310 1322 2372 Brundisio
1369 2311 1696 2373 inferebat:
1757 2330 1943 2389 quum
1987 2313 2048 2373 C.
2097 2315 2322 2375 Caesar

252 2396 507 2456 deorum
542 2392 964 2455 immortalium
1000 2394 1329 2468 beneficio,
1373 2395 1580 2455 divina
1598 2395 1813 2469 animi,
1864 2396 2123 2473 ingenii,
2174 2414 2322 2459 con-

246 2478 368 2540 silii
406 2475 849 2554 magnitudine,
895 2493 1264 2555 quamquam
1310 2495 1420 2540 sua
1453 2488 1675 2555 sponte
1706 2481 2052 2554 eximiaque
2079 2481 2322 2556 virtute,

242 2573 448 2623 tamen
481 2560 927 2637 approbatione
962 2560 1340 2627 auctoritatis
1369 2578 1543 2623 meae
1574 2564 1851 2625 colonias
1882 2563 2110 2639 patrias
2138 2564 2318 2625 adiitz

244 2654 574 2708 veteranos
608 2643 829 2705 milites
859 2644 1254 2705 convocavit:
1292 2645 1508 2721 paucis
1539 2645 1756 2708 diebus
1786 2646 2122 2707 exercitum
2148 2645 2319 2708 fecitz

239 2729 529 2791 incitatos
582 2729 884 2801 latronum
915 2727 1201 2803 *impetus
1242 2729 1591 2791 retardavit.
1648 2729 1904 2790 ‘Postea
1941 2746 2090 2792 vero
2138 2746 2322 2805 quam

243 2813 407 2888 legio
436 2812 655 2873 Martia
692 2813 910 2872 ducem
954 2813 1541 2888 praestantissimum
1585 2813 1766 2885 vidit,
1810 2813 1958 2873 nihil
2003 2813 2127 2889 egit
2153 2813 2323 2875 aliud

244 2895 366 2957 nisi
411 2903 481 2958 ut
531 2895 863 2971 aliquando
906 2895 1080 2957 liberi
1122 2912 1434 2958 essemus=
1480 2912 1661 2973 quam
1702 2904 1799 2959 est
1835 2896 2065 2960 imitata
2108 2907 2324 2974 quarta

239 2979 427 3055 legio.
514 2980 615 3040 IX.
664 2979 793 3061 Quo
837 2979 938 3039 ille
978 2980 1188 3043 nuntio
1244 2981 1450 3042 audito
1486 2997 1682 3056 quum
1723 2986 2004 3043 senatum
2033 2989 2326 3044 vocasset

244 3062 750 3139 adhibuissetque
798 3065 1215 3136 consularem,
1267 3064 1372 3141 qui
1416 3081 1532 3126 sua
1573 3066 1874 3128 sententia
1901 3065 1971 3127 C:
1999 3066 2323 3128 Caesarem

244 3147 489 3207 hostem
532 3145 860 3222 iudicaret,
906 3155 1159 3223 repente
1201 3147 1486 3209 concidit.
1526 3170 1533 3173 ·
1573 3146 1676 3210 24.
1713 3149 1860 3213 Post
1888 3160 2092 3213 autem
2119 3164 2325 3226 neque

245 3229 569 3291 sacrificiis
611 3231 1022 3293 *sollemnibus
1091 3233 1266 3293 factis
1317 3249 1521 3308 neque
1568 3233 1735 3296 votis
1786 3233 2156 3310 nuncupatis
2198 3243 2320 3292 non

244 3314 565 3390 profectus
604 3325 728 3389 est,
772 3315 883 3376 sed
925 3316 1194 3391 profugit
1219 3317 1579 3391 paludatus.
1666 3321 1748 3378 At
1777 3334 1901 3393 quo
1916 3325 1955 3375 ἰ
1981 3316 2044 3376 in
2076 3313 2324 3391 provin-

246 3396 407 3458 ciam
444 3398 932 3460 firmissimorum
972 3407 1032 3461 et
1073 3399 1539 3461 fortissimorum
1575 3399 1828 3472 civium,
1874 3399 1978 3473 qui
2008 3398 2203 3467 illum,
2245 3410 2324 3452 nc

249 3478 307 3540 si
350 3480 431 3542 ita
475 3481 726 3558 quidem
766 3481 1040 3545 venisset
1081 3491 1147 3544 ut
1187 3484 1416 3545 nullum
1443 3484 1672 3544 bellum
1700 3482 1977 3551 inferret,
2021 3480 2178 3536 ferre
2217 3490 2324 3547 po·

247 3563 530 3640 tuissent,
559 3565 972 3643 impotentem,
1004 3562 1939 3640 iracundum,'contumeliosum,
1972 3555 2322 3631 superbum.
