2514 3928
221 206 346 275 ‘294
671 211 819 273 PRO
849 212 1054 272 REGE
1089 212 1477 274 DEIOTARO
1538 213 1842 275 ORATIO.
2231 223 2299 280 7⁰

221 371 441 427 exacta
473 371 670 426 aetate
705 364 1075 442 defecerant.
1164 366 1379 439 ltaque
1399 365 1748 427 Deiotarum
1781 382 1967 442 quum
1995 367 2204 443 plures
2234 368 2293 427 in

221 464 449 524 equum
478 447 889 525 sustuliSsenb
920 447 1089 522 quod
1121 446 1378 508 haerere
1408 447 1467 506 in
1501 465 1576 525 eo
1602 465 1796 510 senex
1826 458 2072 525 posset,
2109 450 2293 511 admi-

197 528 338 592 'rari
392 531 773 601 solebamusz
820 529 918 591 hic
968 547 1114 592 vero
1161 532 1560 604 adolescens,
1609 532 1712 607 qui
1769 549 1944 599 meus
1987 533 2046 594 in
2092 533 2295 594 Cilicia

220 615 416 691 mileS,
449 615 506 674 in
541 613 795 679 Graecia
827 615 1152 676 commilito
1184 614 1312 687 suit,
1344 633 1529 690 quum
1555 615 1623 675 in,
1651 615 1753 688 illo
1784 624 1994 691 nostro
2026 617 2294 678 exercitu

222 698 521 774 equitaret
563 715 700 761 cum
747 699 878 773 suis
917 699 1175 769 ,delectis
1218 698 1560 777 equitibus,
1589 717 1748 776 quos
1793 719 1912 761 una
1944 717 2080 762 cum
2111 717 2186 771 eo
2215 703 2293 762 ad

218 780 570 858 Pompeium
617 790 787 858 pater
827 781 1103 855 miserat,
1160 799 1318 856 quos
1383 799 1723 859 concursus
1773 786 1974 844 facere
2019 780 2289 853 solebat!

220 883 400 942 quam
433 883 503 927 se
531 864 790 928 iactare!
820 883 999 943 quam
1029 874 1366 927 ostentare!
1412 884 1593 942 quam
1627 867 1850 928 nemini
1886 867 1942 926 in
1978 868 2076 931 illa
2107 883 2289 937 causa

221 949 424 1015 studio
477 958 537 1011 et
592 950 923 1025 cupiditate
974 950 1344 1013 concederet
1400 950 1502 1021 29.
1557 950 1752 1024 Quum
1814 967 1961 1013 vcro
2020 950 2292 1012 exercitu

222 1033 449 1099 amisso
496 1049 647 1111 ego,
694 1034 796 1115 qui
840 1032 1015 1111 pacis
1058 1049 1304 1108 semper
1331 1041 1544 1095 auctor
1567 1033 1666 1111 sui,
1692 1041 1859 1111 [post
1881 1033 2292 1097 Pharsalicum

223 1117 556 1197 proelium]
615 1133 841 1189 suasor
899 1115 1155 1193 fuissem
1214 1131 1522 1181 armorum
1586 1130 1708 1174 non
1770 1116 2297 1191 deponendorum,

226 1203 341 1272 sed
385 1198 901 1272 abiiciendorum‚
960 1184 1124 1261 hunc
1182 1199 1260 1260 ad
1307 1214 1504 1259 meam
1549 1197 1976 1271 auctoritatem
2025 1214 2147 1267 non
2195 1217 2300 1276 po-

223 1288 309 1348 tui
356 1286 696 1360 adducere,
740 1285 902 1360 quod
940 1292 1002 1344 et
1042 1285 1176 1360 ipse
1206 1283 1459 1353 ardebat
1484 1281 1687 1343 stud10
1734 1281 1899 1353 illius
1930 1283 2072 1359 belli
2098 1294 2159 1349 et
2191 1303 2290 1363 pa

223 1372 293 1433 tri
327 1369 478 1433 satis
510 1368 852 1445 faciendum
885 1385 1028 1441 esse
1059 1368 1477 1430 arbitrabatur.
1533 1366 1703 1431 Felix
1734 1365 1853 1437 ista
1883 1354 2104 1430 domus
2136 1387 2297 1444 quae

225 1471 348 1517 non
405 1452 820 1537 impunitatem
868 1454 1067 1533 solum
1098 1453 1322 1527 adepta
1364 1449 1476 1523 sit,
1521 1451 1632 1511 sed
1654 1450 2004 1549 accusandi·
2016 1454 2194 1527 etiam
2229 1455 2298 1513 li·

223 1537 512 1600 centiam·
556 1536 949 1599 calamitosus
989 1535 1315 1603 Deiotarus
1357 1533 1462 1610 qui
1495 1543 1555 1595 et
1592 1525 1696 1607 ab'
1701 1550 1807 1613 eo,
1855 1532 1978 1634 qui·
1987 1533 2047 1613 in
2079 1534 2298 1609 iisdem

226 1620 445 1684 castris
478 1620 678 1694 ruerit,
708 1627 746 1693 «1-
775 1636 901 1682 ιιοιι
927 1621 1113 1682 modo
1145 1622 1311 1697 apud
1342 1626 1425 1693 te,
1458 1619 1572 1682 sed
1605 1620 1786 1695 etiam
1819 1637 1855 1689 a
1884 1619 2016 1681 suis
2049 1636 2298 1693 accuse-

224 1707 352 1775 tur!
410 1706 543 1765 Vos
575 1702 786 1766 vestra
798 1705 1094 1775 secunda
1127 1707 1402 1777 fortuna,
1435 1704 1679 1774 Castor,
1713 1720 1838 1765 ιιοιι
1868 1705 2133 1780 potestis
2166 1704 2302 1767 sine

224 1786 714 1862 propinquorum
752 1787 1101 1851 calamitate
1131 1803 1277 1863 esse
1313 1787 1625 1855 contenti?

350 1872 449 1930 Xl.
484 1868 583 1931 30.
637 1869 772 1931 Sint
800 1885 949 1944 sane
980 1868 1358 1947 inimicitiae,
1406 1888 1565 1946 quae
1607 1886 1750 1943 csse
1799 1888 1920 1937 non
1965 1868 2296 1941 debebant

237 1971 334 2018 rex
378 1953 536 2032 enim
569 1953 891 2017 Deiotarus
933 1963 1195 2029 vestram
1233 1953 1515 2030 familiam
1557 1955 1855 2026 abiectam
1885 1963 1946 2016 et
1974 1953 2301 2014 obscuram

232 2055 263 2103 e
294 2025 603 2110 tenebris
589 2056 646 2100 m
679 2030 875 2112 lucem
896 2057 971 2100 ev
978 2042 1207 2106 ocavit·
1240 2040 1568 2116 quistatim
1589 2045 1827 2116 patrem
1849 2037 2177 2112 anteaquis
2201 2052 2293 2095 cs·

226 2130 320 2186 set
352 2141 534 2199 quam
568 2122 742 2197 cuius
772 2139 961 2198 gener
990 2131 1159 2206 esset
1200 2122 1473 2200 audivit?
1506 2121 1631 2188 Sed
1663 2120 1944 2198 quamvis
1978 2121 2218 2217 ingrate
2239 2129 2305 2180 et

225 2205 410 2280 impie
456 2190 931 2280 necessitudinis
966 2203 1185 2282 nomen
1232 2206 1674 2282 repudiareti8‚
1720 2214 1916 2280 tamen
1954 2202 2302 2264 inimicitias

224 2286 534 2360 hominum
574 2306 740 2360 more
770 2308 983 2367 gerere
1019 2289 1345 2366 poteratis,
1375 2306 1496 2351 non
1534 2290 1676 2354 ficto
1713 2288 1964 2364 crimine
1993 2286 2305 2362 insectari,

226 2389 345 2442 non
376 2382 668 2452 expetere
700 2374 910 2450 vitam,
955 2391 1077 2438 non
1109 2373 1328 2448 capitis
1359 2390 1698 2452 arcessere.
1784 2373 1964 2446 Ε3ιο·
1997 2371 2305 2432 conceda-

227 2463 321 2524 lur
350 2456 503 2522 haec
549 2474 806 2534 quoque
846 2457 1149 2534 acerbitas
1206 2464 1265 2528 et
1312 2456 1441 2519 odii
1480 2455 1862 2533 magnitudo:
1909 2456 2179 2529 adeone,
2234 2463 2307 2515 ut

201 2541 425 2610 'omnia
469 2542 628 2606 vitae
673 2542 1024 2620 salutisque
1058 2539 1398 2618 communis
1437 2549 1623 2616 atque
1670 2541 1854 2617 etiam
1907 2536 2305 2611 humanitatis

221 2622 355 2692 iura
388 2621 732 2698 xiolentur?
778 2627 933 2690 Serx
925 2644 1037 2702 um
1080 2623 1410 2707 sollicitare
1445 2624 1662 2699 verbis,
1709 2641 1823 2701 spe
1852 2620 2309 2701 promissisque

205 2726 636 2790 corrumpere,
675 2712 985 2784 abducere
1008 2702 1277 2786 domum,
1308 2715 1518 2770 contra
1551 2708 1859 2770 dominum
1892 2722 2149 2783 armare,
2180 2705 2309 2770 boc

220 2802 315 2855 est
343 2811 462 2856 non
497 2796 599 2860 uni
637 2797 1000 2874 propinquo,
1033 2795 1144 2857 sed
1178 2793 1458 2862 omnibus
1489 2790 1728 2857 familiis
1753 2793 2048 2853 nefarium
2076 2790 2307 2851 bellum

221 2874 511 2948 indicere.
618 2880 766 2954 Nam
813 2880 929 2941 ista
963 2879 1312 2953 corruptela
1345 2877 1508 2939 servi
1549 2874 1605 2956 si
1635 2893 1757 2942 non
1787 2877 1971 2942 modo
2000 2872 2309 2951 impunita

220 2959 418 3034 ruerit,
456 2962 568 3021 sed
604 2964 781 3023 etiam
811 2978 847 3023 a
877 2969 1040 3024 tanta
1070 2960 1428 3042 auctoritate
1456 2961 1814 3038 approbata,
1847 2958 1996 3030 nulli
2033 2955 2309 3036 parietes

220 3051 493 3104 nostram
541 3045 833 3118 salutem,
884 3047 1084 3106 nullae
1126 3044 1329 3119 leges,
1374 3042 1585 3116 nulla
1568 3061 1699 3106 iura
1730 3043 2096 3114 custodient..
2183 3039 2310 3101 Ubi

220 3125 379 3185 enim
413 3125 507 3204 id,
550 3128 717 3202 quod
759 3128 921 3189 intus
952 3136 1047 3188 est
1074 3135 1260 3202 atque
1294 3139 1598 3202 nostrum,
1631 3127 1878 3204 impune
1906 3127 2154 3200 evolare
2195 3140 2309 3201 po

222 3216 338 3269 test
369 3218 706 3286 contraque
736 3227 849 3273 nos
882 3226 1191 3288 pugnare,
1235 3212 1345 3274 iit
1329 3231 1387 3274 m
1420 3211 1728 3282 dominatu
1763 3211 2046 3286 servitus,
2077 3209 2140 3286 in
2174 3224 2285 3278 ser

223 3290 412 3353 vitute
442 3292 806 3376 dominatus.
894 3292 996 3355 31.
1042 3294 1089 3355 0
1132 3302 1438 3372 tempora,
1484 3313 1520 3357 o
1564 3304 1801 3366 mores!
1848 3292 1954 3362 Cn.
2000 3273 2314 3358 Domitius

221 3369 353 3447 ille,
386 3373 566 3451 quem
598 3394 713 3440 nos
748 3377 921 3454 pueri
952 3381 1301 3453 consulem,
1332 3395 1682 3454 censorem,
1729 3371 2076 3456 pontificem
2109 3377 2316 3452 maxi-

222 3469 384 3547 mum
422 3459 712 3534 vidimus,
754 3479 939 3537 quum
972 3461 1248 3526 tribunus
1285 3426 1486 3539 plebis
1516 3463 1594 3526 M.
1629 3462 1924 3526 Scaurum
1960 3460 2316 3538 principem
