2514 3928
172 264 298 329 124
553 262 704 323 PRO
735 263 802 321 L.
835 259 1217 322 CORNELIO
1251 257 1514 320 BALBO
1561 256 1869 319 ORATIO.
2197 267 2269 320 26

174 427 288 490 est,
319 419 479 477 bene
512 416 590 476 de
620 414 976 493 republica
1009 412 1262 475 meritos
1303 428 1606 487 persaepe
1635 410 1929 483 libertate,
1961 410 2028 470 id
2059 418 2157 470 est.
2185 409 2266 469 ci·
2303 410 2324 425 ⁶

172 502 376 574 vitate,
409 499 654 576 publice
684 499 902 560 donari
930 499 1236 558 vid‘emuS.
2211 521 2228 532 ·

296 586 369 645 X.
393 584 495 646 25.
517 583 690 643 Hanc
724 592 787 644 tu
820 583 1019 658 igitur,
1055 591 1311 657 patrone
1344 581 1664 643 foederum
1699 595 1773 640 ac
1799 579 2272 650 foederatorum,

172 668 602 730 condicionem
629 667 846 729 statuis
871 665 1209 741 Gaditanis»,
1241 665 1361 726 tuis
1387 664 1649 739 civibuS,
1670 673 1755 738 ut,
1782 663 1950 743 quod
1973 661 2070 734 iis,
2105 676 2270 738 quos

175 749 310 809 avis
355 750 741 812 adiutoribus
787 749 910 810 tuis
955 747 1142 808 armis
1188 746 1548 821 subegimus
1593 755 1782 822 atque
1822 745 1884 806 in
1957 744 2267 806 dicionem

175 847 446 898 nostram
492 835 874 911 redegimuS,
916 834 1087 906 licet,
1130 832 1186 893 si
1227 833 1501 909 populus
1543 834 1857 893 Romanus
1904 829 2267 905 permiserit,
2341 836 2362 843 ‘

172 930 240 980 ut
272 914 370 980 ‘ab
428 928 676 991 senatu,
727 919 909 980 etiam
970 931 1080 991 per
1120 917 1526 991 imperatores
1553 946 1556 949 ·
1581 924 1830 977 nostros
1868 914 2117 974 civitate
2161 913 2271 973 do-

173 1011 426 1077 nentur,
468 1004 533 1063 id
583 1018 659 1062 ne
700 1003 883 1062 liceat
921 1000 1121 1076 ipsis?
1184 1000 1297 1074 Qui
1361 1001 1417 1060 si
1458 1001 1591 1060 suis
1637 999 1905 1060 decretis
1949 996 2273 1074 legibusve

175 1088 563 1159 sanxissent,
606 1101 685 1146 ne
721 1085 862 1160 quis
913 1098 1167 1145 suorum
1198 1083 1422 1145 civium
1453 1092 1656 1145 castra
1685 1084 2122 1159 imperatorum
2162 1097 2269 1157 po·

174 1172 304 1246 puli
333 1170 594 1232 Romani
621 1169 830 1241 iniret,
861 1185 942 1229 ne
973 1168 1113 1244 quis
1149 1185 1219 1228 se
1250 1182 1365 1244 pro
1403 1175 1616 1228 nostro
1648 1167 1906 1244 imperio
1940 1167 1999 1225 in
2030 1167 2271 1242 pericu-

173 1258 299 1316 lum
331 1254 552 1330 capitis
582 1263 768 1329 atque
814 1253 875 1313 in
919 1252 1083 1314 vitae
1124 1252 1455 1313 discrimen
1504 1250 1791 1325 inferret,
1834 1249 2272 1311 Gaditanorum

175 1338 457 1414 auxiliiS,
491 1355 680 1414 quum
711 1338 1037 1410 vellemuS,
1070 1336 1158 1398 uti
1189 1336 1371 1398 nobis
1401 1336 1641 1410 liceret,
1676 1335 1954 1412 privatus
1996 1350 2149 1395 vero
2192 1349 2273 1393 ne

177 1425 318 1500 quis
355 1423 447 1482 vir
477 1432 538 1484 et
572 1423 776 1484 animo
813 1430 874 1484 et
901 1421 1124 1483 virtute
1173 1423 1558 1498 praecellens
1606 1437 1719 1496 pro
1766 1428 1980 1481 nostro
2011 1417 2271 1494 imperio

176 1509 453 1583 periculo
481 1524 595 1569 suo
621 1508 957 1577 dimicaret,
991 1506 1259 1581 graviter
1286 1505 1349 1564 id
1378 1505 1511 1565 iure
1531 1505 1851 1575 ferremuS,
1886 1502 2077 1563 minui
2099 1501 2272 1562 auxi-

174 1593 256 1652 lia
285 1593 500 1668 populi
530 1591 822 1664 Romani,
866 1589 1169 1650 debilitari
1203 1591 1442 1650 animos
1474 1588 1948 1650 fortissimorum
1978 1585 2270 1658 virorum,

175 1676 814 1751 alienigenarum-nos
855 1674 1172 1734 hominum
1232 1672 1457 1734 studiis
1501 1680 1689 1749 atque
1743 1680 2000 1733 externa
2050 1670 2275 1733 virtute

180 1761 424 1836 privari.
487 1758 592 1821 26.
622 1757 813 1833 Atqui
841 1757 992 1817 nihil
1022 1757 1305 1831 interest,
1335 1757 1603 1831 iudiceS,
1638 1754 1838 1818 utrum
1873 1755 2030 1816 haec
2064 1755 2273 1816 foede·

173 1844 290 1904 rati
331 1843 465 1903 iura
497 1843 906 1916 constituant,
946 1850 1013 1901 ut
1055 1856 1134 1900 ne
1175 1840 1275 1902 cui
1316 1841 1501 1902 liceat
1546 1854 1622 1901 ex
1690 1840 1769 1901 iis
1814 1839 2162 1902 civitatibus
2180 1838 2272 1920 ‘ad

176 1935 529 1988 nostrorum
558 1927 861 1988 bellorum
899 1923 1173 2001 pericula
1200 1927 1535 1999 accedere,
1568 1941 1677 2000 an,
1718 1940 1878 2001 quae
1905 1941 2023 1987 nos
2060 1938 2272 1993 eorum

180 2011 418 2072 civibus
451 2010 691 2072 virtutis
722 2027 916 2072 causa
945 2010 1364 2082 tribuerimuS,
1414 2027 1489 2072 ea
1515 2018 1647 2071 rata
1682 2026 1831 2071 esse
1855 2025 1978 2071 non
2011 2009 2272 2086 possint.

175 2095 335 2156 Nihil
370 2096 532 2157 enirn
563 2095 759 2170 magis
789 2104 1102 2156 uteremur
1152 2093 1233 2155 iis
1287 2094 1670 2156 adiutoribus
1719 2092 1977 2155 sublatis
2030 2091 2275 2154 virtutis

180 2180 505 2255 praemiis,
555 2196 740 2255 quam
791 2178 846 2239 si
888 2178 1138 2240 omnino
1197 2177 1278 2239 iis
1316 2180 1553 2240 versari
1583 2178 1644 2238 in
1682 2177 1909 2239 nostris
1939 2178 2119 2238 bellis
2147 2191 2272 2235 non

178 2264 412 2325 liceret.
498 2263 738 2324 Etenim
780 2279 968 2339 quum
1004 2280 1117 2339 pro
1145 2280 1260 2324 sua
1296 2262 1491 2338 patria
1538 2264 1717 2338 pauci
1766 2270 1909 2338 post
1936 2277 2134 2337 genus
2161 2261 2273 2320 ho-

177 2347 407 2408 minum
430 2354 638 2407 natum
663 2347 892 2423 repert-i
915 2346 1038 2408 sint
1061 2346 1166 2423 qui
1195 2347 1379 2408 nullis
1410 2345 1701 2423 praemiis
1726 2344 2274 2423 propositisvitam

177 2447 352 2492 suam
382 2431 650 2492 hostium
688 2432 822 2494 telis
853 2430 1218 2505 obiecerint,
1265 2445 1400 2507 prr>
1427 2430 1628 2491 aliena
1673 2443 1743 2491 re
1780 2429 2038 2506 publica·
2062 2444 2275 2504 quem-

180 2532 364 2591 quam
393 2517 527 2576 fore
576 2516 800 2591 putatis
845 2515 950 2591 qui
993 2532 1063 2575 se
1105 2523 1385 2591 opponat
1414 2514 1701 2590 periculis
1733 2530 1856 2574 non
1885 2513 2071 2574 modo
2106 2513 2276 2572 nullo

178 2600 499 2675 proposito
534 2599 830 2676 praemio,
861 2599 974 2659 sed
1007 2599 1189 2662 etiam
1220 2598 1590 2661 interdicto?

302 2684 404 2746 XI.
445 2681 549 2746 27.
582 2683 710 2746 Sed
744 2700 934 2759 quum
966 2693 1062 2745 est
1091 2684 1240 2744 illud
1271 2680 1727 2759 imperitissime
1756 2682 1986 2743 dictum
2035 2682 2114 2741 de
2160 2695 2272 2756 po-

180 2769 343 2843 pulis
368 2768 614 2843 ¹fundis,
664 2770 834 2845 quod
882 2784 1204 2829 commune
1240 2769 1567 2829 liberorum
1598 2776 1695 2828 est
1725 2768 2125 2843 populorum,
2148 2780 2274 2824 non

178 2852 497 2928 proprium
526 2855 983 2914 foederatorum
1007 2876 1023 2909 ε
1057 2869 1138 2914 ex
1171 2865 1297 2928 quo
1327 2850 1582 2928 intelligi
1615 2867 1880 2913 necesse
1916 2856 2139 2911 estant
2164 2864 2275 2908 ne·

183 2935 407 2996 minem
437 2952 516 2995 ex
547 2937 737 2998 sociis
778 2936 976 2997 civem
1007 2936 1142 2996 fieri
1177 2951 1371 3013 posse
1393 2943 1498 2997 aut
1527 2935 1709 2997 etiam
1734 2947 1928 3011 posse
1952 2949 2033 2995 ex
2062 2933 2277 2993 foede-

178 3019 350 3089 ratis,
413 3029 539 3081 tum
588 3035 734 3082 vero
768 3021 864 3082 ius
898 3037 1080 3082 omne
1113 3029 1323 3081 noster
1354 3020 1471 3082 iste
1507 3020 1800 3095 magister
1827 3018 2154 3094 mutandae
2189 3016 2276 3075 ci-

177 3103 382 3166 vitatis
417 3105 673 3179 ignorat,
708 3107 878 3180 quod
903 3114 1016 3180 est,
1048 3104 1308 3179 iudices,
1336 3121 1457 3164 non
1484 3105 1683 3165 solum
1707 3104 1769 3164 in
1804 3102 2044 3179 legibus
2073 3100 2276 3178 publi·
2379 3173 2382 3176 Ι

177 3189 268 3247 cis
301 3187 602 3264 pesitum,
644 3189 759 3249 sed
789 3189 969 3252 etiam
1016 3189 1077 3250 in
1110 3188 1489 3265 privatorum
1518 3191 1853 3249 voluntate.
1941 3188 2080 3248 lure
2107 3185 2273 3245 enim

177 3280 392 3333 nostro
422 3286 631 3348 neque
660 3283 895 3334 mutare
944 3272 1251 3335 civitatem
1297 3272 1627 3349 quisquam
1670 3272 1897 3333 invitus
1930 3277 2137 3347 potest
2166 3284 2275 3328 ne-

179 3371 321 3430 que,
355 3355 409 3416 si
437 3356 599 3431 velit,
634 3365 870 3418 mutare
900 3374 1022 3418 non
1061 3365 1283 3434 potest,
1320 3356 1507 3417 modo
1538 3357 1880 3417 asciscatur
1907 3357 1987 3416 ab
2017 3370 2091 3414 ea
2124 3352 2272 3413 ‘civi-

180 3447 331 3511 tate,
371 3440 546 3501 cuius
596 3458 741 3502 esse
787 3458 856 3502 se
887 3441 1150 3502 civitatis
1201 3441 1377 3502 velitz
1434 3445 1527 3514 ut,
1574 3440 1628 3501 si
1656 3439 1939 3501 Gaditani
1983 3436 2280 3499 sciverint

180 3523 537 3583 nominatim
568 3526 646 3586 de
677 3524 887 3601 aliquo
918 3525 1056 3586 cive
1085 3527 1400 3596 Romano,
1438 3532 1505 3586 ut
1532 3524 1613 3586 sit
1641 3523 1695 3585 is
1727 3524 1881 3585 civis
1916 3522 2276 3590 GaditanuS,
