<?xml version="1.0" encoding="UTF-8"?>
<!DOCTYPE html PUBLIC "-//W3C//DTD XHTML 1.0 Transitional//EN"
    "http://www.w3.org/TR/xhtml1/DTD/xhtml1-transitional.dtd">
<html xmlns="http://www.w3.org/1999/xhtml" xml:lang="en" lang="en">
 <head>
  <title>
</title>
<meta http-equiv="Content-Type" content="text/html;charset=utf-8" />
  <meta name='ocr-system' content='tesseract 3.04.00' />
  <meta name='ocr-capabilities' content='ocr_page ocr_carea ocr_par ocr_line ocrx_word'/>
</head>
<body>
  <div class='ocr_page' id='page_1' title='image "./scriptaquaemans02cicegoog_0537.png"; bbox 0 0 2514 3928; ppageno 0'>
   <div class='ocr_carea' id='block_1_1' title="bbox 137 234 2264 302">
    <p class='ocr_par' dir='ltr' id='par_1_1' title="bbox 137 234 2264 302">
     <span class='ocr_line' id='line_1_1' title="bbox 137 234 2264 302; baseline 0.003 -9"><span class='ocrx_word' id='word_1_1' title='bbox 137 244 264 302; x_wconf 77' lang='lat'><strong>177</strong></span> <span class='ocrx_word' id='word_1_2' title='bbox 829 234 994 295; x_wconf 79' lang='lat' dir='ltr'><strong>CAP.</strong></span> <span class='ocrx_word' id='word_1_3' title='bbox 1025 243 1288 295; x_wconf 65' lang='grc' dir='ltr'><strong>ιιι-12.</strong></span> <span class='ocrx_word' id='word_1_4' title='bbox 1319 241 1372 302; x_wconf 77' lang='lat'><strong>§-</strong></span> <span class='ocrx_word' id='word_1_5' title='bbox 1403 241 1520 297; x_wconf 78' lang='lat'><strong>27-</strong></span> <span class='ocrx_word' id='word_1_6' title='bbox 1587 242 1676 297; x_wconf 78' lang='grc'><strong>33.</strong></span> <span class='ocrx_word' id='word_1_7' title='bbox 2139 235 2264 299; x_wconf 85' lang='grc'><strong>475</strong></span> 
     </span>
    </p>
   </div>
   <div class='ocr_carea' id='block_1_2' title="bbox 105 384 2337 3555">
    <p class='ocr_par' dir='ltr' id='par_1_2' title="bbox 105 384 2337 3555">
     <span class='ocr_line' id='line_1_2' title="bbox 133 384 2262 462; baseline 0.001 -16"><span class='ocrx_word' id='word_1_8' title='bbox 133 386 534 447; x_wconf 81' lang='lat' dir='ltr'><strong>reddemus.</strong></span> <span class='ocrx_word' id='word_1_9' title='bbox 635 384 761 446; x_wconf 87' lang='lat' dir='ltr'><strong>Sed</strong></span> <span class='ocrx_word' id='word_1_10' title='bbox 818 384 882 445; x_wconf 92' lang='lat' dir='ltr'><strong>id</strong></span> <span class='ocrx_word' id='word_1_11' title='bbox 946 384 1191 460; x_wconf 89' lang='lat' dir='ltr'><strong>quidem</strong></span> <span class='ocrx_word' id='word_1_12' title='bbox 1252 391 1470 459; x_wconf 83' lang='lat' dir='ltr'><strong>restat,</strong></span> <span class='ocrx_word' id='word_1_13' title='bbox 1516 394 1582 446; x_wconf 89' lang='lat' dir='ltr'><strong>ut</strong></span> <span class='ocrx_word' id='word_1_14' title='bbox 1628 402 1845 462; x_wconf 88' lang='lat' dir='ltr'><strong>spero,</strong></span> <span class='ocrx_word' id='word_1_15' title='bbox 1913 385 2262 460; x_wconf 78' lang='lat' dir='ltr'><strong>victoribuS‚</strong></span> 
     </span>
     <span class='ocr_line' id='line_1_3' title="bbox 139 466 2263 550; baseline 0 -20"><span class='ocrx_word' id='word_1_16' title='bbox 139 467 409 546; x_wconf 86' lang='lat' dir='ltr'><strong>quibus</strong></span> <span class='ocrx_word' id='word_1_17' title='bbox 452 476 703 529; x_wconf 90' lang='lat' dir='ltr'><strong>senatus</strong></span> <span class='ocrx_word' id='word_1_18' title='bbox 754 468 913 529; x_wconf 86' lang='lat' dir='ltr'><strong>fides</strong></span> <span class='ocrx_word' id='word_1_19' title='bbox 959 466 1402 543; x_wconf 66' lang='lat' dir='ltr'><strong>praestabiture</strong></span> <span class='ocrx_word' id='word_1_20' title='bbox 1461 485 1642 545; x_wconf 88' lang='lat' dir='ltr'><strong>quam</strong></span> <span class='ocrx_word' id='word_1_21' title='bbox 1687 468 1978 546; x_wconf 86' lang='lat' dir='ltr'><strong>quoniam</strong></span> <span class='ocrx_word' id='word_1_22' title='bbox 2025 469 2263 550; x_wconf 81' lang='lat' dir='ltr'><strong>difficii·</strong></span> 
     </span>
     <span class='ocr_line' id='line_1_4' title="bbox 141 550 2337 630; baseline 0 -18"><span class='ocrx_word' id='word_1_23' title='bbox 141 555 314 612; x_wconf 88' lang='lat' dir='ltr'><strong>limo</strong></span> <span class='ocrx_word' id='word_1_24' title='bbox 359 550 454 613; x_wconf 89' lang='lat' dir='ltr'><strong>rei</strong></span> <span class='ocrx_word' id='word_1_25' title='bbox 483 551 766 627; x_wconf 86' lang='lat' dir='ltr'><strong>publicae</strong></span> <span class='ocrx_word' id='word_1_26' title='bbox 807 560 1084 629; x_wconf 86' lang='lat' dir='ltr'><strong>tempore</strong></span> <span class='ocrx_word' id='word_1_27' title='bbox 1126 550 1324 612; x_wconf 88' lang='lat' dir='ltr'><strong>secuti</strong></span> <span class='ocrx_word' id='word_1_28' title='bbox 1365 559 1534 623; x_wconf 90' lang='lat' dir='ltr'><strong>sunt,</strong></span> <span class='ocrx_word' id='word_1_29' title='bbox 1580 568 1696 614; x_wconf 89' lang='lat' dir='ltr'><strong>eos</strong></span> <span class='ocrx_word' id='word_1_30' title='bbox 1724 565 2051 628; x_wconf 79' lang='lat' dir='ltr'><strong>numquam</strong></span> <span class='ocrx_word' id='word_1_31' title='bbox 2080 569 2263 630; x_wconf 84' lang='lat' dir='ltr'><strong>opor·</strong></span> <span class='ocrx_word' id='word_1_32' title='bbox 2308 567 2337 592; x_wconf 84' lang='lat'><strong>··</strong></span> 
     </span>
     <span class='ocr_line' id='line_1_5' title="bbox 143 633 2262 711; baseline -0.001 -13"><span class='ocrx_word' id='word_1_33' title='bbox 143 636 323 698; x_wconf 87' lang='lat' dir='ltr'><strong>tebit</strong></span> <span class='ocrx_word' id='word_1_34' title='bbox 373 634 616 696; x_wconf 90' lang='lat' dir='ltr'><strong>consilii</strong></span> <span class='ocrx_word' id='word_1_35' title='bbox 649 634 746 696; x_wconf 93' lang='lat' dir='ltr'><strong>sui</strong></span> <span class='ocrx_word' id='word_1_36' title='bbox 777 634 1111 711; x_wconf 88' lang='lat' dir='ltr'><strong>poenitere.</strong></span> <span class='ocrx_word' id='word_1_37' title='bbox 1202 633 1328 696; x_wconf 85' lang='lat' dir='ltr'><strong>Sed</strong></span> <span class='ocrx_word' id='word_1_38' title='bbox 1357 634 1537 696; x_wconf 79' lang='lat' dir='ltr'><strong>facile</strong></span> <span class='ocrx_word' id='word_1_39' title='bbox 1572 644 1668 696; x_wconf 89' lang='lat' dir='ltr'><strong>est</strong></span> <span class='ocrx_word' id='word_1_40' title='bbox 1696 635 1856 695; x_wconf 90' lang='lat' dir='ltr'><strong>bene</strong></span> <span class='ocrx_word' id='word_1_41' title='bbox 1897 651 2080 709; x_wconf 88' lang='lat' dir='ltr'><strong>agere</strong></span> <span class='ocrx_word' id='word_1_42' title='bbox 2124 652 2262 698; x_wconf 89' lang='lat' dir='ltr'><strong>cum</strong></span> 
     </span>
     <span class='ocr_line' id='line_1_6' title="bbox 142 717 2261 794; baseline -0 -15"><span class='ocrx_word' id='word_1_43' title='bbox 142 718 238 779; x_wconf 89' lang='lat' dir='ltr'><strong>iis</strong></span> <span class='ocrx_word' id='word_1_44' title='bbox 259 765 277 792; x_wconf 90' lang='lat'>,</span> <span class='ocrx_word' id='word_1_45' title='bbox 319 735 362 779; x_wconf 88' lang='lat' dir='ltr'><strong>a</strong></span> <span class='ocrx_word' id='word_1_46' title='bbox 396 717 619 794; x_wconf 88' lang='lat' dir='ltr'><strong>quibus</strong></span> <span class='ocrx_word' id='word_1_47' title='bbox 649 719 825 779; x_wconf 91' lang='lat' dir='ltr'><strong>etiam</strong></span> <span class='ocrx_word' id='word_1_48' title='bbox 854 718 1198 780; x_wconf 84' lang='lat' dir='ltr'><strong>tacentibus</strong></span> <span class='ocrx_word' id='word_1_49' title='bbox 1229 717 1493 794; x_wconf 87' lang='lat' dir='ltr'><strong>flagitari</strong></span> <span class='ocrx_word' id='word_1_50' title='bbox 1520 718 1826 779; x_wconf 87' lang='lat' dir='ltr'><strong>videmur:</strong></span> <span class='ocrx_word' id='word_1_51' title='bbox 1886 718 2033 779; x_wconf 90' lang='lat' dir='ltr'><strong>illud</strong></span> <span class='ocrx_word' id='word_1_52' title='bbox 2071 719 2261 789; x_wconf 80' lang='lat' dir='ltr'><strong>admi·</strong></span> 
     </span>
     <span class='ocr_line' id='line_1_7' title="bbox 142 800 2258 878; baseline 0 -16"><span class='ocrx_word' id='word_1_53' title='bbox 142 800 429 863; x_wconf 85' lang='lat' dir='ltr'><strong>rabilius</strong></span> <span class='ocrx_word' id='word_1_54' title='bbox 458 809 520 862; x_wconf 90' lang='lat' dir='ltr'><strong>et</strong></span> <span class='ocrx_word' id='word_1_55' title='bbox 547 802 741 862; x_wconf 87' lang='lat' dir='ltr'><strong>maius</strong></span> <span class='ocrx_word' id='word_1_56' title='bbox 773 800 1162 878; x_wconf 78' lang='lat' dir='ltr'>maximeque</span> <span class='ocrx_word' id='word_1_57' title='bbox 1194 802 1505 878; x_wconf 84' lang='lat' dir='ltr'><strong>proprium</strong></span> <span class='ocrx_word' id='word_1_58' title='bbox 1539 810 1790 864; x_wconf 89' lang='lat' dir='ltr'><strong>senatus</strong></span> <span class='ocrx_word' id='word_1_59' title='bbox 1821 801 2115 877; x_wconf 87' lang='lat' dir='ltr'><strong>sapientis</strong></span> <span class='ocrx_word' id='word_1_60' title='bbox 2146 813 2258 874; x_wconf 88' lang='lat' dir='ltr'><strong>est,</strong></span> 
     </span>
     <span class='ocr_line' id='line_1_8' title="bbox 145 884 2260 962; baseline 0 -17"><span class='ocrx_word' id='word_1_61' title='bbox 145 891 346 961; x_wconf 81' lang='lat' dir='ltr'><strong>grata</strong></span> <span class='ocrx_word' id='word_1_62' title='bbox 369 901 584 946; x_wconf 88' lang='lat' dir='ltr'><strong>eorum</strong></span> <span class='ocrx_word' id='word_1_63' title='bbox 609 884 891 945; x_wconf 87' lang='lat' dir='ltr'><strong>virtutem</strong></span> <span class='ocrx_word' id='word_1_64' title='bbox 914 885 1209 947; x_wconf 88' lang='lat' dir='ltr'><strong>memoria</strong></span> <span class='ocrx_word' id='word_1_65' title='bbox 1237 888 1553 962; x_wconf 85' lang='lat' dir='ltr'><strong>prosequi,</strong></span> <span class='ocrx_word' id='word_1_66' title='bbox 1586 886 1691 961; x_wconf 88' lang='lat' dir='ltr'><strong>qui</strong></span> <span class='ocrx_word' id='word_1_67' title='bbox 1713 901 1828 962; x_wconf 88' lang='lat' dir='ltr'><strong>pro</strong></span> <span class='ocrx_word' id='word_1_68' title='bbox 1857 885 2052 960; x_wconf 88' lang='lat' dir='ltr'><strong>patria</strong></span> <span class='ocrx_word' id='word_1_69' title='bbox 2076 884 2260 947; x_wconf 85' lang='lat' dir='ltr'><strong>vitam</strong></span> 
     </span>
     <span class='ocr_line' id='line_1_9' title="bbox 148 967 2259 1043; baseline -0 -14"><span class='ocrx_word' id='word_1_70' title='bbox 148 968 597 1041; x_wconf 74' lang='lat' dir='ltr'><strong>profuderunt.</strong></span> <span class='ocrx_word' id='word_1_71' title='bbox 682 967 784 1030; x_wconf 86' lang='lat'><strong>31.</strong></span> <span class='ocrx_word' id='word_1_72' title='bbox 831 969 1098 1043; x_wconf 82' lang='lat' dir='ltr'><strong>Quorum</strong></span> <span class='ocrx_word' id='word_1_73' title='bbox 1146 970 1224 1030; x_wconf 91' lang='lat' dir='ltr'><strong>de</strong></span> <span class='ocrx_word' id='word_1_74' title='bbox 1265 968 1501 1031; x_wconf 90' lang='lat' dir='ltr'><strong>honore</strong></span> <span class='ocrx_word' id='word_1_75' title='bbox 1532 969 1760 1031; x_wconf 86' lang='lat' dir='ltr'><strong>utinam</strong></span> <span class='ocrx_word' id='word_1_76' title='bbox 1796 968 1940 1029; x_wconf 88' lang='lat' dir='ltr'><strong>mihi</strong></span> <span class='ocrx_word' id='word_1_77' title='bbox 1984 970 2160 1043; x_wconf 87' lang='lat' dir='ltr'><strong>plura</strong></span> <span class='ocrx_word' id='word_1_78' title='bbox 2199 968 2259 1028; x_wconf 92' lang='lat' dir='ltr'><strong>in</strong></span> 
     </span>
     <span class='ocr_line' id='line_1_10' title="bbox 150 1051 2258 1128; baseline 0 -16"><span class='ocrx_word' id='word_1_79' title='bbox 150 1060 441 1113; x_wconf 82' lang='lat' dir='ltr'><strong>mentem</strong></span> <span class='ocrx_word' id='word_1_80' title='bbox 474 1051 779 1114; x_wconf 82' lang='lat' dir='ltr'><strong>venirent!</strong></span> <span class='ocrx_word' id='word_1_81' title='bbox 868 1054 1002 1113; x_wconf 90' lang='lat' dir='ltr'><strong>Duo</strong></span> <span class='ocrx_word' id='word_1_82' title='bbox 1035 1060 1200 1114; x_wconf 88' lang='lat' dir='ltr'><strong>certe</strong></span> <span class='ocrx_word' id='word_1_83' title='bbox 1229 1069 1355 1113; x_wconf 89' lang='lat' dir='ltr'><strong>non</strong></span> <span class='ocrx_word' id='word_1_84' title='bbox 1391 1051 1766 1128; x_wconf 89' lang='lat' dir='ltr'><strong>praeterib0‚</strong></span> <span class='ocrx_word' id='word_1_85' title='bbox 1800 1069 1960 1128; x_wconf 87' lang='lat' dir='ltr'><strong>quae</strong></span> <span class='ocrx_word' id='word_1_86' title='bbox 1995 1052 2258 1113; x_wconf 84' lang='lat' dir='ltr'><strong>maxime</strong></span> 
     </span>
     <span class='ocr_line' id='line_1_11' title="bbox 154 1134 2257 1233; baseline -0 -36"><span class='ocrx_word' id='word_1_87' title='bbox 154 1143 542 1197; x_wconf 81' lang='lat' dir='ltr'><strong>occurrunt:</strong></span> <span class='ocrx_word' id='word_1_88' title='bbox 588 1152 847 1233; x_wconf 78' lang='lat' dir='ltr'><strong>quorum</strong></span> <span class='ocrx_word' id='word_1_89' title='bbox 879 1137 1135 1197; x_wconf 88' lang='lat' dir='ltr'><strong>alterum</strong></span> <span class='ocrx_word' id='word_1_90' title='bbox 1167 1135 1430 1211; x_wconf 79' lang='lat' dir='ltr'><strong>pertinet</strong></span> <span class='ocrx_word' id='word_1_91' title='bbox 1458 1136 1537 1197; x_wconf 88' lang='lat' dir='ltr'><strong>ad</strong></span> <span class='ocrx_word' id='word_1_92' title='bbox 1579 1136 1853 1197; x_wconf 82' lang='lat' dir='ltr'><strong>virorum</strong></span> <span class='ocrx_word' id='word_1_93' title='bbox 1894 1134 2257 1197; x_wconf 82' lang='lat' dir='ltr'><strong>fortissimo-</strong></span> 
     </span>
     <span class='ocr_line' id='line_1_12' title="bbox 153 1218 2256 1295; baseline 0 -16"><span class='ocrx_word' id='word_1_94' title='bbox 153 1235 304 1279; x_wconf 87' lang='lat' dir='ltr'><strong>rum</strong></span> <span class='ocrx_word' id='word_1_95' title='bbox 334 1218 593 1293; x_wconf 80' lang='lat' dir='ltr'><strong>gloriam</strong></span> <span class='ocrx_word' id='word_1_96' title='bbox 622 1218 1083 1295; x_wconf 88' lang='lat' dir='ltr'><strong>sempiternam,</strong></span> <span class='ocrx_word' id='word_1_97' title='bbox 1125 1221 1380 1280; x_wconf 86' lang='lat' dir='ltr'><strong>alterum</strong></span> <span class='ocrx_word' id='word_1_98' title='bbox 1402 1243 1407 1247; x_wconf 96' lang='lat'><em>·</em></span> <span class='ocrx_word' id='word_1_99' title='bbox 1426 1220 1502 1281; x_wconf 87' lang='lat' dir='ltr'><strong>ad</strong></span> <span class='ocrx_word' id='word_1_100' title='bbox 1536 1219 1885 1280; x_wconf 90' lang='lat' dir='ltr'><strong>leniendum</strong></span> <span class='ocrx_word' id='word_1_101' title='bbox 1917 1235 2256 1281; x_wconf 89' lang='lat' dir='ltr'><strong>maerorem</strong></span> 
     </span>
     <span class='ocr_line' id='line_1_13' title="bbox 159 1303 2279 1378; baseline 0 -15"><span class='ocrx_word' id='word_1_102' title='bbox 159 1310 231 1364; x_wconf 90' lang='lat' dir='ltr'><strong>et</strong></span> <span class='ocrx_word' id='word_1_103' title='bbox 265 1303 499 1363; x_wconf 83' lang='lat' dir='ltr'><strong>luctum</strong></span> <span class='ocrx_word' id='word_1_104' title='bbox 529 1303 967 1378; x_wconf 86' lang='lat' dir='ltr'><strong>proximorum.</strong></span> <span class='ocrx_word' id='word_1_105' title='bbox 2272 1371 2279 1376; x_wconf 53' lang='grc'><em>,</em></span> 
     </span>
     <span class='ocr_line' id='line_1_14' title="bbox 299 1358 2255 1463; baseline 0.001 -19"><span class='ocrx_word' id='word_1_106' title='bbox 299 1386 430 1445; x_wconf 87' lang='lat' dir='ltr'><strong>xu.</strong></span> <span class='ocrx_word' id='word_1_107' title='bbox 473 1386 679 1448; x_wconf 80' lang='lat' dir='ltr'><strong>Placet</strong></span> <span class='ocrx_word' id='word_1_108' title='bbox 708 1386 892 1463; x_wconf 89' lang='lat' dir='ltr'><strong>igitur</strong></span> <span class='ocrx_word' id='word_1_109' title='bbox 919 1385 1096 1461; x_wconf 89' lang='lat' dir='ltr'><strong>mihi,</strong></span> <span class='ocrx_word' id='word_1_110' title='bbox 1138 1394 1343 1462; x_wconf 89' lang='lat' dir='ltr'><strong>patres</strong></span> <span class='ocrx_word' id='word_1_111' title='bbox 1381 1358 1746 1462; x_wconf 83' lang='lat' dir='ltr'><strong>conscripti,</strong></span> <span class='ocrx_word' id='word_1_112' title='bbox 1798 1383 2063 1461; x_wconf 82' lang='lat' dir='ltr'><strong>legionis</strong></span> <span class='ocrx_word' id='word_1_113' title='bbox 2097 1386 2255 1446; x_wconf 87' lang='lat' dir='ltr'><strong>Mar·</strong></span> 
     </span>
     <span class='ocr_line' id='line_1_15' title="bbox 164 1466 2256 1547; baseline -0.002 -16"><span class='ocrx_word' id='word_1_114' title='bbox 164 1469 294 1531; x_wconf 88' lang='lat' dir='ltr'><strong>tiae</strong></span> <span class='ocrx_word' id='word_1_115' title='bbox 337 1469 627 1532; x_wconf 85' lang='lat' dir='ltr'><strong>militibus</strong></span> <span class='ocrx_word' id='word_1_116' title='bbox 668 1477 731 1531; x_wconf 89' lang='lat' dir='ltr'><strong>et</strong></span> <span class='ocrx_word' id='word_1_117' title='bbox 768 1470 891 1543; x_wconf 91' lang='lat' dir='ltr'><strong>eis,</strong></span> <span class='ocrx_word' id='word_1_118' title='bbox 928 1471 1041 1546; x_wconf 79' lang='lat' dir='ltr'><strong>qui</strong></span> <span class='ocrx_word' id='word_1_119' title='bbox 1077 1486 1197 1532; x_wconf 89' lang='lat' dir='ltr'><strong>una</strong></span> <span class='ocrx_word' id='word_1_120' title='bbox 1230 1478 1574 1547; x_wconf 83' lang='lat' dir='ltr'><strong>pugnantes</strong></span> <span class='ocrx_word' id='word_1_121' title='bbox 1612 1466 1977 1536; x_wconf 87' lang='lat' dir='ltr'><strong>occiderint,</strong></span> <span class='ocrx_word' id='word_1_122' title='bbox 2059 1467 2256 1530; x_wconf 91' lang='lat' dir='ltr'><strong>moni·</strong></span> 
     </span>
     <span class='ocr_line' id='line_1_16' title="bbox 164 1552 2252 1630; baseline 0 -18"><span class='ocrx_word' id='word_1_123' title='bbox 164 1561 442 1615; x_wconf 87' lang='lat' dir='ltr'><strong>mentum</strong></span> <span class='ocrx_word' id='word_1_124' title='bbox 481 1552 614 1615; x_wconf 88' lang='lat' dir='ltr'><strong>fieri</strong></span> <span class='ocrx_word' id='word_1_125' title='bbox 643 1570 830 1629; x_wconf 87' lang='lat' dir='ltr'><strong>quam</strong></span> <span class='ocrx_word' id='word_1_126' title='bbox 856 1553 1321 1630; x_wconf 85' lang='lat' dir='ltr'><strong>amplissimum.</strong></span> <span class='ocrx_word' id='word_1_127' title='bbox 1405 1553 1628 1628; x_wconf 86' lang='lat' dir='ltr'><strong>Magna</strong></span> <span class='ocrx_word' id='word_1_128' title='bbox 1663 1561 1850 1629; x_wconf 89' lang='lat' dir='ltr'><strong>atque</strong></span> <span class='ocrx_word' id='word_1_129' title='bbox 1880 1552 2252 1614; x_wconf 85' lang='lat' dir='ltr'><strong>incredibilia</strong></span> 
     </span>
     <span class='ocr_line' id='line_1_17' title="bbox 166 1635 2258 1714; baseline -0 -17"><span class='ocrx_word' id='word_1_130' title='bbox 166 1636 402 1697; x_wconf 83' lang='lat' dir='ltr'><strong>suntin</strong></span> <span class='ocrx_word' id='word_1_131' title='bbox 436 1653 565 1699; x_wconf 89' lang='lat' dir='ltr'><strong>rem</strong></span> <span class='ocrx_word' id='word_1_132' title='bbox 595 1636 904 1714; x_wconf 87' lang='lat' dir='ltr'><strong>publicam</strong></span> <span class='ocrx_word' id='word_1_133' title='bbox 934 1637 1113 1699; x_wconf 87' lang='lat' dir='ltr'><strong>huius</strong></span> <span class='ocrx_word' id='word_1_134' title='bbox 1148 1637 1362 1698; x_wconf 87' lang='lat' dir='ltr'><strong>merita</strong></span> <span class='ocrx_word' id='word_1_135' title='bbox 1389 1635 1672 1713; x_wconf 89' lang='lat' dir='ltr'><strong>legionis.</strong></span> <span class='ocrx_word' id='word_1_136' title='bbox 1759 1637 1928 1697; x_wconf 90' lang='lat' dir='ltr'><strong>Haec</strong></span> <span class='ocrx_word' id='word_1_137' title='bbox 1960 1654 2029 1697; x_wconf 89' lang='lat' dir='ltr'><strong>se</strong></span> <span class='ocrx_word' id='word_1_138' title='bbox 2061 1635 2258 1711; x_wconf 83' lang='lat' dir='ltr'><strong>prima</strong></span> 
     </span>
     <span class='ocr_line' id='line_1_18' title="bbox 170 1719 2253 1797; baseline 0 -17"><span class='ocrx_word' id='word_1_139' title='bbox 170 1720 494 1782; x_wconf 90' lang='lat' dir='ltr'><strong>latrocinio</strong></span> <span class='ocrx_word' id='word_1_140' title='bbox 534 1720 779 1797; x_wconf 81' lang='lat' dir='ltr'><strong>abrupit</strong></span> <span class='ocrx_word' id='word_1_141' title='bbox 819 1720 1102 1783; x_wconf 79' lang='lat' dir='ltr'><strong>Antonii:</strong></span> <span class='ocrx_word' id='word_1_142' title='bbox 1148 1721 1300 1782; x_wconf 84' lang='lat' dir='ltr'><strong>haec</strong></span> <span class='ocrx_word' id='word_1_143' title='bbox 1341 1720 1535 1782; x_wconf 87' lang='lat' dir='ltr'><strong>tenuit</strong></span> <span class='ocrx_word' id='word_1_144' title='bbox 1561 1721 1812 1781; x_wconf 74' lang='lat' dir='ltr'><strong>Albam:</strong></span> <span class='ocrx_word' id='word_1_145' title='bbox 1861 1719 2016 1781; x_wconf 89' lang='lat' dir='ltr'><strong>haec</strong></span> <span class='ocrx_word' id='word_1_146' title='bbox 2063 1736 2133 1780; x_wconf 89' lang='lat' dir='ltr'><strong>se</strong></span> <span class='ocrx_word' id='word_1_147' title='bbox 2175 1721 2253 1781; x_wconf 90' lang='lat' dir='ltr'><strong>ad</strong></span> 
     </span>
     <span class='ocr_line' id='line_1_19' title="bbox 170 1802 2254 1879; baseline 0 -16"><span class='ocrx_word' id='word_1_148' title='bbox 170 1804 499 1865; x_wconf 86' lang='lat' dir='ltr'><strong>Caesarem</strong></span> <span class='ocrx_word' id='word_1_149' title='bbox 532 1804 815 1866; x_wconf 81' lang='lat' dir='ltr'><strong>contulit=</strong></span> <span class='ocrx_word' id='word_1_150' title='bbox 877 1805 1036 1865; x_wconf 88' lang='lat' dir='ltr'><strong>hanc</strong></span> <span class='ocrx_word' id='word_1_151' title='bbox 1071 1806 1298 1866; x_wconf 85' lang='lat' dir='ltr'><strong>imitata</strong></span> <span class='ocrx_word' id='word_1_152' title='bbox 1329 1812 1545 1879; x_wconf 89' lang='lat' dir='ltr'><strong>quarta</strong></span> <span class='ocrx_word' id='word_1_153' title='bbox 1579 1802 1741 1879; x_wconf 88' lang='lat' dir='ltr'><strong>legio</strong></span> <span class='ocrx_word' id='word_1_154' title='bbox 1777 1820 1988 1879; x_wconf 88' lang='lat' dir='ltr'><strong>parem</strong></span> <span class='ocrx_word' id='word_1_155' title='bbox 2019 1803 2254 1864; x_wconf 89' lang='lat' dir='ltr'><strong>virtutis</strong></span> 
     </span>
     <span class='ocr_line' id='line_1_20' title="bbox 171 1885 2253 1963; baseline 0 -17"><span class='ocrx_word' id='word_1_156' title='bbox 171 1885 432 1962; x_wconf 87' lang='lat' dir='ltr'><strong>gloriam</strong></span> <span class='ocrx_word' id='word_1_157' title='bbox 481 1897 814 1951; x_wconf 87' lang='lat' dir='ltr'><strong>consecuta</strong></span> <span class='ocrx_word' id='word_1_158' title='bbox 855 1897 969 1950; x_wconf 89' lang='lat' dir='ltr'><strong>est.</strong></span> <span class='ocrx_word' id='word_1_159' title='bbox 1058 1889 1283 1963; x_wconf 82' lang='lat' dir='ltr'><strong>Quarta</strong></span> <span class='ocrx_word' id='word_1_160' title='bbox 1327 1887 1545 1949; x_wconf 84' lang='lat' dir='ltr'><strong>victrix</strong></span> <span class='ocrx_word' id='word_1_161' title='bbox 1576 1886 1888 1949; x_wconf 87' lang='lat' dir='ltr'><strong>desiderat</strong></span> <span class='ocrx_word' id='word_1_162' title='bbox 1917 1886 2253 1948; x_wconf 82' lang='lat' dir='ltr'><strong>nemiuem.</strong></span> 
     </span>
     <span class='ocr_line' id='line_1_21' title="bbox 105 1970 2256 2049; baseline 0.001 -17"><span class='ocrx_word' id='word_1_163' title='bbox 105 2032 118 2042; x_wconf 79' lang='grc'>,</span> <span class='ocrx_word' id='word_1_164' title='bbox 173 1989 258 2032; x_wconf 88' lang='lat' dir='ltr'><strong>ex</strong></span> <span class='ocrx_word' id='word_1_165' title='bbox 286 1970 501 2032; x_wconf 89' lang='lat' dir='ltr'><strong>Martia</strong></span> <span class='ocrx_word' id='word_1_166' title='bbox 529 1989 651 2035; x_wconf 91' lang='lat' dir='ltr'><strong>non</strong></span> <span class='ocrx_word' id='word_1_167' title='bbox 686 1972 879 2034; x_wconf 90' lang='lat' dir='ltr'><strong>nulli</strong></span> <span class='ocrx_word' id='word_1_168' title='bbox 862 1991 922 2034; x_wconf 78' lang='lat' dir='ltr'><strong>in</strong></span> <span class='ocrx_word' id='word_1_169' title='bbox 952 1972 1090 2049; x_wconf 87' lang='lat' dir='ltr'><strong>ipsa</strong></span> <span class='ocrx_word' id='word_1_170' title='bbox 1124 1972 1379 2034; x_wconf 85' lang='lat' dir='ltr'><strong>victoria</strong></span> <span class='ocrx_word' id='word_1_171' title='bbox 1409 1973 1827 2034; x_wconf 86' lang='lat' dir='ltr'><strong>conciderunt.</strong></span> <span class='ocrx_word' id='word_1_172' title='bbox 1873 1971 1921 2032; x_wconf 93' lang='grc' dir='ltr'>Ο</span> <span class='ocrx_word' id='word_1_173' title='bbox 1952 1973 2256 2034; x_wconf 81' lang='lat' dir='ltr'><strong>fortunata</strong></span> 
     </span>
     <span class='ocr_line' id='line_1_22' title="bbox 177 2048 2250 2132; baseline 0.001 -18"><span class='ocrx_word' id='word_1_174' title='bbox 177 2070 362 2127; x_wconf 72' lang='lat' dir='ltr'><strong>moi-S,</strong></span> <span class='ocrx_word' id='word_1_175' title='bbox 392 2071 555 2130; x_wconf 87' lang='lat' dir='ltr'><strong>quae</strong></span> <span class='ocrx_word' id='word_1_176' title='bbox 581 2048 834 2118; x_wconf 87' lang='lat' dir='ltr'><strong>naturae</strong></span> <span class='ocrx_word' id='word_1_177' title='bbox 857 2057 1061 2117; x_wconf 87' lang='lat' dir='ltr'><strong>debita</strong></span> <span class='ocrx_word' id='word_1_178' title='bbox 1084 2074 1196 2132; x_wconf 88' lang='lat' dir='ltr'><strong>pro</strong></span> <span class='ocrx_word' id='word_1_179' title='bbox 1226 2056 1421 2132; x_wconf 86' lang='lat' dir='ltr'><strong>patria</strong></span> <span class='ocrx_word' id='word_1_180' title='bbox 1451 2065 1546 2117; x_wconf 88' lang='lat' dir='ltr'><strong>est</strong></span> <span class='ocrx_word' id='word_1_181' title='bbox 1575 2055 1962 2132; x_wconf 85' lang='lat' dir='ltr'><strong>potissimum</strong></span> <span class='ocrx_word' id='word_1_182' title='bbox 1985 2053 2250 2116; x_wconf 75' lang='lat' dir='ltr'><strong>reddita!</strong></span> 
     </span>
     <span class='ocr_line' id='line_1_23' title="bbox 174 2138 2254 2215; baseline -0.001 -15"><span class='ocrx_word' id='word_1_183' title='bbox 174 2138 279 2200; x_wconf 74' lang='lat'><strong>32.</strong></span> <span class='ocrx_word' id='word_1_184' title='bbox 335 2139 468 2198; x_wconf 89' lang='lat' dir='ltr'><strong>Vos</strong></span> <span class='ocrx_word' id='word_1_185' title='bbox 512 2155 657 2200; x_wconf 86' lang='lat' dir='ltr'><strong>vero</strong></span> <span class='ocrx_word' id='word_1_186' title='bbox 702 2139 931 2214; x_wconf 84' lang='lat' dir='ltr'><strong>patriae</strong></span> <span class='ocrx_word' id='word_1_187' title='bbox 980 2149 1157 2202; x_wconf 87' lang='lat' dir='ltr'><strong>natos</strong></span> <span class='ocrx_word' id='word_1_188' title='bbox 1208 2140 1443 2202; x_wconf 80' lang='lat' dir='ltr'><strong>iudico:</strong></span> <span class='ocrx_word' id='word_1_189' title='bbox 1507 2156 1766 2215; x_wconf 90' lang='lat' dir='ltr'><strong>quorum</strong></span> <span class='ocrx_word' id='word_1_190' title='bbox 1809 2139 1991 2200; x_wconf 86' lang='lat' dir='ltr'><strong>etiam</strong></span> <span class='ocrx_word' id='word_1_191' title='bbox 2031 2155 2254 2200; x_wconf 91' lang='lat' dir='ltr'><strong>nomen</strong></span> 
     </span>
     <span class='ocr_line' id='line_1_24' title="bbox 179 2221 2254 2299; baseline 0 -17"><span class='ocrx_word' id='word_1_192' title='bbox 179 2240 218 2282; x_wconf 87' lang='lat' dir='ltr'><strong>a</strong></span> <span class='ocrx_word' id='word_1_193' title='bbox 247 2221 440 2282; x_wconf 88' lang='lat' dir='ltr'><strong>Marte</strong></span> <span class='ocrx_word' id='word_1_194' title='bbox 469 2230 595 2296; x_wconf 88' lang='lat' dir='ltr'><strong>est,</strong></span> <span class='ocrx_word' id='word_1_195' title='bbox 648 2232 715 2284; x_wconf 88' lang='lat' dir='ltr'><strong>ut</strong></span> <span class='ocrx_word' id='word_1_196' title='bbox 761 2222 921 2284; x_wconf 89' lang='lat' dir='ltr'><strong>idem</strong></span> <span class='ocrx_word' id='word_1_197' title='bbox 953 2226 1107 2286; x_wconf 89' lang='lat' dir='ltr'><strong>deus</strong></span> <span class='ocrx_word' id='word_1_198' title='bbox 1148 2225 1362 2285; x_wconf 88' lang='lat' dir='ltr'><strong>urbem</strong></span> <span class='ocrx_word' id='word_1_199' title='bbox 1403 2223 1562 2283; x_wconf 91' lang='lat' dir='ltr'><strong>hanc</strong></span> <span class='ocrx_word' id='word_1_200' title='bbox 1596 2223 1909 2299; x_wconf 73' lang='lat' dir='ltr'><strong>gentibue,</strong></span> <span class='ocrx_word' id='word_1_201' title='bbox 1955 2239 2072 2284; x_wconf 87' lang='lat' dir='ltr'><strong>vos</strong></span> <span class='ocrx_word' id='word_1_202' title='bbox 2114 2221 2254 2283; x_wconf 87' lang='lat' dir='ltr'><strong>huic</strong></span> 
     </span>
     <span class='ocr_line' id='line_1_25' title="bbox 178 2304 2255 2384; baseline 0 -18"><span class='ocrx_word' id='word_1_203' title='bbox 178 2304 312 2367; x_wconf 90' lang='lat' dir='ltr'><strong>urbi</strong></span> <span class='ocrx_word' id='word_1_204' title='bbox 340 2305 633 2382; x_wconf 84' lang='lat' dir='ltr'><strong>genuisse</strong></span> <span class='ocrx_word' id='word_1_205' title='bbox 664 2304 957 2369; x_wconf 86' lang='lat' dir='ltr'><strong>videatur.</strong></span> <span class='ocrx_word' id='word_1_206' title='bbox 1045 2310 1113 2369; x_wconf 86' lang='lat' dir='ltr'><strong>In</strong></span> <span class='ocrx_word' id='word_1_207' title='bbox 1148 2309 1292 2384; x_wconf 80' lang='lat' dir='ltr'><strong>fuga</strong></span> <span class='ocrx_word' id='word_1_208' title='bbox 1321 2308 1505 2368; x_wconf 84' lang='lat' dir='ltr'><strong>foeda</strong></span> <span class='ocrx_word' id='word_1_209' title='bbox 1531 2323 1696 2369; x_wconf 88' lang='lat' dir='ltr'><strong>mors</strong></span> <span class='ocrx_word' id='word_1_210' title='bbox 1727 2313 1853 2368; x_wconf 66' lang='lat' dir='ltr'><strong>este</strong></span> <span class='ocrx_word' id='word_1_211' title='bbox 1908 2305 1969 2367; x_wconf 92' lang='lat' dir='ltr'><strong>in</strong></span> <span class='ocrx_word' id='word_1_212' title='bbox 2002 2305 2255 2368; x_wconf 84' lang='lat' dir='ltr'><strong>victoria</strong></span> 
     </span>
     <span class='ocr_line' id='line_1_26' title="bbox 182 2388 2254 2468; baseline 0.001 -20"><span class='ocrx_word' id='word_1_213' title='bbox 182 2388 461 2465; x_wconf 86' lang='lat' dir='ltr'><strong>gloriosa.</strong></span> <span class='ocrx_word' id='word_1_214' title='bbox 547 2389 782 2452; x_wconf 87' lang='lat' dir='ltr'><strong>Etenim</strong></span> <span class='ocrx_word' id='word_1_215' title='bbox 816 2390 981 2453; x_wconf 85' lang='lat' dir='ltr'><strong>Mars</strong></span> <span class='ocrx_word' id='word_1_216' title='bbox 1022 2392 1161 2468; x_wconf 91' lang='lat' dir='ltr'><strong>ipse</strong></span> <span class='ocrx_word' id='word_1_217' title='bbox 1206 2409 1288 2452; x_wconf 91' lang='lat' dir='ltr'><strong>ex</strong></span> <span class='ocrx_word' id='word_1_218' title='bbox 1328 2391 1460 2452; x_wconf 88' lang='lat' dir='ltr'><strong>acie</strong></span> <span class='ocrx_word' id='word_1_219' title='bbox 1500 2390 1893 2454; x_wconf 78' lang='lat' dir='ltr'><strong>fortissimum</strong></span> <span class='ocrx_word' id='word_1_220' title='bbox 1947 2406 2254 2466; x_wconf 84' lang='lat' dir='ltr'><strong>quemque</strong></span> 
     </span>
     <span class='ocr_line' id='line_1_27' title="bbox 189 2472 2254 2552; baseline 0 -19"><span class='ocrx_word' id='word_1_221' title='bbox 189 2473 481 2549; x_wconf 85' lang='lat' dir='ltr'><strong>pignerari</strong></span> <span class='ocrx_word' id='word_1_222' title='bbox 511 2475 686 2537; x_wconf 88' lang='lat' dir='ltr'><strong>solet.</strong></span> <span class='ocrx_word' id='word_1_223' title='bbox 777 2475 867 2534; x_wconf 92' lang='lat' dir='ltr'><strong>llli</strong></span> <span class='ocrx_word' id='word_1_224' title='bbox 896 2474 1077 2550; x_wconf 86' lang='lat' dir='ltr'><strong>igitur</strong></span> <span class='ocrx_word' id='word_1_225' title='bbox 1103 2474 1307 2552; x_wconf 87' lang='lat' dir='ltr'><strong>impii,</strong></span> <span class='ocrx_word' id='word_1_226' title='bbox 1355 2490 1516 2551; x_wconf 87' lang='lat' dir='ltr'><strong>quos</strong></span> <span class='ocrx_word' id='word_1_227' title='bbox 1558 2472 1898 2549; x_wconf 79' lang='lat' dir='ltr'><strong>cecidistiS,</strong></span> <span class='ocrx_word' id='word_1_228' title='bbox 1950 2473 2129 2534; x_wconf 85' lang='lat' dir='ltr'><strong>etiam</strong></span> <span class='ocrx_word' id='word_1_229' title='bbox 2174 2474 2254 2533; x_wconf 86' lang='lat' dir='ltr'><strong>ad</strong></span> 
     </span>
     <span class='ocr_line' id='line_1_28' title="bbox 184 2556 2251 2635; baseline -0.001 -18"><span class='ocrx_word' id='word_1_230' title='bbox 184 2557 405 2628; x_wconf 76' lang='lat' dir='ltr'><strong>inferos</strong></span> <span class='ocrx_word' id='word_1_231' title='bbox 431 2572 667 2633; x_wconf 90' lang='lat' dir='ltr'><strong>poenas</strong></span> <span class='ocrx_word' id='word_1_232' title='bbox 700 2556 1009 2635; x_wconf 86' lang='lat' dir='ltr'><strong>parricidii</strong></span> <span class='ocrx_word' id='word_1_233' title='bbox 1037 2560 1233 2620; x_wconf 85' lang='lat' dir='ltr'><strong>luent=</strong></span> <span class='ocrx_word' id='word_1_234' title='bbox 1279 2575 1391 2621; x_wconf 86' lang='lat' dir='ltr'><strong>vos</strong></span> <span class='ocrx_word' id='word_1_235' title='bbox 1414 2575 1595 2632; x_wconf 87' lang='lat' dir='ltr'><strong>vero,</strong></span> <span class='ocrx_word' id='word_1_236' title='bbox 1627 2558 1733 2634; x_wconf 91' lang='lat' dir='ltr'><strong>qui</strong></span> <span class='ocrx_word' id='word_1_237' title='bbox 1763 2565 2099 2619; x_wconf 83' lang='lat' dir='ltr'><strong>extremum</strong></span> <span class='ocrx_word' id='word_1_238' title='bbox 2127 2557 2251 2633; x_wconf 88' lang='lat' dir='ltr'><strong>spi·</strong></span> 
     </span>
     <span class='ocr_line' id='line_1_29' title="bbox 185 2639 2254 2719; baseline 0 -19"><span class='ocrx_word' id='word_1_239' title='bbox 185 2643 351 2702; x_wconf 88' lang='lat' dir='ltr'><strong>ritum</strong></span> <span class='ocrx_word' id='word_1_240' title='bbox 400 2639 462 2708; x_wconf 84' lang='lat' dir='ltr'><strong>in</strong></span> <span class='ocrx_word' id='word_1_241' title='bbox 497 2639 754 2702; x_wconf 87' lang='lat' dir='ltr'><strong>victoria</strong></span> <span class='ocrx_word' id='word_1_242' title='bbox 794 2640 1130 2717; x_wconf 80' lang='lat' dir='ltr'><strong>effudistiS‚</strong></span> <span class='ocrx_word' id='word_1_243' title='bbox 1171 2642 1422 2719; x_wconf 86' lang='lat' dir='ltr'><strong>piorum</strong></span> <span class='ocrx_word' id='word_1_244' title='bbox 1471 2640 1622 2703; x_wconf 89' lang='lat' dir='ltr'><strong>estis</strong></span> <span class='ocrx_word' id='word_1_245' title='bbox 1671 2641 1883 2702; x_wconf 87' lang='lat' dir='ltr'><strong>sedem</strong></span> <span class='ocrx_word' id='word_1_246' title='bbox 1939 2649 2000 2703; x_wconf 90' lang='lat' dir='ltr'><strong>et</strong></span> <span class='ocrx_word' id='word_1_247' title='bbox 2051 2641 2254 2703; x_wconf 91' lang='lat' dir='ltr'><strong>locum</strong></span> 
     </span>
     <span class='ocr_line' id='line_1_30' title="bbox 186 2721 2253 2788; baseline -0 -4"><span class='ocrx_word' id='word_1_248' title='bbox 186 2721 510 2786; x_wconf 86' lang='lat' dir='ltr'><strong>consecuti.</strong></span> <span class='ocrx_word' id='word_1_249' title='bbox 594 2723 815 2786; x_wconf 88' lang='lat' dir='ltr'><strong>Brevis</strong></span> <span class='ocrx_word' id='word_1_250' title='bbox 843 2742 880 2786; x_wconf 91' lang='lat' dir='ltr'><strong>a</strong></span> <span class='ocrx_word' id='word_1_251' title='bbox 904 2733 1119 2788; x_wconf 85' lang='lat' dir='ltr'><strong>natura</strong></span> <span class='ocrx_word' id='word_1_252' title='bbox 1150 2725 1331 2788; x_wconf 89' lang='lat' dir='ltr'><strong>nobis</strong></span> <span class='ocrx_word' id='word_1_253' title='bbox 1364 2727 1487 2786; x_wconf 86' lang='lat' dir='ltr'><strong>vita</strong></span> <span class='ocrx_word' id='word_1_254' title='bbox 1517 2725 1659 2785; x_wconf 88' lang='lat' dir='ltr'><strong>data</strong></span> <span class='ocrx_word' id='word_1_255' title='bbox 1694 2733 1817 2785; x_wconf 72' lang='lat' dir='ltr'><strong>este</strong></span> <span class='ocrx_word' id='word_1_256' title='bbox 1869 2732 1933 2784; x_wconf 89' lang='lat' dir='ltr'><strong>at</strong></span> <span class='ocrx_word' id='word_1_257' title='bbox 1961 2722 2253 2784; x_wconf 81' lang='lat' dir='ltr'><strong>memorIa</strong></span> 
     </span>
     <span class='ocr_line' id='line_1_31' title="bbox 187 2807 2254 2886; baseline -0.001 -18"><span class='ocrx_word' id='word_1_258' title='bbox 187 2809 336 2869; x_wconf 91' lang='lat' dir='ltr'><strong>bene</strong></span> <span class='ocrx_word' id='word_1_259' title='bbox 360 2807 635 2869; x_wconf 89' lang='lat' dir='ltr'><strong>redditae</strong></span> <span class='ocrx_word' id='word_1_260' title='bbox 672 2809 832 2869; x_wconf 90' lang='lat' dir='ltr'><strong>vitae</strong></span> <span class='ocrx_word' id='word_1_261' title='bbox 875 2809 1267 2886; x_wconf 88' lang='lat' dir='ltr'><strong>sempiterna.</strong></span> <span class='ocrx_word' id='word_1_262' title='bbox 1355 2810 1524 2884; x_wconf 83' lang='lat' dir='ltr'><strong>Quae</strong></span> <span class='ocrx_word' id='word_1_263' title='bbox 1556 2808 1608 2868; x_wconf 90' lang='lat' dir='ltr'><strong>si</strong></span> <span class='ocrx_word' id='word_1_264' title='bbox 1651 2825 1772 2869; x_wconf 90' lang='lat' dir='ltr'><strong>non</strong></span> <span class='ocrx_word' id='word_1_265' title='bbox 1805 2814 1975 2869; x_wconf 88' lang='lat' dir='ltr'><strong>esset</strong></span> <span class='ocrx_word' id='word_1_266' title='bbox 2011 2807 2254 2882; x_wconf 84' lang='lat' dir='ltr'><strong>longior</strong></span> 
     </span>
     <span class='ocr_line' id='line_1_32' title="bbox 191 2889 2253 2969; baseline -0.001 -18"><span class='ocrx_word' id='word_1_267' title='bbox 191 2907 361 2964; x_wconf 90' lang='lat' dir='ltr'><strong>quam</strong></span> <span class='ocrx_word' id='word_1_268' title='bbox 388 2891 540 2952; x_wconf 90' lang='lat' dir='ltr'><strong>haec</strong></span> <span class='ocrx_word' id='word_1_269' title='bbox 570 2891 725 2966; x_wconf 87' lang='lat' dir='ltr'><strong>vita,</strong></span> <span class='ocrx_word' id='word_1_270' title='bbox 770 2891 910 2969; x_wconf 88' lang='lat' dir='ltr'><strong>quis</strong></span> <span class='ocrx_word' id='word_1_271' title='bbox 952 2903 1123 2955; x_wconf 86' lang='lat' dir='ltr'><strong>esset</strong></span> <span class='ocrx_word' id='word_1_272' title='bbox 1152 2903 1274 2955; x_wconf 89' lang='lat' dir='ltr'><strong>tam</strong></span> <span class='ocrx_word' id='word_1_273' title='bbox 1315 2909 1530 2954; x_wconf 90' lang='lat' dir='ltr'><strong>amens</strong></span> <span class='ocrx_word' id='word_1_274' title='bbox 1566 2890 1672 2968; x_wconf 91' lang='lat' dir='ltr'><strong>qui</strong></span> <span class='ocrx_word' id='word_1_275' title='bbox 1711 2889 1994 2951; x_wconf 87' lang='lat' dir='ltr'><strong>maximis</strong></span> <span class='ocrx_word' id='word_1_276' title='bbox 2031 2889 2253 2950; x_wconf 80' lang='lat' dir='ltr'><strong>labori·</strong></span> 
     </span>
     <span class='ocr_line' id='line_1_33' title="bbox 190 2974 2253 3052; baseline 0 -19"><span class='ocrx_word' id='word_1_277' title='bbox 190 2974 299 3036; x_wconf 91' lang='lat' dir='ltr'><strong>bus</strong></span> <span class='ocrx_word' id='word_1_278' title='bbox 344 2984 403 3037; x_wconf 92' lang='lat' dir='ltr'><strong>et</strong></span> <span class='ocrx_word' id='word_1_279' title='bbox 450 2974 739 3052; x_wconf 89' lang='lat' dir='ltr'><strong>periculis</strong></span> <span class='ocrx_word' id='word_1_280' title='bbox 790 2977 870 3036; x_wconf 88' lang='lat' dir='ltr'><strong>ad</strong></span> <span class='ocrx_word' id='word_1_281' title='bbox 920 2994 1218 3039; x_wconf 83' lang='lat' dir='ltr'><strong>summam</strong></span> <span class='ocrx_word' id='word_1_282' title='bbox 1273 2976 1517 3037; x_wconf 90' lang='lat' dir='ltr'><strong>laudem</strong></span> <span class='ocrx_word' id='word_1_283' title='bbox 1569 2975 1950 3051; x_wconf 87' lang='lat' dir='ltr'><strong>gloriamque</strong></span> <span class='ocrx_word' id='word_1_284' title='bbox 2003 2982 2253 3035; x_wconf 78' lang='lat' dir='ltr'><strong>conten·</strong></span> 
     </span>
     <span class='ocr_line' id='line_1_34' title="bbox 191 3055 2253 3138; baseline -0 -20"><span class='ocrx_word' id='word_1_285' title='bbox 191 3059 386 3119; x_wconf 64' lang='lat' dir='ltr'><strong>deret?</strong></span> <span class='ocrx_word' id='word_1_286' title='bbox 480 3057 583 3118; x_wconf 82' lang='lat'><strong>33.</strong></span> <span class='ocrx_word' id='word_1_287' title='bbox 639 3063 862 3121; x_wconf 88' lang='lat' dir='ltr'><strong>Actum</strong></span> <span class='ocrx_word' id='word_1_288' title='bbox 914 3059 1096 3138; x_wconf 88' lang='lat' dir='ltr'><strong>igitur</strong></span> <span class='ocrx_word' id='word_1_289' title='bbox 1140 3060 1455 3136; x_wconf 87' lang='lat' dir='ltr'><strong>praeclare</strong></span> <span class='ocrx_word' id='word_1_290' title='bbox 1504 3057 1857 3131; x_wconf 85' lang='lat' dir='ltr'><strong>vobiscum,</strong></span> <span class='ocrx_word' id='word_1_291' title='bbox 1917 3055 2253 3130; x_wconf 79' lang='lat' dir='ltr'><strong>fortissimi,</strong></span> 
     </span>
     <span class='ocr_line' id='line_1_35' title="bbox 193 3139 2253 3216; baseline -0 -14"><span class='ocrx_word' id='word_1_292' title='bbox 193 3143 325 3202; x_wconf 89' lang='lat' dir='ltr'><strong>dum</strong></span> <span class='ocrx_word' id='word_1_293' title='bbox 370 3139 639 3216; x_wconf 79' lang='lat' dir='ltr'><strong>vixistiS,</strong></span> <span class='ocrx_word' id='word_1_294' title='bbox 698 3159 862 3205; x_wconf 92' lang='lat' dir='ltr'><strong>nunc</strong></span> <span class='ocrx_word' id='word_1_295' title='bbox 909 3161 1058 3207; x_wconf 87' lang='lat' dir='ltr'><strong>vero</strong></span> <span class='ocrx_word' id='word_1_296' title='bbox 1115 3143 1296 3206; x_wconf 90' lang='lat' dir='ltr'><strong>etiam</strong></span> <span class='ocrx_word' id='word_1_297' title='bbox 1349 3140 1721 3204; x_wconf 85' lang='lat' dir='ltr'><strong>sanctissimi</strong></span> <span class='ocrx_word' id='word_1_298' title='bbox 1779 3140 2033 3213; x_wconf 82' lang='lat' dir='ltr'><strong>militeS‚</strong></span> <span class='ocrx_word' id='word_1_299' title='bbox 2085 3141 2253 3216; x_wconf 89' lang='lat' dir='ltr'><strong>quod</strong></span> 
     </span>
     <span class='ocr_line' id='line_1_36' title="bbox 197 3226 2242 3305; baseline -0.002 -16"><span class='ocrx_word' id='word_1_300' title='bbox 197 3235 385 3289; x_wconf 77' lang='lat' dir='ltr'><strong>vestra</strong></span> <span class='ocrx_word' id='word_1_301' title='bbox 425 3227 618 3290; x_wconf 87' lang='lat' dir='ltr'><strong>virtus</strong></span> <span class='ocrx_word' id='word_1_302' title='bbox 658 3244 864 3303; x_wconf 90' lang='lat' dir='ltr'><strong>neque</strong></span> <span class='ocrx_word' id='word_1_303' title='bbox 906 3226 1215 3288; x_wconf 88' lang='lat' dir='ltr'><strong>oblivione</strong></span> <span class='ocrx_word' id='word_1_304' title='bbox 1260 3243 1505 3305; x_wconf 82' lang='lat' dir='ltr'><strong>eorum,</strong></span> <span class='ocrx_word' id='word_1_305' title='bbox 1550 3227 1657 3301; x_wconf 87' lang='lat' dir='ltr'><strong>qui</strong></span> <span class='ocrx_word' id='word_1_306' title='bbox 1700 3243 1863 3288; x_wconf 89' lang='lat' dir='ltr'><strong>nunc</strong></span> <span class='ocrx_word' id='word_1_307' title='bbox 1904 3232 2078 3294; x_wconf 89' lang='lat' dir='ltr'><strong>sunt,</strong></span> <span class='ocrx_word' id='word_1_308' title='bbox 2125 3241 2242 3286; x_wconf 89' lang='lat' dir='ltr'><strong>nec</strong></span> 
     </span>
     <span class='ocr_line' id='line_1_37' title="bbox 196 3308 2242 3389; baseline -0.001 -17"><span class='ocrx_word' id='word_1_309' title='bbox 196 3311 493 3374; x_wconf 86' lang='lat' dir='ltr'><strong>reticentia</strong></span> <span class='ocrx_word' id='word_1_310' title='bbox 521 3318 919 3389; x_wconf 84' lang='lat' dir='ltr'><strong>posterorum</strong></span> <span class='ocrx_word' id='word_1_311' title='bbox 950 3312 1196 3386; x_wconf 82' lang='lat' dir='ltr'><strong>sepulta</strong></span> <span class='ocrx_word' id='word_1_312' title='bbox 1225 3327 1369 3372; x_wconf 90' lang='lat' dir='ltr'><strong>esse</strong></span> <span class='ocrx_word' id='word_1_313' title='bbox 1393 3310 1658 3386; x_wconf 86' lang='lat' dir='ltr'><strong>poterit,</strong></span> <span class='ocrx_word' id='word_1_314' title='bbox 1703 3323 1895 3387; x_wconf 50' lang='lat' dir='ltr'><strong>quum*</strong></span> <span class='ocrx_word' id='word_1_315' title='bbox 1923 3308 2103 3371; x_wconf 87' lang='lat' dir='ltr'><strong>vobis</strong></span> <span class='ocrx_word' id='word_1_316' title='bbox 2135 3309 2242 3369; x_wconf 89' lang='lat' dir='ltr'><strong>im·</strong></span> 
     </span>
     <span class='ocr_line' id='line_1_38' title="bbox 197 3393 2241 3470; baseline -0.002 -14"><span class='ocrx_word' id='word_1_317' title='bbox 197 3398 436 3457; x_wconf 86' lang='lat' dir='ltr'><strong>mortale</strong></span> <span class='ocrx_word' id='word_1_318' title='bbox 465 3393 904 3457; x_wconf 87' lang='lat' dir='ltr'><strong>monimentum</strong></span> <span class='ocrx_word' id='word_1_319' title='bbox 937 3396 1067 3456; x_wconf 86' lang='lat' dir='ltr'><strong>suis</strong></span> <span class='ocrx_word' id='word_1_320' title='bbox 1101 3410 1302 3470; x_wconf 85' lang='lat' dir='ltr'><strong>paene</strong></span> <span class='ocrx_word' id='word_1_321' title='bbox 1337 3393 1620 3455; x_wconf 88' lang='lat' dir='ltr'><strong>manibus</strong></span> <span class='ocrx_word' id='word_1_322' title='bbox 1661 3404 1915 3455; x_wconf 87' lang='lat' dir='ltr'><strong>senatus</strong></span> <span class='ocrx_word' id='word_1_323' title='bbox 1945 3394 2241 3470; x_wconf 87' lang='lat' dir='ltr'><strong>populus·</strong></span> 
     </span>
     <span class='ocr_line' id='line_1_39' title="bbox 200 3475 2301 3555; baseline -0.001 -16"><span class='ocrx_word' id='word_1_324' title='bbox 200 3498 309 3555; x_wconf 84' lang='lat' dir='ltr'><strong>que</strong></span> <span class='ocrx_word' id='word_1_325' title='bbox 351 3481 657 3541; x_wconf 83' lang='lat' dir='ltr'><strong>Romanus</strong></span> <span class='ocrx_word' id='word_1_326' title='bbox 705 3479 1097 3547; x_wconf 80' lang='lat' dir='ltr'><strong>exstruxerit.</strong></span> <span class='ocrx_word' id='word_1_327' title='bbox 1185 3478 1358 3540; x_wconf 81' lang='lat' dir='ltr'><strong>Multi</strong></span> <span class='ocrx_word' id='word_1_328' title='bbox 1393 3493 1586 3553; x_wconf 88' lang='lat' dir='ltr'><strong>saepe</strong></span> <span class='ocrx_word' id='word_1_329' title='bbox 1630 3477 1939 3539; x_wconf 87' lang='lat' dir='ltr'><strong>exercitus</strong></span> <span class='ocrx_word' id='word_1_330' title='bbox 1977 3475 2239 3548; x_wconf 77' lang='lat' dir='ltr'><strong>PuniciS,</strong></span> <span class='ocrx_word' id='word_1_331' title='bbox 2298 3498 2301 3507; x_wconf 53' lang='lat'>¹</span> 
     </span>
    </p>
   </div>
  </div>
 </body>
</html>
