2514 3928
68 324 172 380 13⁷
695 316 859 377 cAP.
897 326 1159 379 11—13.
1201 322 1253 383 s.
1289 324 1556 379 27—34.
2026 312 2155 378 435

68 477 397 528 intremet
423 482 633 542 regem
668 467 1018 528 Deiotarum
1053 466 1273 541 filiurn,
1308 465 1391 539 si,
1427 475 1494 527 ut
1521 465 1723 527 multis
1750 467 1930 527 bellis
1961 483 2152 544 saepe

68 566 328 612 iunxero
365 548 684 625 imperium
719 549 931 626 populi
964 550 1222 610 Romani
1266 548 1554 623 iuverint,
1603 548 1745 609 item
1775 550 1836 609 C.
1872 550 2150 612 Cassium

68 648 189 708 oro
221 634 481 693 consule
524 630 726 708 copiis
761 633 891 693 suis
920 630 1274 708 opibusque
1296 632 1630 704 iuvissent,
1689 632 1926 694 senatui
1955 651 2151 709 popu-

68 726 263 791 loque
294 717 572 777 Romano
614 722 849 790 gratum
880 732 1022 776 csse
1063 718 1366 776 facturos:
1413 715 1683 790 itemque
1724 715 1776 775 si
1847 716 2032 776 ceteri
2058 734 2156 777 re-

68 816 201 876 geS,
235 799 577 860 tetrarchae
609 800 1034 877 dynastaeque
1067 799 1386 873 fecissent,
1419 807 1698 859 senatum
1733 804 2154 873 populumque

68 887 417 945 Romanum
447 899 659 943 eorum
692 882 881 944 officii
910 900 1034 944 non
1062 882 1480 944 immemorem
1510 883 1803 955 futurum,
1852 882 2064 957 utique
2093 882 2155 945 C.

68 969 270 1027 .³ansa
314 970 386 1025 Α.
430 965 657 1027 Hirtius
701 968 1022 1042 consules,
1074 968 1224 1027 alter
1257 966 1551 1041 ambove,
1604 965 1657 1026 si
1696 964 1788 1025 eis
1861 963 2154 1038 videatur,

68 1068 128 1110 e
163 1037 416 1125 publica
442 1060 805 1126 recuperata
837 1051 914 1110 de
952 1049 1284 1125 provinciis
1312 1048 1774 1123 consularibuS,
1813 1048 2154 1124 praetoriiS,

68 1135 143 1194 id
191 1134 355 1193 hunc
397 1132 673 1194 ordinem
718 1133 913 1208 primo
962 1148 1213 1210 quoque
1255 1142 1530 1207 tempore
1572 1134 1869 1193 reserant=
1925 1132 2157 1191 interea

68 1218 431 1277 orovinciae
458 1217 536 1276 ab
570 1216 677 1289 iis,
720 1234 758 1277 a
783 1216 1008 1293 quibus
1051 1217 1427 1289 obtinentur,
1477 1215 1890 1315 othneantur,
1948 1215 2154 1289 quoad

68 1301 296 1375 :uique
326 1316 405 1359 ex
435 1309 689 1361 senatus
727 1302 1012 1361 consulto
1044 1316 1407 1361 successum
1438 1298 1535 1359 sit.

190 1384 345 1442 Xlll.
397 1382 499 1444 32.
545 1386 681 1444 Hoc
722 1379 977 1446 senatus
1021 1384 1304 1444 consulto
1345 1383 1656 1443 ardentem
1702 1381 2152 1443 inflammabitis

68 1478 124 1528 et
156 1474 456 1526 armatum
484 1466 798 1529 armabitis
829 1467 1127 1529 Cassium.
1203 1467 1331 1527 Nec
1359 1464 1520 1528 enim
1549 1465 1816 1527 animum
1842 1465 1984 1526 ‘eius
2016 1475 2154 1541 pot·

68 1552 232 1613 estis
266 1551 552 1627 ignorare
575 1567 691 1610 nec
727 1550 962 1629 copias,
1021 1551 1280 1611 Animus
1304 1548 1358 1609 is
1388 1557 1503 1618 est,
1543 1564 1724 1623 quem
1761 1548 2010 1609 videtis:
2044 1566 2144 1610 co-

69 1637 240 1712 piae,
266 1652 421 1709 quas
448 1633 723 1699 audistis,
753 1633 884 1669 ***²'‘
916 1636 1110 1695 fortes
1136 1642 1199 1695 et
1219 1640 1578 1694 constantes
1602 1631 1734 1704 viri,
1769 1633 1872 1706 qui
1898 1649 1976 1691 ne
2000 1634 2145 1694 vivo

68 1720 323 1796 quidem
362 1721 664 1783 Trebonio
712 1722 1069 1782 Dolabellae
1119 1719 1502 1781 latrocinium
1559 1722 1615 1779 in
1676 1720 1915 1797 Syriam
1962 1736 2146 1794 pene-

68 1816 233 1864 trare
254 1801 579 1865 sivissent:
600 1804 903 1877 Allienus,
921 1804 1231 1865 familiaris
1269 1814 1329 1865 et
1358 1805 1748 1865 necessarius
1779 1820 1972 1874 metm,
2010 1811 2145 1877 pos*

68 1885 376 1947 interitum
404 1885 687 1946 Trebonii
719 1890 997 1962 profecto
1063 1902 1143 1947 ne
1213 1888 1335 1948 dici
1369 1887 1613 1962 quidem
1645 1904 1716 1948 se
1743 1888 2005 1963 legatum
2030 1888 2149 1947 Do·

68 1972 331 2029 [abellae
376 1972 560 2032 volet.
644 1971 757 2032 Est
796 1972 861 2045 Q.
894 1972 1141 2033 Caecilii
1167 1972 1381 2046 Bassi,
1427 1971 1643 2047 privati
1689 1972 1850 2033 illius
1883 1971 2148 2047 quidem,

68 2053 188 2113 sed
220 2051 393 2111 sortis
424 2061 483 2112 et
518 2055 813 2129 praeclari
846 2055 984 2127 viri,
1013 2057 1302 2117 robustus
1335 2066 1395 2116 et
1431 2055 1625 2116 victor
1652 2055 1979 2116 exercitus.
2045 2053 2149 2116 33.

68 2134 344 2196 Deiotari
387 2135 548 2210 regis
600 2147 661 2197 et
694 2138 883 2212 patris
920 2147 981 2200 et
1007 2140 1116 2200 filii
1152 2150 1211 2202 et
1244 2156 1501 2215 magnus
1532 2148 1592 2199 et
1622 2149 1832 2198 nostro
1862 2154 2033 2197 niore
2061 2137 2151 2196 in-

68 2218 321 2279 stitutus
368 2219 704 2285 exercitusz
737 2238 971 2282 summa
998 2221 1059 2282 in
1089 2225 1215 2284 filio
1247 2226 1425 2300 speS,
1457 2239 1695 2284 summa
1722 2221 1948 2297 ingenii
1978 2222 2152 2282 indo-

68 2306 164 2362 les
196 2318 560 2377 summaque
596 2303 807 2365 virtus.
898 2305 1053 2378 Quid
1076 2309 1275 2368 dicam
1316 2309 1395 2369 de
1424 2309 1639 2384 patre?
1675 2305 1851 2368 cuius
1879 2306 2152 2367 benevo-

68 2386 256 2445 lentia
295 2384 358 2446 in
400 2387 697 2462 populum
737 2389 1078 2450 Romanurn
1121 2399 1217 2450 est
1242 2389 1442 2466 ipsius
1470 2389 1746 2466 aequalis
1779 2391 1990 2451 aetati:
2045 2387 2153 2465 qui

68 2486 191 2528 non
228 2471 432 2530 solum
476 2469 685 2532 socius
715 2470 1151 2548 imperatorum
1185 2483 1529 2535 nostrorum
1560 2475 1671 2535 fuit
1696 2474 1757 2534 in
1789 2473 1995 2545 bellis,
2043 2489 2150 2532 ve-

68 2571 203 2612 rum
246 2552 429 2613 etiam
472 2554 618 2615 dux·
640 2555 959 2631 copiarum
991 2574 1259 2618 suarum.
1351 2559 1516 2632 Quae
1547 2559 1624 2617 de
1660 2557 1762 2616 illo
1793 2558 1926 2617 viro
1960 2556 2147 2627 Sulla,

68 2653 231 2711 quae
259 2637 541 2710 Murena,
581 2655 743 2714 quae
774 2638 1104 2714 ServiliuS‚
1150 2657 1309 2716 quae
1333 2643 1652 2713 LuculluS‚
1698 2656 1880 2715 quam
1915 2647 2146 2712 ornate,

68 2736 257 2795 quam
286 2720 654 2795 honorifice,
685 2739 866 2797 quam
896 2723 1165 2799 graviter
1190 2741 1383 2798 saepe
1415 2725 1473 2784 in
1503 2734 1720 2785 senatu
1751 2722 2149 2798 praedicave-

68 2811 253 2864 runt?
334 2803 440 2864 34.
484 2805 640 2880 Quid
671 2808 750 2867 de
780 2806 883 2867 Cn.
919 2807 1214 2883 Pompeio
1245 2808 1505 2882 loquar?
1560 2806 1664 2883 qui
1694 2823 1880 2868 unum
1904 2804 2149 2868 Deiota·

68 2904 204 2948 rum
236 2887 295 2947 in
330 2896 456 2951 toto
502 2891 649 2950 orbe
697 2899 989 2951 terrarum
1017 2908 1100 2951 ex
1137 2890 1339 2951 animo
1370 2892 1629 2952 amicum
1662 2907 1933 2965 vereque
1960 2889 2146 2950 bene-

68 2972 307 3043 volum,
371 2989 559 3032 unum
603 2974 846 3034 fidelem
904 2975 1132 3050 populo
1174 2976 1454 3035 Romano
1505 2975 1809 3037 iudicavit.
1896 2973 2148 3049 Fuimus

68 3056 468 3129 imperatores
497 3072 614 3131 ego
646 3066 706 3118 et
727 3057 807 3121 M.
830 3056 1084 3119 Bibulus
1109 3056 1167 3117 in
1196 3057 1560 3134 propinquis
1582 3058 1976 3136 finitimisque
2007 3076 2148 3134 pro-

68 3136 303 3198 vinciis.
388 3139 487 3200 Ab
531 3141 749 3202 eodem
796 3156 940 3215 rege
984 3140 1173 3201 adiuti
1213 3160 1429 3204 sumus
1469 3152 1530 3205 et
1562 3145 1834 3218 equitatu
1865 3154 1927 3205 et
1960 3145 2148 3219 pede·

68 3220 297 3282 stribus
332 3222 552 3298 copiis.
640 3223 927 3285 Secutum
971 3234 1067 3286 est
1095 3225 1213 3285 hoc
1250 3226 1712 3307 acerbissimum
1745 3236 1805 3288 et
1839 3226 2147 3290 calamito-

68 3304 379 3366 sissimum
421 3306 600 3367 civile
640 3307 882 3369 bellum.
970 3311 1038 3368 In
1083 3326 1205 3384 quo
1250 3309 1398 3385 quid
1453 3311 1797 3372 faciendum
1837 3309 2145 3383 Deiotar0,

70 3386 219 3461 quid
254 3389 498 3452 omnino
535 3392 761 3452 rectius
793 3392 972 3455 fuerit
1000 3392 1207 3454 dicere
1247 3410 1369 3454 non
1401 3402 1498 3455 est
1530 3410 1822 3465 necesse,
1864 3409 2145 3468 praeser-

68 3474 174 3531 tim
219 3488 402 3545 quum
445 3484 657 3536 contra
689 3492 763 3536 ac
791 3475 1115 3538 Deiotarus
1162 3475 1357 3537 sensit
1387 3477 1643 3538 victoria
1667 3478 1808 3536 belli
1845 3475 2141 3536 iudicarit.

68 3555 202 3629 Quo
229 3556 288 3615 in
318 3557 477 3620 bello
511 3560 565 3620 si
595 3559 704 3621 l'uit
732 3575 932 3630 error,
976 3559 1317 3621 communis
1351 3560 1405 3619 ei
1446 3560 1553 3619 luit
1591 3576 1726 3619 cum
1757 3567 2000 3619 senatu:
2047 3558 2141 3618 sin

1558 3641 1729 3702 ,28⁴¹
