2514 3928
886 376 1050 452 ΟᾸΡ.
1084 401 1279 455 1--3.
1322 400 1374 472 s.
1415 403 1604 458 1—6.
2240 399 2282 461 3

222 539 354 600 dum
382 538 495 602 ruit
520 550 625 603 aut
652 557 763 617 pro
787 557 896 604 reo
921 543 1376 620 disputandum,
1405 555 1604 607 tamen
1628 548 1949 623 adgrediar
1974 550 2053 610 ad
2077 551 2285 613 dicen-

220 623 384 696 dum,
429 640 507 684 ne
549 641 684 686 mea
718 627 1135 701 propugnatio¹
1161 628 1219 691 ei
1254 629 1640 705 potissimum
1676 631 1949 695 defuisse
1984 632 2280 710 videatur,

217 721 324 781 per
353 723 534 782 quem
564 717 658 769 est
696 711 1057 789 perfectum,
1102 728 1183 773 ne
1227 712 1448 775 ceteris
1478 713 1716 775 civibus
1747 716 2014 778 deesset.
2072 722 2280 794 Atque

217 805 327 865 ego
355 789 448 850 sic
477 799 693 864 statuo,
725 791 980 868 iudices,
1015 811 1053 854 a
1076 810 1172 854 me
1193 795 1251 855 in
1284 796 1402 858 hac
1428 812 1619 859 causa
1640 805 1827 883 atque
1854 799 1973 861 hoc
2000 810 2277 863 extremo

214 871 451 934 dicendi
473 874 610 937 loco
640 874 882 952 pietatis
913 877 1117 952 potius
1141 896 1325 955 quam
1351 880 2083 957 defensionisffiuerenae
2096 903 2277 960 quam

212 956 622 1032 eloquentiae,
677 959 911 1020 doloris
965 978 1148 1037 quam
1198 963 1424 1038 ingenii
1476 973 1681 1040 partes
1732 982 1896 1028 esse
1927 978 2279 1043 susceptas,

209 1040 265 1100 4.
305 1036 518 1116 ltaq‘he
557 1041 623 1113 si
653 1050 757 1103 aut
782 1044 988 1105 acrius
1029 1062 1211 1121 egero
1242 1054 1348 1107 aut
1378 1047 1630 1109 liberius
1664 1067 1845 1125 quam
1877 1049 1982 1125 qui
2009 1060 2150 1113 ante
2180 1069 2279 1112 me

209 1123 514 1201 dixerunt,
547 1133 689 1201 peto
723 1142 760 1185 a
789 1127 999 1200 vobis,
1038 1137 1106 1191 ut
1131 1137 1360 1191 tantum
1396 1132 1655 1193 orationi
1690 1150 1865 1195 meae
1894 1136 2273 1209 concedatis,

209 1217 494 1282 quantum
520 1218 588 1269 *et
619 1209 721 1284 pio
750 1209 949 1271 dolori
977 1221 1040 1273 et
1064 1210 1264 1274 iustae
1286 1213 1644 1276 iracundiae
1667 1218 2130 1280 concedendum
2161 1236 2274 1296 pu-

207 1290 357 1351 tetis.
414 1292 575 1383 Nam
590 1308 792 1366 neque
821 1293 1028 1354 officio
1058 1295 1443 1357 coniunctior
1474 1299 1653 1360 dolor
1681 1300 1863 1360 ullius
1895 1317 2039 1362 esse
2071 1311 2278 1378 potest

207 1391 388 1448 quam
433 1375 533 1435 hic
576 1390 750 1434 meus
785 1384 1116 1450 susceptus
1155 1393 1237 1436 ex
1268 1378 1534 1451 hominis
1574 1381 1652 1438 de
1686 1398 1782 1442 me
1817 1383 2043 1457 optime
2077 1387 2273 1448 meriti

213 1466 521 1541 periculo,
575 1479 782 1536 neque
824 1463 1145 1524 iracundia
1187 1463 1385 1539 magis
1437 1467 1564 1525 ulla
1607 1466 1915 1529 laudanda
1958 1480 2054 1529 est
2094 1488 2275 1544 quam

211 1565 349 1609 mea
404 1545 784 1607 inflammata
827 1562 1046 1607 eorum
1091 1548 1362 1618 scelere,
1421 1546 1528 1623 qui
1581 1564 1718 1610 cum
1776 1551 2062 1612 omnibus
2105 1569 2282 1613 meae

206 1633 421 1696 salutis
452 1632 885 1695 defensoribus
913 1631 1136 1693 bellum
1158 1646 1306 1693 esse
1333 1630 1449 1693 sibi
1477 1632 1812 1707 gerendum
1842 1629 2281 1691 iudicaverunt.

206 1717 261 1778 5.
318 1717 444 1780 Sed
489 1715 780 1794 quoniam
821 1715 1078 1792 singulis
1128 1714 1484 1776 criminibus
1572 1713 1761 1776 ceteri
1809 1716 2278 1791 responderunt,

203 1803 401 1864 dicam
436 1818 555 1877 ego
591 1801 669 1862 de
715 1800 880 1861 omni
914 1807 1075 1861 statu
1099 1799 1164 1859 Ρ.
1195 1798 1411 1872 Sestii,
1450 1801 1529 1860 de
1566 1815 1792 1874 genere
1826 1798 2013 1871 vitae,
2054 1800 2133 1859 de
2175 1815 2270 1858 na·

204 1897 365 1958 tura,
410 1887 488 1947 de
517 1883 821 1956 moribuS,
866 1885 945 1945 de
974 1882 1315 1944 incredibili
1344 1899 1555 1945 amore
1586 1881 1646 1943 in
1677 1882 1911 1955 bonoS,
1959 1883 2277 1949 destudio

208 1970 668 2031 conservandae
712 1968 1309 2030 salutisfcommunis
1349 1975 1536 2045 atque
1588 1966 1727 2041 otii,
1767 1968 2278 2045 contendamque,

201 2055 253 2114 si
283 2055 467 2117 modo
496 2052 562 2114 id
591 2051 891 2127 consequi
917 2060 1155 2128 potero,
1186 2060 1253 2113 ut
1280 2052 1480 2127 in-hac
1503 2052 1763 2112 confusa
1782 2058 1966 2128 atque
1988 2052 2280 2113 universa

201 2135 741 2198 defensione‘nihil
786 2153 824 2195 a
856 2152 954 2196 me
989 2136 1155 2211 quod
1196 2136 1280 2195 ad
1322 2143 1586 2196 vestram
1631 2136 2083 2211 quaestionem,
2130 2135 2280 2196 nihil

200 2221 374 2297 quod
401 2221 482 2281 ad
509 2236 698 2292 reum,
732 2218 879 2279 nihil
909 2220 1074 2294 quod
1100 2219 1182 2279 ad
1205 2236 1332 2279 rem
1360 2218 1662 2294 publicam
1687 2218 1987 2294 pertineat
2009 2228 2279 2294 praeter-

198 2305 460 2366 missum
483 2319 628 2365 esse
656 2303 949 2364 videatur.
996 2304 1074 2364 Et
1096 2302 1385 2377 quoniam
1408 2301 1468 2362 in
1491 2301 1870 2377 gravissimis
1900 2301 2278 2378 temporibus

196 2386 464 2449 civitatis
505 2395 693 2463 atque
719 2384 780 2446 in
812 2386 1005 2448 ruinis
1035 2399 1295 2448 eversae
1332 2395 1520 2461 atque
1560 2384 1844 2446 adflictae
1874 2384 1964 2447 rei
1996 2385 2281 2462 publicae

196 2474 263 2531 P.
296 2470 484 2533 Se'stii
514 2470 855 2532 tribunatus
886 2478 983 2531 est
1010 2485 1047 2530 a
1076 2470 1321 2531 fortuna
1349 2468 1488 2545 ipsa
1517 2471 1874 2542 collocatuS,
1907 2486 2029 2530 non
2059 2471 2278 2543 adgre-

195 2556 339 2617 diar
370 2556 451 2615 ad
484 2554 587 2615 illa
613 2554 879 2615 maxima
917 2562 1101 2629 atque
1133 2550 1512 2629 amplissima
1540 2551 1745 2629 prius,
1793 2569 1975 2629 quam
2005 2555 2278 2614 docuero

197 2637 429 2713 quibus
477 2637 666 2700 initiis
715 2654 790 2698 ac
842 2635 1250 2698 fundamentis
1294 2636 1410 2695 hae
1447 2643 1649 2699 tantae
1691 2636 1946 2697 summis
1988 2635 2050 2697 in
2091 2637 2279 2696 rebus

194 2723 421 2783 laudes
451 2720 752 2783 excitatae
787 2722 927 2782 sint.
1034 2753 1035 2756 π
1066 2751 1069 2754 >
1699 2760 1701 2763 >

120 2807 127 2818 ’
369 2806 470 2865 111.
501 2805 564 2866 6.
604 2806 860 2866 Parente
885 2804 953 2864 Ρ.
983 2802 1224 2883 Sestius
1259 2813 1440 2866 natus
1470 2810 1581 2877 est,
1616 2802 1871 2880 iudices,
1913 2802 2176 2877 homine,
2214 2808 2283 2863 ut

190 2886 483 2966 plerique
524 2887 917 2960 meministiS‚
974 2894 1037 2949 et
1072 2890 1354 2965 sapiente
1400 2897 1461 2953 et
1504 2896 1717 2949 sancto
1761 2895 1822 2948 et
1861 2895 2140 2949 severoz'
2173 2883 2281 2963 qui

191 2988 394 3049 quum
443 2971 724 3034 tribunus
782 2969 979 3048 plebis
1036 2971 1268 3048 primus
1324 2971 1481 3033 inter
1528 2971 1808 3032 homines
1861 2969 2278 3033 nobilissimos

190 3054 585 3131 temporibus
615 3053 861 3132 optimis
893 3057 1090 3117 factus
1125 3064 1311 3129 esset,
1349 3055 1601 3131 reliquis
1634 3053 1972 3122 honoribus
2005 3073 2125 3115 non
2158 3065 2278 3116 tam

189 3138 287 3200 uti
329 3138 524 3201 voluit
567 3156 750 3216 quam
792 3138 1014 3215 dignus
1055 3138 1272 3201 videri.
1330 3140 1422 3200 Eo
1466 3140 1733 3200 auctore
1761 3139 1935 3200 duxit
1974 3139 2279 3200 honestis·

189 3220 340 3283 simi
374 3231 436 3285 et
467 3222 903 3299 spectatissimi
934 3222 1082 3294 viri,
1126 3222 1188 3283 C.
1219 3221 1455 3295 Albini,
1505 3221 1719 3295 filiam,
1762 3238 1840 3282 ex
1882 3239 2004 3297 qua
2048 3221 2147 3281 hic
2183 3228 2281 3281 est

176 3322 365 3382 pue·
393 3315 454 3368 et
481 3315 671 3383 nupta
698 3306 816 3366 iam
850 3307 993 3367 filia.
1055 3307 1313 3367 Duobus
1343 3306 1439 3366 his
1472 3303 1872 3381 gravissimae
1900 3303 2280 3379 antiquitatis

190 3388 349 3451 viris
391 3389 484 3451 sic
513 3390 806 3466 probatus
834 3388 973 3463 fuit,
1021 3390 1267 3472 utrique
1316 3406 1531 3452 eorum
1590 3400 1657 3452 ut
1699 3406 1883 3452 carus
1930 3388 2189 3447 maxime
2218 3400 2280 3446 et

187 3474 508 3535 iucundus
553 3482 739 3534 esseh-
778 3515 783 3518 ψ
824 3472 1073 3533 Ademit
1110 3473 1335 3534 Albino
1357 3468 1582 3533 ¹soceri
1624 3477 1843 3534 nomen
1888 3485 2053 3528 mors
2095 3468 2275 3533 filiae,

185 3558 313 3619 sed
342 3556 661 3620 caritatem
680 3555 845 3617 illius
874 3553 1349 3616 necessitudinis
1378 3562 1441 3615 et
1466 3552 1955 3612 benevolentiam
1986 3563 2106 3603 non
2132 3547 2275 3599 ade-

187 3640 323 3702 mit.
382 3639 603 3703 -Hodie
630 3637 916 3700 sic'hunc'
949 3636 1170 3711 diligit,
1210 3645 1277 3696 ut
1307 3652 1421 3695 vos
1452 3629 1733 3691 facillime
1771 3624 2029 3761 plotestis
2056 3636 2131 3676 ex
2164 3620 2277 3670 hac
