<?xml version="1.0" encoding="UTF-8"?>
<!DOCTYPE html PUBLIC "-//W3C//DTD XHTML 1.0 Transitional//EN"
    "http://www.w3.org/TR/xhtml1/DTD/xhtml1-transitional.dtd">
<html xmlns="http://www.w3.org/1999/xhtml" xml:lang="en" lang="en">
 <head>
  <title>
</title>
<meta http-equiv="Content-Type" content="text/html;charset=utf-8" />
  <meta name='ocr-system' content='tesseract 3.04.00' />
  <meta name='ocr-capabilities' content='ocr_page ocr_carea ocr_par ocr_line ocrx_word'/>
</head>
<body>
  <div class='ocr_page' id='page_1' title='image "./scriptaquaemans02cicegoog_0251.png"; bbox 0 0 2514 3928; ppageno 0'>
   <div class='ocr_carea' id='block_1_1' title="bbox 0 184 2081 280">
    <p class='ocr_par' dir='ltr' id='par_1_1' title="bbox 0 184 2081 280">
     <span class='ocr_line' id='line_1_1' title="bbox 0 184 2081 280; baseline -0.005 -3"><span class='ocrx_word' id='word_1_1' title='bbox 0 224 55 277; x_wconf 68' lang='grc' dir='ltr'>ιο</span> <span class='ocrx_word' id='word_1_2' title='bbox 183 239 191 245; x_wconf 56' lang='lat'>„</span> <span class='ocrx_word' id='word_1_3' title='bbox 583 214 751 275; x_wconf 69' lang='lat' dir='ltr'>CAP.</span> <span class='ocrx_word' id='word_1_4' title='bbox 786 221 1049 275; x_wconf 76' lang='lat'><strong>21-23.</strong></span> <span class='ocrx_word' id='word_1_5' title='bbox 1095 219 1147 280; x_wconf 79' lang='lat' dir='ltr'>s.</span> <span class='ocrx_word' id='word_1_6' title='bbox 1183 222 1248 275; x_wconf 85' lang='lat'>51</span> <span class='ocrx_word' id='word_1_7' title='bbox 1277 222 1449 274; x_wconf 83' lang='lat'><strong>—55.</strong></span> <span class='ocrx_word' id='word_1_8' title='bbox 1674 184 1681 190; x_wconf 71' lang='grc'>’</span> <span class='ocrx_word' id='word_1_9' title='bbox 1936 215 2081 278; x_wconf 72' lang='lat'>193.</span> 
     </span>
    </p>
   </div>
   <div class='ocr_carea' id='block_1_2' title="bbox 0 363 2071 1436">
    <p class='ocr_par' dir='ltr' id='par_1_2' title="bbox 0 363 2066 509">
     <span class='ocr_line' id='line_1_2' title="bbox 0 363 2066 442; baseline 0.002 -17"><span class='ocrx_word' id='word_1_10' title='bbox 0 372 245 438; x_wconf 78' lang='lat' dir='ltr'>luerunt,</span> <span class='ocrx_word' id='word_1_11' title='bbox 270 363 698 440; x_wconf 76' lang='lat' dir='ltr'><strong>providentem</strong></span> <span class='ocrx_word' id='word_1_12' title='bbox 735 372 934 424; x_wconf 83' lang='lat' dir='ltr'>autem</span> <span class='ocrx_word' id='word_1_13' title='bbox 966 370 1026 423; x_wconf 90' lang='lat' dir='ltr'>et</span> <span class='ocrx_word' id='word_1_14' title='bbox 1053 371 1518 438; x_wconf 77' lang='lat' dir='ltr'>praecaventem</span> <span class='ocrx_word' id='word_1_15' title='bbox 1543 382 1874 442; x_wconf 80' lang='lat' dir='ltr'><strong>numquam</strong></span> <span class='ocrx_word' id='word_1_16' title='bbox 1898 375 2066 429; x_wconf 81' lang='lat' dir='ltr'>certe</span> 
     </span>
     <span class='ocr_line' id='line_1_3' title="bbox 0 449 340 509; baseline -0.009 -1"><span class='ocrx_word' id='word_1_17' title='bbox 0 449 340 509; x_wconf 69' lang='lat' dir='ltr'>movebunt.</span> 
     </span>
    </p>

    <p class='ocr_par' dir='ltr' id='par_1_3' title="bbox 0 529 2071 1436">
     <span class='ocr_line' id='line_1_4' title="bbox 109 529 2065 608; baseline 0.002 -17"><span class='ocrx_word' id='word_1_18' title='bbox 109 534 206 591; x_wconf 84' lang='lat' dir='ltr'>An</span> <span class='ocrx_word' id='word_1_19' title='bbox 248 539 308 591; x_wconf 92' lang='lat' dir='ltr'>te</span> <span class='ocrx_word' id='word_1_20' title='bbox 354 529 456 590; x_wconf 88' lang='lat' dir='ltr'>illa</span> <span class='ocrx_word' id='word_1_21' title='bbox 487 537 841 604; x_wconf 80' lang='lat' dir='ltr'>argumenta</span> <span class='ocrx_word' id='word_1_22' title='bbox 876 530 1227 591; x_wconf 66' lang='lat' dir='ltr'>duxerunt?</span> <span class='ocrx_word' id='word_1_23' title='bbox 1270 529 1601 605; x_wconf 83' lang='lat' dir='ltr'>DubitatiS‚</span> <span class='ocrx_word' id='word_1_24' title='bbox 1645 530 1869 608; x_wconf 81' lang='lat' dir='ltr'>inquit,</span> <span class='ocrx_word' id='word_1_25' title='bbox 1919 533 2065 608; x_wconf 89' lang='lat' dir='ltr'>quin</span> 
     </span>
     <span class='ocr_line' id='line_1_5' title="bbox 0 612 2070 689; baseline 0.002 -15"><span class='ocrx_word' id='word_1_26' title='bbox 0 613 170 674; x_wconf 82' lang='lat' dir='ltr'>:uitio</span> <span class='ocrx_word' id='word_1_27' title='bbox 216 614 376 674; x_wconf 77' lang='lat' dir='ltr'>sacta</span> <span class='ocrx_word' id='word_1_28' title='bbox 421 612 530 685; x_wconf 89' lang='lat' dir='ltr'>sit,</span> <span class='ocrx_word' id='word_1_29' title='bbox 572 628 761 688; x_wconf 80' lang='lat' dir='ltr'>quum</span> <span class='ocrx_word' id='word_1_30' title='bbox 808 612 999 674; x_wconf 88' lang='lat' dir='ltr'>tribus</span> <span class='ocrx_word' id='word_1_31' title='bbox 1057 615 1392 689; x_wconf 86' lang='lat' dir='ltr'>plerasque</span> <span class='ocrx_word' id='word_1_32' title='bbox 1447 631 1582 676; x_wconf 90' lang='lat' dir='ltr'>cum</span> <span class='ocrx_word' id='word_1_33' title='bbox 1628 615 1820 677; x_wconf 88' lang='lat' dir='ltr'>Plotio</span> <span class='ocrx_word' id='word_1_34' title='bbox 1867 618 2070 678; x_wconf 86' lang='lat' dir='ltr'>tulerit</span> 
     </span>
     <span class='ocr_line' id='line_1_6' title="bbox 0 694 2071 773; baseline 0.002 -18"><span class='ocrx_word' id='word_1_35' title='bbox 0 696 313 757; x_wconf 66' lang='lat' dir='ltr'>Plancius?</span> <span class='ocrx_word' id='word_1_36' title='bbox 341 694 435 756; x_wconf 81' lang='lat' dir='ltr'>An</span> <span class='ocrx_word' id='word_1_37' title='bbox 464 713 585 757; x_wconf 88' lang='lat' dir='ltr'>una</span> <span class='ocrx_word' id='word_1_38' title='bbox 604 696 736 756; x_wconf 87' lang='lat' dir='ltr'>fieri</span> <span class='ocrx_word' id='word_1_39' title='bbox 764 703 1113 773; x_wconf 88' lang='lat' dir='ltr'>potuerunt,</span> <span class='ocrx_word' id='word_1_40' title='bbox 1149 696 1204 757; x_wconf 89' lang='lat' dir='ltr'>si</span> <span class='ocrx_word' id='word_1_41' title='bbox 1226 715 1351 757; x_wconf 91' lang='lat' dir='ltr'>una</span> <span class='ocrx_word' id='word_1_42' title='bbox 1382 696 1572 758; x_wconf 85' lang='lat' dir='ltr'>tribus</span> <span class='ocrx_word' id='word_1_43' title='bbox 1597 715 1717 759; x_wconf 89' lang='lat' dir='ltr'>non</span> <span class='ocrx_word' id='word_1_44' title='bbox 1746 697 2071 762; x_wconf 69' lang='lat' dir='ltr'>tulissent?</span> 
     </span>
     <span class='ocr_line' id='line_1_7' title="bbox 0 780 2069 858; baseline 0.001 -18"><span class='ocrx_word' id='word_1_45' title='bbox 0 815 70 828; x_wconf 93' lang='lat'>-—</span> <span class='ocrx_word' id='word_1_46' title='bbox 109 782 192 841; x_wconf 90' lang='lat' dir='ltr'>At</span> <span class='ocrx_word' id='word_1_47' title='bbox 231 797 351 841; x_wconf 89' lang='lat' dir='ltr'>non</span> <span class='ocrx_word' id='word_1_48' title='bbox 399 781 597 842; x_wconf 85' lang='lat' dir='ltr'>nullas</span> <span class='ocrx_word' id='word_1_49' title='bbox 630 780 870 855; x_wconf 88' lang='lat' dir='ltr'>punctis</span> <span class='ocrx_word' id='word_1_50' title='bbox 903 796 1101 856; x_wconf 87' lang='lat' dir='ltr'>paene</span> <span class='ocrx_word' id='word_1_51' title='bbox 1131 780 1403 843; x_wconf 86' lang='lat' dir='ltr'>totidem.</span> <span class='ocrx_word' id='word_1_52' title='bbox 1438 814 1513 827; x_wconf 94' lang='lat'>—</span> <span class='ocrx_word' id='word_1_53' title='bbox 1568 781 1835 857; x_wconf 82' lang='lat' dir='ltr'>Quippe,</span> <span class='ocrx_word' id='word_1_54' title='bbox 1881 801 2069 858; x_wconf 89' lang='lat' dir='ltr'>quum</span> 
     </span>
     <span class='ocr_line' id='line_1_8' title="bbox 0 863 2069 942; baseline -0 -19"><span class='ocrx_word' id='word_1_55' title='bbox 0 881 103 924; x_wconf 69' lang='lat' dir='ltr'>,am</span> <span class='ocrx_word' id='word_1_56' title='bbox 133 864 276 925; x_wconf 79' lang='lat' dir='ltr'>facti</span> <span class='ocrx_word' id='word_1_57' title='bbox 299 879 493 940; x_wconf 85' lang='lat' dir='ltr'>prope</span> <span class='ocrx_word' id='word_1_58' title='bbox 524 863 944 939; x_wconf 87' lang='lat' dir='ltr'>superioribus</span> <span class='ocrx_word' id='word_1_59' title='bbox 976 863 1238 925; x_wconf 87' lang='lat' dir='ltr'>comitiis</span> <span class='ocrx_word' id='word_1_60' title='bbox 1272 865 1693 942; x_wconf 88' lang='lat' dir='ltr'>declaratique</span> <span class='ocrx_word' id='word_1_61' title='bbox 1721 866 2069 927; x_wconf 78' lang='lat' dir='ltr'>veniSsent=</span> 
     </span>
     <span class='ocr_line' id='line_1_9' title="bbox 0 947 2067 1025; baseline 0 -17"><span class='ocrx_word' id='word_1_62' title='bbox 0 965 355 1024; x_wconf 61' lang='lat' dir='ltr'>quamquam</span> <span class='ocrx_word' id='word_1_63' title='bbox 398 965 475 1008; x_wconf 91' lang='lat' dir='ltr'>ne</span> <span class='ocrx_word' id='word_1_64' title='bbox 519 949 584 1008; x_wconf 92' lang='lat' dir='ltr'>id</span> <span class='ocrx_word' id='word_1_65' title='bbox 628 947 873 1023; x_wconf 91' lang='lat' dir='ltr'>quidem</span> <span class='ocrx_word' id='word_1_66' title='bbox 945 947 1352 1025; x_wconf 86' lang='lat' dir='ltr'>suspitionem</span> <span class='ocrx_word' id='word_1_67' title='bbox 1421 949 1708 1011; x_wconf 90' lang='lat' dir='ltr'>coitionis</span> <span class='ocrx_word' id='word_1_68' title='bbox 1766 950 2067 1011; x_wconf 88' lang='lat' dir='ltr'>habuerit.</span> 
     </span>
     <span class='ocr_line' id='line_1_10' title="bbox 0 1031 2066 1108; baseline 0.001 -17"><span class='ocrx_word' id='word_1_69' title='bbox 0 1033 195 1108; x_wconf 52' lang='lat' dir='ltr'>§eque</span> <span class='ocrx_word' id='word_1_70' title='bbox 241 1034 399 1094; x_wconf 88' lang='lat' dir='ltr'>enim</span> <span class='ocrx_word' id='word_1_71' title='bbox 433 1049 718 1107; x_wconf 87' lang='lat' dir='ltr'>umquam</span> <span class='ocrx_word' id='word_1_72' title='bbox 748 1031 1016 1092; x_wconf 86' lang='lat' dir='ltr'>maiores</span> <span class='ocrx_word' id='word_1_73' title='bbox 1049 1032 1245 1092; x_wconf 80' lang='lat' dir='ltr'>nostri</span> <span class='ocrx_word' id='word_1_74' title='bbox 1286 1032 1664 1095; x_wconf 88' lang='lat' dir='ltr'>sortitionem</span> <span class='ocrx_word' id='word_1_75' title='bbox 1717 1035 2066 1095; x_wconf 89' lang='lat' dir='ltr'>constituis·</span> 
     </span>
     <span class='ocr_line' id='line_1_11' title="bbox 0 1114 2068 1193; baseline -0 -16"><span class='ocrx_word' id='word_1_76' title='bbox 0 1126 121 1177; x_wconf 66' lang='lat' dir='ltr'>ient</span> <span class='ocrx_word' id='word_1_77' title='bbox 148 1116 508 1188; x_wconf 84' lang='lat' dir='ltr'>aediliciam,</span> <span class='ocrx_word' id='word_1_78' title='bbox 539 1114 660 1175; x_wconf 89' lang='lat' dir='ltr'>nisi</span> <span class='ocrx_word' id='word_1_79' title='bbox 690 1114 968 1175; x_wconf 87' lang='lat' dir='ltr'>viderent</span> <span class='ocrx_word' id='word_1_80' title='bbox 994 1114 1278 1175; x_wconf 86' lang='lat' dir='ltr'>accidere</span> <span class='ocrx_word' id='word_1_81' title='bbox 1309 1133 1499 1191; x_wconf 88' lang='lat' dir='ltr'>posse</span> <span class='ocrx_word' id='word_1_82' title='bbox 1529 1125 1597 1179; x_wconf 88' lang='lat' dir='ltr'>ut</span> <span class='ocrx_word' id='word_1_83' title='bbox 1630 1118 2068 1193; x_wconf 77' lang='lat' dir='ltr'>competitores</span> 
     </span>
     <span class='ocr_line' id='line_1_12' title="bbox 0 1195 2066 1275; baseline 0.001 -17"><span class='ocrx_word' id='word_1_84' title='bbox 0 1216 169 1275; x_wconf 58' lang='lat' dir='ltr'>pares</span> <span class='ocrx_word' id='word_1_85' title='bbox 194 1198 506 1272; x_wconf 85' lang='lat' dir='ltr'>suffragiis</span> <span class='ocrx_word' id='word_1_86' title='bbox 539 1204 767 1258; x_wconf 86' lang='lat' dir='ltr'>essent.</span> <span class='ocrx_word' id='word_1_87' title='bbox 855 1195 958 1258; x_wconf 89' lang='grc'>54.</span> <span class='ocrx_word' id='word_1_88' title='bbox 985 1197 1062 1257; x_wconf 88' lang='lat' dir='ltr'>Et</span> <span class='ocrx_word' id='word_1_89' title='bbox 1083 1198 1174 1257; x_wconf 89' lang='lat' dir='ltr'>ais</span> <span class='ocrx_word' id='word_1_90' title='bbox 1211 1198 1517 1271; x_wconf 87' lang='lat' dir='ltr'>prioribus</span> <span class='ocrx_word' id='word_1_91' title='bbox 1549 1201 1809 1261; x_wconf 90' lang='lat' dir='ltr'>comitiis</span> <span class='ocrx_word' id='word_1_92' title='bbox 1838 1200 2066 1261; x_wconf 84' lang='lat' dir='ltr'>Anien-</span> 
     </span>
     <span class='ocr_line' id='line_1_13' title="bbox 0 1278 2066 1351; baseline -0 -8"><span class='ocrx_word' id='word_1_93' title='bbox 0 1299 118 1343; x_wconf 76' lang='lat' dir='ltr'>3em</span> <span class='ocrx_word' id='word_1_94' title='bbox 161 1298 199 1339; x_wconf 89' lang='lat' dir='ltr'>a</span> <span class='ocrx_word' id='word_1_95' title='bbox 224 1281 419 1340; x_wconf 88' lang='lat' dir='ltr'>Plotio</span> <span class='ocrx_word' id='word_1_96' title='bbox 449 1279 676 1351; x_wconf 87' lang='lat' dir='ltr'>Pedio,</span> <span class='ocrx_word' id='word_1_97' title='bbox 727 1278 1073 1340; x_wconf 85' lang='lat' dir='ltr'>Teretinam·</span> <span class='ocrx_word' id='word_1_98' title='bbox 1111 1294 1150 1337; x_wconf 90' lang='lat' dir='ltr'>a</span> <span class='ocrx_word' id='word_1_99' title='bbox 1196 1279 1445 1340; x_wconf 83' lang='lat' dir='ltr'>Plancio</span> <span class='ocrx_word' id='word_1_100' title='bbox 1473 1281 1594 1341; x_wconf 89' lang='lat' dir='ltr'>-tibi</span> <span class='ocrx_word' id='word_1_101' title='bbox 1636 1298 1780 1342; x_wconf 91' lang='lat' dir='ltr'>esse</span> <span class='ocrx_word' id='word_1_102' title='bbox 1813 1299 2066 1344; x_wconf 85' lang='lat' dir='ltr'>conces·</span> 
     </span>
     <span class='ocr_line' id='line_1_14' title="bbox 0 1363 2068 1436; baseline -0.001 -10"><span class='ocrx_word' id='word_1_103' title='bbox 0 1381 147 1426; x_wconf 79' lang='lat' dir='ltr'>3am=</span> <span class='ocrx_word' id='word_1_104' title='bbox 180 1377 342 1422; x_wconf 89' lang='lat' dir='ltr'>nunc</span> <span class='ocrx_word' id='word_1_105' title='bbox 369 1363 447 1421; x_wconf 90' lang='lat' dir='ltr'>ab</span> <span class='ocrx_word' id='word_1_106' title='bbox 481 1371 740 1434; x_wconf 87' lang='lat' dir='ltr'>utroque</span> <span class='ocrx_word' id='word_1_107' title='bbox 770 1377 878 1420; x_wconf 88' lang='lat' dir='ltr'>eas</span> <span class='ocrx_word' id='word_1_108' title='bbox 907 1363 1188 1434; x_wconf 85' lang='lat' dir='ltr'>avulsas,</span> <span class='ocrx_word' id='word_1_109' title='bbox 1220 1377 1300 1420; x_wconf 92' lang='lat' dir='ltr'>ne</span> <span class='ocrx_word' id='word_1_110' title='bbox 1327 1363 1386 1420; x_wconf 89' lang='lat' dir='ltr'>in</span> <span class='ocrx_word' id='word_1_111' title='bbox 1418 1371 1741 1436; x_wconf 82' lang='lat' dir='ltr'>angustum</span> <span class='ocrx_word' id='word_1_112' title='bbox 1774 1367 2068 1425; x_wconf 87' lang='lat' dir='ltr'>venirent.</span> 
     </span>
    </p>
   </div>
   <div class='ocr_carea' id='block_1_3' title="bbox 0 1443 2134 1523">
    <p class='ocr_par' dir='ltr' id='par_1_4' title="bbox 0 1443 2134 1523">
     <span class='ocr_line' id='line_1_15' title="bbox 0 1443 2134 1523; baseline 0 -17"><span class='ocrx_word' id='word_1_113' title='bbox 0 1448 178 1523; x_wconf 64' lang='lat' dir='ltr'>Quam</span> <span class='ocrx_word' id='word_1_114' title='bbox 217 1446 504 1505; x_wconf 90' lang='lat' dir='ltr'>convenit</span> <span class='ocrx_word' id='word_1_115' title='bbox 533 1445 804 1504; x_wconf 90' lang='lat' dir='ltr'>nondum</span> <span class='ocrx_word' id='word_1_116' title='bbox 833 1443 1078 1519; x_wconf 84' lang='lat' dir='ltr'>cognita</span> <span class='ocrx_word' id='word_1_117' title='bbox 1109 1444 1323 1519; x_wconf 88' lang='lat' dir='ltr'>populi</span> <span class='ocrx_word' id='word_1_118' title='bbox 1368 1446 1676 1505; x_wconf 88' lang='lat' dir='ltr'>voluntate</span> <span class='ocrx_word' id='word_1_119' title='bbox 1719 1447 1862 1518; x_wconf 87' lang='lat' dir='ltr'>hos,</span> <span class='ocrx_word' id='word_1_120' title='bbox 1910 1464 2072 1521; x_wconf 89' lang='lat' dir='ltr'>quos</span> <span class='ocrx_word' id='word_1_121' title='bbox 2129 1452 2134 1457; x_wconf 74' lang='grc'>’</span> 
     </span>
    </p>
   </div>
   <div class='ocr_carea' id='block_1_4' title="bbox 0 1526 2081 3598">
    <p class='ocr_par' dir='ltr' id='par_1_5' title="bbox 0 1526 2072 3109">
     <span class='ocr_line' id='line_1_16' title="bbox 0 1526 2070 1602; baseline -0.001 -12"><span class='ocrx_word' id='word_1_122' title='bbox 0 1547 106 1590; x_wconf 75' lang='lat' dir='ltr'>‚am</span> <span class='ocrx_word' id='word_1_123' title='bbox 146 1538 272 1590; x_wconf 89' lang='lat' dir='ltr'>tum</span> <span class='ocrx_word' id='word_1_124' title='bbox 313 1529 678 1589; x_wconf 90' lang='lat' dir='ltr'>coniunctos</span> <span class='ocrx_word' id='word_1_125' title='bbox 721 1527 914 1590; x_wconf 79' lang='lat' dir='ltr'>fuisse</span> <span class='ocrx_word' id='word_1_126' title='bbox 956 1526 1140 1601; x_wconf 77' lang='lat' dir='ltr'>diciS,</span> <span class='ocrx_word' id='word_1_127' title='bbox 1186 1527 1481 1588; x_wconf 86' lang='lat' dir='ltr'>iacturam</span> <span class='ocrx_word' id='word_1_128' title='bbox 1512 1544 1756 1589; x_wconf 85' lang='lat' dir='ltr'>suarum</span> <span class='ocrx_word' id='word_1_129' title='bbox 1789 1528 2070 1602; x_wconf 88' lang='lat' dir='ltr'>tribuum,</span> 
     </span>
     <span class='ocr_line' id='line_1_17' title="bbox 0 1611 2072 1688; baseline 0 -14"><span class='ocrx_word' id='word_1_130' title='bbox 0 1631 110 1688; x_wconf 64' lang='lat' dir='ltr'>quo</span> <span class='ocrx_word' id='word_1_131' title='bbox 157 1629 272 1674; x_wconf 87' lang='lat' dir='ltr'>vos</span> <span class='ocrx_word' id='word_1_132' title='bbox 313 1611 790 1686; x_wconf 86' lang='lat' dir='ltr'>adiuvaremini,</span> <span class='ocrx_word' id='word_1_133' title='bbox 842 1611 1101 1677; x_wconf 83' lang='lat' dir='ltr'>fecisse:</span> <span class='ocrx_word' id='word_1_134' title='bbox 1146 1611 1453 1684; x_wconf 80' lang='lat' dir='ltr'>eosdem,</span> <span class='ocrx_word' id='word_1_135' title='bbox 1486 1629 1674 1687; x_wconf 89' lang='lat' dir='ltr'>quum</span> <span class='ocrx_word' id='word_1_136' title='bbox 1707 1612 1829 1672; x_wconf 86' lang='lat' dir='ltr'>iam</span> <span class='ocrx_word' id='word_1_137' title='bbox 1856 1624 2072 1674; x_wconf 86' lang='lat' dir='ltr'>essent</span> 
     </span>
     <span class='ocr_line' id='line_1_18' title="bbox 0 1694 2070 1774; baseline -0.001 -16"><span class='ocrx_word' id='word_1_138' title='bbox 0 1698 219 1774; x_wconf 63' lang='lat' dir='ltr'>ixperti</span> <span class='ocrx_word' id='word_1_139' title='bbox 282 1696 427 1772; x_wconf 89' lang='lat' dir='ltr'>quid</span> <span class='ocrx_word' id='word_1_140' title='bbox 479 1698 780 1768; x_wconf 85' lang='lat' dir='ltr'>valerent,</span> <span class='ocrx_word' id='word_1_141' title='bbox 831 1694 1150 1756; x_wconf 88' lang='lat' dir='ltr'>restrictos</span> <span class='ocrx_word' id='word_1_142' title='bbox 1180 1703 1243 1756; x_wconf 89' lang='lat' dir='ltr'>et</span> <span class='ocrx_word' id='word_1_143' title='bbox 1272 1703 1523 1756; x_wconf 82' lang='lat' dir='ltr'>tenaces</span> <span class='ocrx_word' id='word_1_144' title='bbox 1555 1696 1793 1757; x_wconf 73' lang='lat' dir='ltr'>fuisse?</span> <span class='ocrx_word' id='word_1_145' title='bbox 1832 1696 2070 1758; x_wconf 88' lang='lat' dir='ltr'>Etenim</span> 
     </span>
     <span class='ocr_line' id='line_1_19' title="bbox 0 1778 2069 1856; baseline 0.001 -16"><span class='ocrx_word' id='word_1_146' title='bbox 0 1783 382 1855; x_wconf 59' lang='lat' dir='ltr'>verebantur,</span> <span class='ocrx_word' id='word_1_147' title='bbox 413 1782 619 1853; x_wconf 86' lang='lat' dir='ltr'>credo,</span> <span class='ocrx_word' id='word_1_148' title='bbox 653 1779 1001 1856; x_wconf 79' lang='lat' dir='ltr'>angustias,</span> <span class='ocrx_word' id='word_1_149' title='bbox 1044 1778 1223 1854; x_wconf 85' lang='lat' dir='ltr'>quasi</span> <span class='ocrx_word' id='word_1_150' title='bbox 1259 1794 1360 1840; x_wconf 87' lang='lat' dir='ltr'>res</span> <span class='ocrx_word' id='word_1_151' title='bbox 1394 1779 1451 1839; x_wconf 88' lang='lat' dir='ltr'>in</span> <span class='ocrx_word' id='word_1_152' title='bbox 1486 1779 1940 1843; x_wconf 87' lang='lat' dir='ltr'>contentionem</span> <span class='ocrx_word' id='word_1_153' title='bbox 1965 1789 2069 1842; x_wconf 87' lang='lat' dir='ltr'>aut</span> 
     </span>
     <span class='ocr_line' id='line_1_20' title="bbox 2 1861 2042 1940; baseline -0.001 -13"><span class='ocrx_word' id='word_1_154' title='bbox 2 1884 37 1927; x_wconf 92' lang='lat' dir='ltr'>n</span> <span class='ocrx_word' id='word_1_155' title='bbox 88 1865 418 1926; x_wconf 88' lang='lat' dir='ltr'>discrimen</span> <span class='ocrx_word' id='word_1_156' title='bbox 463 1865 715 1939; x_wconf 82' lang='lat' dir='ltr'>aliquod</span> <span class='ocrx_word' id='word_1_157' title='bbox 769 1871 984 1940; x_wconf 90' lang='lat' dir='ltr'>posset</span> <span class='ocrx_word' id='word_1_158' title='bbox 1026 1861 1257 1922; x_wconf 87' lang='lat' dir='ltr'>venire.</span> <span class='ocrx_word' id='word_1_159' title='bbox 1347 1863 1473 1925; x_wconf 89' lang='lat' dir='ltr'>Sed</span> <span class='ocrx_word' id='word_1_160' title='bbox 1504 1871 1703 1925; x_wconf 88' lang='lat' dir='ltr'>tamen</span> <span class='ocrx_word' id='word_1_161' title='bbox 1737 1873 1799 1924; x_wconf 87' lang='lat' dir='ltr'>tu</span> <span class='ocrx_word' id='word_1_162' title='bbox 1826 1867 1902 1928; x_wconf 90' lang='lat' dir='ltr'>A.</span> <span class='ocrx_word' id='word_1_163' title='bbox 1932 1863 2042 1924; x_wconf 88' lang='lat' dir='ltr'>Plo</span> 
     </span>
     <span class='ocr_line' id='line_1_21' title="bbox 0 1945 2056 2021; baseline -0 -14"><span class='ocrx_word' id='word_1_164' title='bbox 0 1951 161 2017; x_wconf 84' lang='lat' dir='ltr'>ium,</span> <span class='ocrx_word' id='word_1_165' title='bbox 209 1949 408 2009; x_wconf 88' lang='lat' dir='ltr'>virum</span> <span class='ocrx_word' id='word_1_166' title='bbox 457 1947 940 2021; x_wconf 86' lang='lat' dir='ltr'>ornatissimum,</span> <span class='ocrx_word' id='word_1_167' title='bbox 983 1945 1041 2007; x_wconf 90' lang='lat' dir='ltr'>in</span> <span class='ocrx_word' id='word_1_168' title='bbox 1102 1946 1262 2008; x_wconf 89' lang='lat' dir='ltr'>idem</span> <span class='ocrx_word' id='word_1_169' title='bbox 1312 1948 1541 2009; x_wconf 87' lang='lat' dir='ltr'>crimen</span> <span class='ocrx_word' id='word_1_170' title='bbox 1584 1950 1870 2011; x_wconf 85' lang='lat' dir='ltr'>vocando</span> <span class='ocrx_word' id='word_1_171' title='bbox 1913 1946 2056 2009; x_wconf 90' lang='lat' dir='ltr'>indi·</span> 
     </span>
     <span class='ocr_line' id='line_1_22' title="bbox 0 2031 2069 2108; baseline -0.001 -14"><span class='ocrx_word' id='word_1_172' title='bbox 0 2052 91 2095; x_wconf 82' lang='lat' dir='ltr'>:as</span> <span class='ocrx_word' id='word_1_173' title='bbox 137 2049 279 2092; x_wconf 91' lang='lat' dir='ltr'>eum</span> <span class='ocrx_word' id='word_1_174' title='bbox 326 2040 384 2092; x_wconf 91' lang='lat' dir='ltr'>te</span> <span class='ocrx_word' id='word_1_175' title='bbox 433 2032 816 2107; x_wconf 83' lang='lat' dir='ltr'>adripuisse,</span> <span class='ocrx_word' id='word_1_176' title='bbox 861 2050 898 2091; x_wconf 88' lang='lat' dir='ltr'>a</span> <span class='ocrx_word' id='word_1_177' title='bbox 933 2049 1056 2107; x_wconf 92' lang='lat' dir='ltr'>quo</span> <span class='ocrx_word' id='word_1_178' title='bbox 1102 2048 1223 2091; x_wconf 89' lang='lat' dir='ltr'>non</span> <span class='ocrx_word' id='word_1_179' title='bbox 1262 2031 1350 2091; x_wconf 92' lang='lat' dir='ltr'>sis</span> <span class='ocrx_word' id='word_1_180' title='bbox 1379 2040 1679 2108; x_wconf 68' lang='lat' dir='ltr'>rogatus?</span> <span class='ocrx_word' id='word_1_181' title='bbox 1714 2034 1864 2092; x_wconf 89' lang='lat' dir='ltr'>Nam</span> <span class='ocrx_word' id='word_1_182' title='bbox 1898 2031 2069 2107; x_wconf 90' lang='lat' dir='ltr'>quod</span> 
     </span>
     <span class='ocr_line' id='line_1_23' title="bbox 0 2114 2067 2192; baseline -0.001 -16"><span class='ocrx_word' id='word_1_183' title='bbox 0 2124 246 2192; x_wconf 58' lang='lat' dir='ltr'>questus</span> <span class='ocrx_word' id='word_1_184' title='bbox 277 2131 346 2175; x_wconf 89' lang='lat' dir='ltr'>es</span> <span class='ocrx_word' id='word_1_185' title='bbox 395 2116 601 2189; x_wconf 88' lang='lat' dir='ltr'>plures</span> <span class='ocrx_word' id='word_1_186' title='bbox 633 2124 690 2175; x_wconf 88' lang='lat' dir='ltr'>te</span> <span class='ocrx_word' id='word_1_187' title='bbox 721 2124 908 2176; x_wconf 89' lang='lat' dir='ltr'>testes</span> <span class='ocrx_word' id='word_1_188' title='bbox 932 2115 1160 2175; x_wconf 86' lang='lat' dir='ltr'>habere</span> <span class='ocrx_word' id='word_1_189' title='bbox 1190 2116 1271 2175; x_wconf 89' lang='lat' dir='ltr'>de</span> <span class='ocrx_word' id='word_1_190' title='bbox 1303 2115 1573 2177; x_wconf 87' lang='lat' dir='ltr'>Voltinia</span> <span class='ocrx_word' id='word_1_191' title='bbox 1605 2134 1790 2191; x_wconf 86' lang='lat' dir='ltr'>quam</span> <span class='ocrx_word' id='word_1_192' title='bbox 1826 2123 1978 2191; x_wconf 89' lang='lat' dir='ltr'>quot</span> <span class='ocrx_word' id='word_1_193' title='bbox 2006 2114 2067 2176; x_wconf 89' lang='lat' dir='ltr'>in</span> 
     </span>
     <span class='ocr_line' id='line_1_24' title="bbox 0 2198 2065 2275; baseline -0 -15"><span class='ocrx_word' id='word_1_194' title='bbox 0 2217 60 2260; x_wconf 64' lang='lat' dir='ltr'>ia</span> <span class='ocrx_word' id='word_1_195' title='bbox 90 2198 247 2260; x_wconf 87' lang='lat' dir='ltr'>tribu</span> <span class='ocrx_word' id='word_1_196' title='bbox 280 2207 509 2274; x_wconf 90' lang='lat' dir='ltr'>puncta</span> <span class='ocrx_word' id='word_1_197' title='bbox 541 2198 780 2268; x_wconf 83' lang='lat' dir='ltr'>tuleris,</span> <span class='ocrx_word' id='word_1_198' title='bbox 825 2198 1061 2259; x_wconf 89' lang='lat' dir='ltr'>indicas</span> <span class='ocrx_word' id='word_1_199' title='bbox 1103 2206 1209 2259; x_wconf 87' lang='lat' dir='ltr'>aut</span> <span class='ocrx_word' id='word_1_200' title='bbox 1235 2215 1348 2259; x_wconf 90' lang='lat' dir='ltr'>eos</span> <span class='ocrx_word' id='word_1_201' title='bbox 1383 2207 1573 2261; x_wconf 86' lang='lat' dir='ltr'>testes</span> <span class='ocrx_word' id='word_1_202' title='bbox 1604 2208 1664 2261; x_wconf 89' lang='lat' dir='ltr'>te</span> <span class='ocrx_word' id='word_1_203' title='bbox 1701 2200 2065 2275; x_wconf 87' lang='lat' dir='ltr'>producere,</span> 
     </span>
     <span class='ocr_line' id='line_1_25' title="bbox 0 2280 2064 2358; baseline 0 -17"><span class='ocrx_word' id='word_1_204' title='bbox 0 2282 108 2357; x_wconf 61' lang='lat' dir='ltr'>qui,</span> <span class='ocrx_word' id='word_1_205' title='bbox 133 2280 279 2357; x_wconf 87' lang='lat' dir='ltr'>quia</span> <span class='ocrx_word' id='word_1_206' title='bbox 303 2298 585 2341; x_wconf 89' lang='lat' dir='ltr'>nummos</span> <span class='ocrx_word' id='word_1_207' title='bbox 608 2284 973 2355; x_wconf 84' lang='lat' dir='ltr'>acceperint,</span> <span class='ocrx_word' id='word_1_208' title='bbox 996 2292 1058 2343; x_wconf 87' lang='lat' dir='ltr'>te</span> <span class='ocrx_word' id='word_1_209' title='bbox 1093 2283 1545 2358; x_wconf 87' lang='lat' dir='ltr'>praeterierint,</span> <span class='ocrx_word' id='word_1_210' title='bbox 1587 2293 1693 2344; x_wconf 88' lang='lat' dir='ltr'>aut</span> <span class='ocrx_word' id='word_1_211' title='bbox 1732 2292 1792 2344; x_wconf 91' lang='lat' dir='ltr'>te</span> <span class='ocrx_word' id='word_1_212' title='bbox 1822 2300 1901 2344; x_wconf 90' lang='lat' dir='ltr'>ne</span> <span class='ocrx_word' id='word_1_213' title='bbox 1931 2299 2064 2357; x_wconf 85' lang='lat' dir='ltr'>gra-</span> 
     </span>
     <span class='ocr_line' id='line_1_26' title="bbox 0 2363 2066 2441; baseline 0 -15"><span class='ocrx_word' id='word_1_214' title='bbox 0 2366 131 2434; x_wconf 86' lang='lat' dir='ltr'>.uita</span> <span class='ocrx_word' id='word_1_215' title='bbox 162 2366 413 2441; x_wconf 91' lang='lat' dir='ltr'>quidem</span> <span class='ocrx_word' id='word_1_216' title='bbox 444 2379 650 2425; x_wconf 91' lang='lat' dir='ltr'>eorum</span> <span class='ocrx_word' id='word_1_217' title='bbox 682 2363 973 2440; x_wconf 85' lang='lat' dir='ltr'>suffragia</span> <span class='ocrx_word' id='word_1_218' title='bbox 1005 2365 1242 2426; x_wconf 84' lang='lat' dir='ltr'>tulisse.</span> <span class='ocrx_word' id='word_1_219' title='bbox 1329 2368 1540 2427; x_wconf 90' lang='lat' dir='ltr'><strong>XXIII.</strong></span> <span class='ocrx_word' id='word_1_220' title='bbox 1587 2365 1687 2428; x_wconf 86' lang='lat'>55.</span> <span class='ocrx_word' id='word_1_221' title='bbox 1732 2368 1887 2427; x_wconf 92' lang='lat' dir='ltr'>Illud</span> <span class='ocrx_word' id='word_1_222' title='bbox 1919 2382 2066 2427; x_wconf 91' lang='lat' dir='ltr'>vero</span> 
     </span>
     <span class='ocr_line' id='line_1_27' title="bbox 0 2448 2069 2526; baseline -0 -18"><span class='ocrx_word' id='word_1_223' title='bbox 0 2449 212 2517; x_wconf 65' lang='lat' dir='ltr'>erimen</span> <span class='ocrx_word' id='word_1_224' title='bbox 236 2451 316 2509; x_wconf 91' lang='lat' dir='ltr'>de</span> <span class='ocrx_word' id='word_1_225' title='bbox 341 2448 618 2519; x_wconf 62' lang='lat' dir='ltr'>nummis»,</span> <span class='ocrx_word' id='word_1_226' title='bbox 635 2466 793 2524; x_wconf 90' lang='lat' dir='ltr'>quos</span> <span class='ocrx_word' id='word_1_227' title='bbox 838 2449 898 2507; x_wconf 89' lang='lat' dir='ltr'>in</span> <span class='ocrx_word' id='word_1_228' title='bbox 935 2448 1098 2509; x_wconf 89' lang='lat' dir='ltr'>circo</span> <span class='ocrx_word' id='word_1_229' title='bbox 1131 2449 1428 2511; x_wconf 89' lang='lat' dir='ltr'>Flaminio</span> <span class='ocrx_word' id='word_1_230' title='bbox 1469 2451 1894 2526; x_wconf 88' lang='lat' dir='ltr'>deprehensos</span> <span class='ocrx_word' id='word_1_231' title='bbox 1925 2465 2069 2509; x_wconf 88' lang='lat' dir='ltr'>esse</span> 
     </span>
     <span class='ocr_line' id='line_1_28' title="bbox 0 2531 2069 2608; baseline -0 -17"><span class='ocrx_word' id='word_1_232' title='bbox 0 2531 213 2605; x_wconf 72' lang='lat' dir='ltr'>fixisti,</span> <span class='ocrx_word' id='word_1_233' title='bbox 247 2532 433 2594; x_wconf 87' lang='lat' dir='ltr'>caluit</span> <span class='ocrx_word' id='word_1_234' title='bbox 458 2549 526 2593; x_wconf 84' lang='lat' dir='ltr'>re</span> <span class='ocrx_word' id='word_1_235' title='bbox 548 2532 809 2601; x_wconf 86' lang='lat' dir='ltr'>recenti,</span> <span class='ocrx_word' id='word_1_236' title='bbox 855 2548 1018 2592; x_wconf 90' lang='lat' dir='ltr'>nunc</span> <span class='ocrx_word' id='word_1_237' title='bbox 1051 2533 1111 2591; x_wconf 90' lang='lat' dir='ltr'>in</span> <span class='ocrx_word' id='word_1_238' title='bbox 1143 2548 1332 2592; x_wconf 88' lang='lat' dir='ltr'>causa</span> <span class='ocrx_word' id='word_1_239' title='bbox 1363 2534 1614 2593; x_wconf 76' lang='lat' dir='ltr'>refrixit.</span> <span class='ocrx_word' id='word_1_240' title='bbox 1659 2534 1872 2608; x_wconf 87' lang='lat' dir='ltr'>Neque</span> <span class='ocrx_word' id='word_1_241' title='bbox 1909 2532 2069 2591; x_wconf 88' lang='lat' dir='ltr'>enim</span> 
     </span>
     <span class='ocr_line' id='line_1_29' title="bbox 0 2613 2068 2691; baseline -0.002 -17"><span class='ocrx_word' id='word_1_242' title='bbox 0 2615 91 2691; x_wconf 60' lang='lat' dir='ltr'>qui</span> <span class='ocrx_word' id='word_1_243' title='bbox 114 2616 198 2676; x_wconf 91' lang='lat' dir='ltr'>illi</span> <span class='ocrx_word' id='word_1_244' title='bbox 212 2614 438 2676; x_wconf 90' lang='lat' dir='ltr'>nummi</span> <span class='ocrx_word' id='word_1_245' title='bbox 462 2617 979 2689; x_wconf 82' lang='lat' dir='ltr'>fuerintnecquae</span> <span class='ocrx_word' id='word_1_246' title='bbox 1003 2614 1196 2675; x_wconf 87' lang='lat' dir='ltr'>tribus</span> <span class='ocrx_word' id='word_1_247' title='bbox 1222 2630 1338 2674; x_wconf 87' lang='lat' dir='ltr'>nec</span> <span class='ocrx_word' id='word_1_248' title='bbox 1369 2615 1474 2691; x_wconf 90' lang='lat' dir='ltr'>qui</span> <span class='ocrx_word' id='word_1_249' title='bbox 1503 2616 1738 2675; x_wconf 86' lang='lat' dir='ltr'>divisor</span> <span class='ocrx_word' id='word_1_250' title='bbox 1770 2613 2068 2675; x_wconf 88' lang='lat' dir='ltr'>ostendis.</span> 
     </span>
     <span class='ocr_line' id='line_1_30' title="bbox 0 2696 2069 2776; baseline -0.001 -19"><span class='ocrx_word' id='word_1_251' title='bbox 0 2702 190 2773; x_wconf 71' lang='lat' dir='ltr'>Atque</span> <span class='ocrx_word' id='word_1_252' title='bbox 226 2700 286 2761; x_wconf 85' lang='lat' dir='ltr'>is</span> <span class='ocrx_word' id='word_1_253' title='bbox 344 2699 591 2776; x_wconf 88' lang='lat' dir='ltr'>quidem</span> <span class='ocrx_word' id='word_1_254' title='bbox 620 2701 880 2760; x_wconf 81' lang='lat' dir='ltr'>eductus</span> <span class='ocrx_word' id='word_1_255' title='bbox 928 2699 1010 2759; x_wconf 87' lang='lat' dir='ltr'>ad</span> <span class='ocrx_word' id='word_1_256' title='bbox 1050 2699 1372 2770; x_wconf 73' lang='lat' dir='ltr'>consules»,</span> <span class='ocrx_word' id='word_1_257' title='bbox 1416 2697 1519 2773; x_wconf 89' lang='lat' dir='ltr'>qui</span> <span class='ocrx_word' id='word_1_258' title='bbox 1571 2706 1696 2758; x_wconf 89' lang='lat' dir='ltr'>tum</span> <span class='ocrx_word' id='word_1_259' title='bbox 1735 2696 1795 2756; x_wconf 91' lang='lat' dir='ltr'>in</span> <span class='ocrx_word' id='word_1_260' title='bbox 1842 2698 2069 2757; x_wconf 88' lang='lat' dir='ltr'>crimen</span> 
     </span>
     <span class='ocr_line' id='line_1_31' title="bbox 0 2779 2066 2858; baseline 0 -19"><span class='ocrx_word' id='word_1_261' title='bbox 0 2782 352 2855; x_wconf 74' lang='lat' dir='ltr'>vocabatur,</span> <span class='ocrx_word' id='word_1_262' title='bbox 415 2799 484 2843; x_wconf 89' lang='lat' dir='ltr'>se</span> <span class='ocrx_word' id='word_1_263' title='bbox 538 2783 746 2858; x_wconf 90' lang='lat' dir='ltr'>inique</span> <span class='ocrx_word' id='word_1_264' title='bbox 786 2798 824 2842; x_wconf 92' lang='lat' dir='ltr'>a</span> <span class='ocrx_word' id='word_1_265' title='bbox 870 2779 987 2843; x_wconf 89' lang='lat' dir='ltr'>tuis</span> <span class='ocrx_word' id='word_1_266' title='bbox 1035 2781 1320 2842; x_wconf 85' lang='lat' dir='ltr'>iactatum</span> <span class='ocrx_word' id='word_1_267' title='bbox 1362 2780 1629 2855; x_wconf 88' lang='lat' dir='ltr'>graviter</span> <span class='ocrx_word' id='word_1_268' title='bbox 1682 2781 2066 2855; x_wconf 86' lang='lat' dir='ltr'>querebatur.</span> 
     </span>
     <span class='ocr_line' id='line_1_32' title="bbox 0 2864 2062 2946; baseline 0 -21"><span class='ocrx_word' id='word_1_269' title='bbox 0 2864 102 2939; x_wconf 71' lang='lat' dir='ltr'>Qui</span> <span class='ocrx_word' id='word_1_270' title='bbox 133 2865 187 2926; x_wconf 90' lang='lat' dir='ltr'>si</span> <span class='ocrx_word' id='word_1_271' title='bbox 221 2875 348 2927; x_wconf 86' lang='lat' dir='ltr'>erat</span> <span class='ocrx_word' id='word_1_272' title='bbox 377 2866 626 2937; x_wconf 88' lang='lat' dir='ltr'>divisor,</span> <span class='ocrx_word' id='word_1_273' title='bbox 664 2866 1024 2946; x_wconf 81' lang='lat' dir='ltr'>praesertim</span> <span class='ocrx_word' id='word_1_274' title='bbox 1056 2864 1220 2937; x_wconf 83' lang='lat' dir='ltr'>eiuS‚</span> <span class='ocrx_word' id='word_1_275' title='bbox 1260 2881 1441 2939; x_wconf 92' lang='lat' dir='ltr'>quem</span> <span class='ocrx_word' id='word_1_276' title='bbox 1479 2874 1543 2925; x_wconf 89' lang='lat' dir='ltr'>tu</span> <span class='ocrx_word' id='word_1_277' title='bbox 1571 2864 1845 2925; x_wconf 90' lang='lat' dir='ltr'>habebas</span> <span class='ocrx_word' id='word_1_278' title='bbox 1874 2882 2062 2940; x_wconf 73' lang='lat' dir='ltr'>reum,</span> 
     </span>
     <span class='ocr_line' id='line_1_33' title="bbox 0 2948 2062 3011; baseline 0 -2"><span class='ocrx_word' id='word_1_279' title='bbox 0 2965 97 3009; x_wconf 70' lang='lat' dir='ltr'>zur</span> <span class='ocrx_word' id='word_1_280' title='bbox 124 2950 237 3010; x_wconf 90' lang='lat' dir='ltr'>abs</span> <span class='ocrx_word' id='word_1_281' title='bbox 265 2958 325 3011; x_wconf 87' lang='lat' dir='ltr'>te</span> <span class='ocrx_word' id='word_1_282' title='bbox 355 2967 499 3010; x_wconf 87' lang='lat' dir='ltr'>reus</span> <span class='ocrx_word' id='word_1_283' title='bbox 530 2967 651 3010; x_wconf 83' lang='lat' dir='ltr'>non</span> <span class='ocrx_word' id='word_1_284' title='bbox 688 2957 784 3010; x_wconf 86' lang='lat' dir='ltr'>est</span> <span class='ocrx_word' id='word_1_285' title='bbox 813 2950 1054 3009; x_wconf 71' lang='lat' dir='ltr'>factus?</span> <span class='ocrx_word' id='word_1_286' title='bbox 1084 2966 1194 3010; x_wconf 90' lang='lat' dir='ltr'>cur</span> <span class='ocrx_word' id='word_1_287' title='bbox 1227 2967 1346 3010; x_wconf 91' lang='lat' dir='ltr'>non</span> <span class='ocrx_word' id='word_1_288' title='bbox 1380 2949 1513 3010; x_wconf 88' lang='lat' dir='ltr'>eius</span> <span class='ocrx_word' id='word_1_289' title='bbox 1545 2948 1932 3011; x_wconf 85' lang='lat' dir='ltr'>damnatione</span> <span class='ocrx_word' id='word_1_290' title='bbox 1961 2949 2062 3010; x_wconf 90' lang='lat' dir='ltr'>ali-</span> 
     </span>
     <span class='ocr_line' id='line_1_34' title="bbox 0 3031 1556 3109; baseline 0 -17"><span class='ocrx_word' id='word_1_291' title='bbox 0 3032 137 3108; x_wconf 85' lang='lat' dir='ltr'>quid</span> <span class='ocrx_word' id='word_1_292' title='bbox 171 3035 250 3094; x_wconf 90' lang='lat' dir='ltr'>ad</span> <span class='ocrx_word' id='word_1_293' title='bbox 276 3034 395 3093; x_wconf 87' lang='lat' dir='ltr'>hoc</span> <span class='ocrx_word' id='word_1_294' title='bbox 428 3033 716 3094; x_wconf 79' lang='lat' dir='ltr'>iudicIum</span> <span class='ocrx_word' id='word_1_295' title='bbox 754 3031 1109 3106; x_wconf 85' lang='lat' dir='ltr'>praeiudicii</span> <span class='ocrx_word' id='word_1_296' title='bbox 1139 3033 1556 3109; x_wconf 67' lang='lat' dir='ltr'>comparasti?</span> 
     </span>
    </p>

    <p class='ocr_par' dir='ltr' id='par_1_6' title="bbox 0 3115 2081 3582">
     <span class='ocr_line' id='line_1_35' title="bbox 112 3115 2069 3193; baseline -0.001 -16"><span class='ocrx_word' id='word_1_297' title='bbox 112 3115 238 3177; x_wconf 88' lang='lat' dir='ltr'>Sed</span> <span class='ocrx_word' id='word_1_298' title='bbox 262 3134 465 3193; x_wconf 89' lang='lat' dir='ltr'>neque</span> <span class='ocrx_word' id='word_1_299' title='bbox 489 3125 555 3177; x_wconf 91' lang='lat' dir='ltr'>tu</span> <span class='ocrx_word' id='word_1_300' title='bbox 578 3116 730 3176; x_wconf 88' lang='lat' dir='ltr'>haec</span> <span class='ocrx_word' id='word_1_301' title='bbox 755 3116 946 3175; x_wconf 88' lang='lat' dir='ltr'>habes</span> <span class='ocrx_word' id='word_1_302' title='bbox 970 3132 1173 3191; x_wconf 90' lang='lat' dir='ltr'>neque</span> <span class='ocrx_word' id='word_1_303' title='bbox 1197 3117 1288 3177; x_wconf 90' lang='lat' dir='ltr'>eis</span> <span class='ocrx_word' id='word_1_304' title='bbox 1314 3117 1595 3179; x_wconf 85' lang='lat' dir='ltr'>confidis.</span> <span class='ocrx_word' id='word_1_305' title='bbox 1640 3117 1780 3177; x_wconf 86' lang='lat' dir='ltr'>Alia</span> <span class='ocrx_word' id='word_1_306' title='bbox 1810 3126 1866 3178; x_wconf 84' lang='lat' dir='ltr'>te</span> <span class='ocrx_word' id='word_1_307' title='bbox 1892 3117 2069 3188; x_wconf 86' lang='lat' dir='ltr'>rati0,</span> 
     </span>
     <span class='ocr_line' id='line_1_36' title="bbox 0 3198 2065 3275; baseline -0.001 -16"><span class='ocrx_word' id='word_1_308' title='bbox 0 3200 106 3259; x_wconf 74' lang='lat' dir='ltr'>ilia</span> <span class='ocrx_word' id='word_1_309' title='bbox 136 3201 422 3275; x_wconf 84' lang='lat' dir='ltr'>cogitatio</span> <span class='ocrx_word' id='word_1_310' title='bbox 457 3201 534 3260; x_wconf 87' lang='lat' dir='ltr'>ad</span> <span class='ocrx_word' id='word_1_311' title='bbox 568 3215 741 3275; x_wconf 89' lang='lat' dir='ltr'>spem</span> <span class='ocrx_word' id='word_1_312' title='bbox 782 3198 963 3260; x_wconf 87' lang='lat' dir='ltr'>huius</span> <span class='ocrx_word' id='word_1_313' title='bbox 995 3200 1381 3275; x_wconf 88' lang='lat' dir='ltr'>opprimendi</span> <span class='ocrx_word' id='word_1_314' title='bbox 1414 3203 1718 3262; x_wconf 85' lang='lat' dir='ltr'>excitavit.</span> <span class='ocrx_word' id='word_1_315' title='bbox 1805 3201 2065 3273; x_wconf 83' lang='lat' dir='ltr'>Magnae</span> 
     </span>
     <span class='ocr_line' id='line_1_37' title="bbox 0 3278 2066 3370; baseline -0.003 -27"><span class='ocrx_word' id='word_1_316' title='bbox 0 3291 132 3344; x_wconf 70' lang='lat' dir='ltr'>sunt</span> <span class='ocrx_word' id='word_1_317' title='bbox 160 3283 218 3343; x_wconf 91' lang='lat' dir='ltr'>in</span> <span class='ocrx_word' id='word_1_318' title='bbox 264 3292 322 3345; x_wconf 86' lang='lat' dir='ltr'>te</span> <span class='ocrx_word' id='word_1_319' title='bbox 346 3301 534 3359; x_wconf 88' lang='lat' dir='ltr'>opes,</span> <span class='ocrx_word' id='word_1_320' title='bbox 578 3286 696 3345; x_wconf 87' lang='lat' dir='ltr'>late</span> <span class='ocrx_word' id='word_1_321' title='bbox 727 3291 895 3358; x_wconf 87' lang='lat' dir='ltr'>patet</span> <span class='ocrx_word' id='word_1_322' title='bbox 927 3283 1158 3359; x_wconf 84' lang='lat' dir='ltr'>gratia=</span> <span class='ocrx_word' id='word_1_323' title='bbox 1195 3285 1363 3345; x_wconf 88' lang='lat' dir='ltr'>multi</span> <span class='ocrx_word' id='word_1_324' title='bbox 1394 3284 1602 3354; x_wconf 87' lang='lat' dir='ltr'>amici,</span> <span class='ocrx_word' id='word_1_325' title='bbox 1656 3282 1826 3344; x_wconf 88' lang='lat' dir='ltr'>multi</span> <span class='ocrx_word' id='word_1_326' title='bbox 1858 3278 2066 3370; x_wconf 74' lang='lat' dir='ltr'>cupidi</span> 
     </span>
     <span class='ocr_line' id='line_1_38' title="bbox 0 3360 2066 3453; baseline -0.004 -25"><span class='ocrx_word' id='word_1_327' title='bbox 0 3366 107 3438; x_wconf 83' lang='lat' dir='ltr'>tui,</span> <span class='ocrx_word' id='word_1_328' title='bbox 155 3368 324 3429; x_wconf 88' lang='lat' dir='ltr'>multi</span> <span class='ocrx_word' id='word_1_329' title='bbox 354 3371 624 3429; x_wconf 78' lang='lat' dir='ltr'>fautores</span> <span class='ocrx_word' id='word_1_330' title='bbox 655 3366 854 3428; x_wconf 87' lang='lat' dir='ltr'>laudis</span> <span class='ocrx_word' id='word_1_331' title='bbox 900 3375 1070 3427; x_wconf 86' lang='lat' dir='ltr'>tuae:</span> <span class='ocrx_word' id='word_1_332' title='bbox 1116 3368 1285 3429; x_wconf 90' lang='lat' dir='ltr'>multi</span> <span class='ocrx_word' id='word_1_333' title='bbox 1326 3367 1467 3427; x_wconf 86' lang='lat' dir='ltr'>huic</span> <span class='ocrx_word' id='word_1_334' title='bbox 1510 3366 1807 3435; x_wconf 87' lang='lat' dir='ltr'>invident,</span> <span class='ocrx_word' id='word_1_335' title='bbox 1861 3360 2066 3453; x_wconf 77' lang='lat' dir='ltr'>mulus</span> 
     </span>
     <span class='ocr_line' id='line_1_39' title="bbox 0 3443 2081 3582; baseline -0.001 -70"><span class='ocrx_word' id='word_1_336' title='bbox 0 3449 168 3513; x_wconf 73' lang='lat' dir='ltr'>etiam</span> <span class='ocrx_word' id='word_1_337' title='bbox 205 3461 403 3525; x_wconf 88' lang='lat' dir='ltr'>pater,</span> <span class='ocrx_word' id='word_1_338' title='bbox 437 3451 702 3527; x_wconf 86' lang='lat' dir='ltr'>optimus</span> <span class='ocrx_word' id='word_1_339' title='bbox 735 3450 855 3525; x_wconf 89' lang='lat' dir='ltr'>vir,</span> <span class='ocrx_word' id='word_1_340' title='bbox 903 3450 1151 3511; x_wconf 88' lang='lat' dir='ltr'>nimium</span> <span class='ocrx_word' id='word_1_341' title='bbox 1182 3450 1453 3511; x_wconf 89' lang='lat' dir='ltr'>retinens</span> <span class='ocrx_word' id='word_1_342' title='bbox 1486 3445 1792 3582; x_wconf 49' lang='lat' dir='ltr'>eqtllgstris</span> <span class='ocrx_word' id='word_1_343' title='bbox 1830 3444 1975 3500; x_wconf 75' lang='lat' dir='ltr'>iurls</span> <span class='ocrx_word' id='word_1_344' title='bbox 2006 3443 2081 3493; x_wconf 63' lang='lat' dir='ltr'>et</span> 
     </span>
    </p>

    <p class='ocr_par' dir='ltr' id='par_1_7' title="bbox 72 3536 382 3598">
     <span class='ocr_line' id='line_1_40' title="bbox 72 3536 382 3598; baseline 0.003 -4"><span class='ocrx_word' id='word_1_345' title='bbox 72 3551 187 3594; x_wconf 74' lang='grc' dir='ltr'>οπο.</span> <span class='ocrx_word' id='word_1_346' title='bbox 221 3536 294 3595; x_wconf 89' lang='lat' dir='ltr'>II.</span> <span class='ocrx_word' id='word_1_347' title='bbox 328 3545 382 3598; x_wconf 84' lang='grc'>3.</span> 
     </span>
    </p>
   </div>
   <div class='ocr_carea' id='block_1_5' title="bbox 2384 1137 2442 1165">
    <p class='ocr_par' dir='ltr' id='par_1_8' title="bbox 2384 1137 2442 1165">
     <span class='ocr_line' id='line_1_41' title="bbox 2384 1137 2442 1165; textangle 90"><span class='ocrx_word' id='word_1_348' title='bbox 2384 1137 2442 1165; x_wconf 66' lang='grc' dir='ltr'>’ῑ</span> 
     </span>
    </p>
   </div>
  </div>
 </body>
</html>
