2514 3928
248 226 298 279 2
852 212 1001 277 PRO
1030 214 1095 273 P.
1125 211 1393 274 SESTIO
1425 210 1732 273 ORATIO.

256 369 325 418 ad
356 382 593 433 praeseus
630 367 891 433 negotium
928 366 1195 431 pertinere.
1271 363 1620 415 ostendendae
1651 372 1769 412 sunt
1801 364 1937 412 enim
1965 364 2025 414 Ρ.
2056 362 2214 414 Clodii
2251 379 2335 416 ιο-

258 438 473 486 ditiosae
513 435 932 498 turbulentaeque
973 434 1110 484 illius
1147 434 1390 498 temporis
1426 433 1649 482 actiones
1681 439 1732 480 et
1763 431 2006 497 iniuriae,
2054 447 2182 496 quae
2218 437 2341 499 ipso

258 504 432 555 Cicero
468 518 770 568 perpessus,
808 513 858 552 et
896 502 1166 561 utilitates,
1206 516 1333 565 quas
1377 505 1429 549 in
1467 501 1608 550 illius
1649 501 1963 550 restitutione
2005 502 2170 565 patria
2212 518 2337 552 cou-

257 585 432 624 eecuta
465 574 548 631 sit,
587 582 641 621 ut
674 580 808 621 recte
841 587 902 622 ac
932 572 1217 621 necessario
1242 572 1301 620 P.
1333 569 1527 620 Sestius
1563 578 1785 619 armatos
1807 568 2050 619 habuisse
2080 571 2339 630 videatur,

259 654 528 707 propterea
558 642 626 689 sit
655 642 878 690 maxime
909 640 1194 705 praesentis
1225 640 1452 688 criminis
1490 637 1683 688 invidia
1710 637 2022 691 liberandus.
2097 635 2337 704 Dudicio,

258 711 339 760 cui
368 720 600 775 praeerat
631 710 700 760 M.
737 709 985 759 Aemilius
1015 708 1235 758 Scaurus
1272 715 1492 774 praetor,
1529 708 1586 760 P.
1622 706 1819 756 Sestius
1850 721 2029 756 revera
2065 707 2335 758 absolutus

260 791 363 842 est,
402 779 519 829 vide
551 777 806 828 Ciceronis
841 780 1159 841 epistolarum
1190 778 1263 826 ad
1284 776 1343 839 Q.
1369 777 1590 840 fratrem
1619 775 1707 829 lib.
1737 776 1799 826 11.
1832 790 1913 840 ep,
1946 776 1996 825 4.
2029 776 2079 837 S.
2111 773 2184 842 1.]

428 949 468 1006 Ι.
514 945 572 1009 1.
613 908 692 1007 Si
723 945 861 1021 quis
891 955 1099 1020 antea,
1129 944 1395 1016 iudiceS‚
1428 946 1759 1006 mirabatur
1788 943 1936 1020 quid
1966 953 2133 1005 esset
2163 946 2331 1019 quod

261 1047 373 1106 pro
408 1030 588 1100 tantis
626 1030 851 1105 opibus
884 1030 972 1089 rei
1007 1029 1287 1103 publicae
1317 1038 1607 1105 tantaque
1636 1027 1928 1103 dignitate
1957 1027 2194 1103 imperii
2226 1045 2331 1088 ne·

261 1131 568 1190 quaquam
602 1114 751 1174 satis
780 1114 947 1174 multi
977 1113 1147 1174 cives
1179 1112 1318 1174 sorti
1347 1120 1408 1173 et
1429 1129 1647 1187 magno
1672 1111 1873 1172 animo
1897 1110 2333 1185 invenirentur,

260 1197 366 1273 qui
407 1198 705 1258 auderent
744 1214 814 1258 se
849 1206 909 1258 et
956 1199 1214 1258 salutem
1259 1213 1432 1257 suam
1471 1196 1530 1256 in
1577 1194 1905 1256 discrimen
1946 1193 2167 1256 offerre
2215 1211 2331 1268 pro

259 1288 419 1341 statu
449 1278 707 1337 civitatis
735 1286 796 1335 et
818 1292 932 1351 pro
959 1276 1580 1347 eommunilibertate,
1602 1276 1654 1336 is
1681 1293 1758 1336 ex
1781 1277 1902 1339 hoc
1916 1285 2193 1353 tempore
2223 1277 2330 1337 mi-

258 1373 423 1424 retur
455 1363 690 1439 potiuS,
735 1361 786 1422 si
821 1378 1000 1436 quem
1033 1363 1256 1423 bonnm
1293 1371 1354 1423 et
1384 1364 1599 1422 sortem
1634 1360 1829 1421 civem
1861 1360 2108 1433 viderit,
2148 1377 2332 1434 quam

259 1447 312 1508 si
345 1464 526 1522 quem
560 1453 665 1506 aut
697 1445 963 1505 timidum
1000 1455 1105 1505 aut
1138 1446 1254 1505 sibi
1297 1445 1502 1519 potius
1533 1461 1716 1521 quam
1742 1444 1833 1505 rei
1863 1444 2143 1520 publicae
2184 1461 2329 1504 con-

259 1533 578 1592 sulentem.
623 1530 774 1588 Nam
798 1537 864 1589 ut
886 1527 1171 1589 omittatis
1196 1530 1275 1589 de
1298 1529 1479 1590 unius
1503 1527 1805 1603 cuiusque
1830 1544 1982 1588 casu
2002 1527 2330 1603 cogitando

258 1611 598 1683 recordari,
642 1627 763 1671 uno
795 1620 1054 1684 aspectu
1082 1611 1300 1674 intueri
1327 1611 1585 1686 potestis
1609 1628 1749 1684 eOS,
1789 1610 1894 1687 qui
1924 1628 2063 1672 cum
2094 1620 2328 1684 senatu,

258 1712 396 1755 cum
433 1693 613 1755 bonis
645 1692 926 1754 omnibus
964 1710 1092 1753 rem
1130 1695 1434 1769 publicam
1468 1694 1777 1756 adflictam
1807 1695 2124 1756 excitarint
2154 1703 2215 1755 et
2244 1697 2331 1754 la-

260 1777 517 1838 trocinio
548 1776 888 1838 domestico
919 1777 1261 1853 liberarint,
1303 1789 1603 1852 maestOS,
1646 1778 2026 1852 sordidatOS,
2072 1795 2217 1838 reos
2251 1780 2332 1838 de

258 1862 491 1936 eapite,
524 1861 603 1920 de
633 1861 823 1934 sama,
857 1862 936 1922 de
965 1860 1239 1934 civitate,
1276 1863 1354 1923 de
1378 1862 1664 1937 fortunia„
1704 1864 1784 1923 de
1806 1861 2015 1924 liberis
2039 1863 2326 1922 dimican-

262 1954 380 2006 tes:
426 1959 538 2005 eos
567 1953 791 2018 autem,
826 1944 932 2022 qui
963 1945 1166 2007 omnia
1195 1944 1402 2008 divina
1431 1954 1492 2008 et
1518 1947 1782 2007 humana
1814 1945 2110 2019 violarint,
2144 1962 2327 2006 vexa·
2367 1975 2372 1978 -

257 2028 405 2100 rint,
452 2028 887 2104 perturbarint,
930 2031 1291 2104 everterint,
1333 2048 1454 2092 non
1497 2032 1695 2092 solum
1728 2032 1967 2092 alacres
2008 2032 2332 2106 laetosque

260 2113 543 2183 volitare,
587 2113 700 2173 sed
728 2112 908 2173 etiam
940 2113 1289 2174 fortissimis
1320 2124 1505 2188 atque
1540 2114 1784 2190 optimis
1821 2114 2059 2176 civibus
2093 2113 2328 2190 pericu-

257 2200 378 2256 lum
412 2194 640 2268 moliri,
683 2196 760 2256 de
798 2212 869 2257 se
901 2196 1043 2257 nibil
1075 2197 1304 2259 timere.
1388 2197 1449 2259 2.
1494 2200 1561 2257 ln
1595 2215 1717 2274 quo
1755 2215 1941 2274 quum
1972 2199 2160 2259 multa
2187 2206 2331 2258 sunt

258 2279 536 2353 indigna,
568 2288 692 2339 tum
726 2279 871 2339 nihil
903 2280 1102 2342 minus
1133 2290 1228 2342 est
1259 2282 1608 2355 ferendum,
1642 2298 1825 2357 quam
1856 2283 2023 2358 quod
2055 2282 2174 2342 iam
2205 2299 2328 2342 non

257 2380 368 2438 per
401 2364 669 2424 latrones
701 2379 882 2435 suOS,
921 2381 1043 2424 non
1080 2380 1190 2439 per
1217 2364 1499 2426 homines
1532 2373 1806 2441 egestate
1835 2374 1896 2427 et
1925 2368 2160 2426 scelere
2192 2383 2329 2440 per-

257 2447 448 2516 ditos,
498 2446 610 2507 sed
639 2461 749 2521 per
778 2464 891 2507 vos
924 2447 1131 2520 nobIS,
1172 2464 1285 2522 per
1314 2448 1580 2524 optimos
1614 2448 1783 2510 viros
1814 2446 2058 2525 optImis
2089 2448 2330 2509 civibus

258 2528 590 2604 periculum
632 2529 854 2591 inferre
904 2539 1199 2592 conantur
1241 2540 1303 2592 et
1348 2548 1504 2607 quos
1548 2531 1888 2607 lapidibus,
1942 2550 2102 2607 quos
2148 2534 2331 2606 ferro,

259 2631 418 2689 quos
451 2613 723 2687 facibus,
766 2631 926 2689 quos
962 2614 1049 2687 vi,
1098 2631 1312 2687 manu,
1350 2614 1548 2689 copiis
1584 2616 1791 2676 delere
1820 2632 1943 2677 non
1981 2625 2329 2691 potuerunt,

256 2698 372 2759 lios
407 2707 612 2760 vestra
640 2698 1026 2770 auctoritate,
1060 2708 1264 2760 vestra
1293 2697 1615 2773 religione,
1661 2699 1881 2761 vestris
1911 2698 2228 2761 sententiis
2260 2716 2330 2759 se

258 2797 672 2854 oppressuros
702 2782 1082 2843 arbitrantur.
1172 2782 1302 2857 Ego
1317 2791 1562 2857 autem,
1605 2781 1872 2857 iudices,
1899 2786 2176 2860 quoniam
2207 2799 2330 2857 qua

260 2878 414 2923 voce
445 2862 589 2922 mihi
616 2863 675 2922 in
711 2864 967 2939 agendis
999 2864 1209 2940 gratiis
1239 2866 1899 2943 commemorandoque
1928 2883 2173 2937 eorum,
2224 2865 2348 2942 qui⁵

258 2947 337 3006 de
371 2962 469 3006 me
505 2946 731 3021 optime
760 2947 952 3008 meriti
983 2957 1149 3019 sunt,
1189 2948 1487 3010 beneficio
1519 2967 1662 3011 esse
1697 2950 1986 3012 utendum
2022 2950 2328 3025 putabam,

256 3045 334 3089 ea
365 3046 527 3090 nunc
566 3029 651 3090 uti
681 3045 871 3105 cogor
898 3030 959 3091 in
991 3048 1202 3092 eorum
1234 3030 1524 3107 periculis
1556 3034 1968 3109 depellendis,
2018 3033 2095 3094 iis
2137 3034 2301 3109 potis

259 3111 480 3182 simum
517 3129 640 3174 vox
680 3113 833 3175 haec
874 3114 1133 3188 serviat,
1183 3132 1443 3191 quorum
1477 3123 1669 3193 opera
1699 3115 1934 3180 etmihi
1966 3129 2029 3178 et
2060 3116 2239 3179 vobis
2270 3133 2328 3180 et

258 3197 493 3273 populo
523 3198 799 3259 Romano
830 3198 1105 3259 restituta
1140 3208 1252 3260 cst.
1355 3215 1362 3220 ·

428 3280 499 3342 ll.
530 3278 589 3339 3.
632 3281 709 3341 Et
743 3297 1109 3357 quamquam
1141 3299 1178 3342 a
1207 3282 1274 3357 Q.
1305 3281 1663 3358 Hortensio,
1698 3281 2038 3353 clarissimo
2070 3280 2204 3343 viro
2241 3293 2304 3342 at

261 3371 382 3438 que
412 3363 944 3438 eloquentissimo,
991 3381 1178 3427 causa
1209 3374 1306 3427 est
1329 3366 1391 3428 P.
1424 3366 1606 3428 Sestii
1638 3377 1922 3443 perorata
1949 3365 2222 3441 nihilque
2251 3372 2330 3428 ab

254 3463 337 3508 eo
370 3446 870 3522 praetermissum
914 3456 1041 3524 est,
1081 3450 1248 3525 quod
1289 3458 1395 3511 aut
1425 3467 1641 3526 prore
1668 3450 1914 3528 publica
1944 3466 2325 3524 conqueren-
