2514 3928
294 179 419 244 408
573 181 648 239 IN
684 178 762 237 Μ.
793 174 1197 238 ANTONIUM
1224 171 1510 235 ORATIO
1546 170 1974 232 PHILIPPICA
2005 172 2113 231 lx.
2320 184 2426 239 uo

293 340 449 394 rant.
508 329 574 390 Si
605 328 745 405 quis
778 334 919 404 post
949 328 1069 388 hoc
1100 333 1350 387 senatus
1385 326 1728 387 consultum
1759 324 1839 383 ad
1868 324 2227 385 Antonium
2268 340 2420 403 pro·

297 417 495 476 lectus
524 421 693 474 esset
726 418 968 487 praeter
997 412 1063 471 L.
1101 409 1385 482 Varium,
1415 416 1694 470 senatum
1727 406 2243 469 existimaturum
2277 424 2422 469 enin

291 506 508 559 eontra
538 513 665 556 rem
706 494 1006 571 publicam
1045 493 1287 554 secisse.

884 812 971 892 Μ.
1034 789 1305 891 Tuum
1361 805 1788 890 clcssnoms

303 961 395 1055 IN
431 962 532 1054 Μ.
565 952 1053 1051 ΑΝΤΟΝΙΙΙΜ
1099 951 1464 1047 (IIIA'I'IO
1510 948 2060 1047 PHILIPPICA
2103 950 2411 1051 NoNA.

998 1235 1671 1297 ARGUMENTUM.

399 1355 715 1419 Quamquam
764 1354 1064 1403 sententiam
1107 1365 1246 1411 eam,
1308 1364 1460 1413 quam
1507 1351 1574 1402 M.
1622 1348 1796 1400 Cicero
1843 1354 2118 1415 superiore
2172 1357 2406 1406 oratione

291 1424 693 1479 commendavit,
742 1429 949 1471 senatus
995 1422 1049 1470 in
1093 1420 1410 1470 decernendo
1444 1428 1649 1469 secutus
1697 1426 1833 1480 erat,
1880 1434 1980 1482 qua
2014 1416 2084 1471 de
2123 1438 2193 1473 re
2234 1424 2405 1475 eonfe-

289 1503 467 1544 rantur
504 1508 633 1558 quae
672 1492 802 1542 dixit
833 1490 1038 1541 Cassius
1077 1490 1174 1540 Dio
1211 1489 1301 1539 lib.
1333 1487 1514 1539 XLVI.
1551 1502 1661 1553 cap.
1693 1487 1814 1547 31..
1861 1495 2034 1539 tamen
2070 1490 2151 1545 M.
2193 1493 2403 1544 Antonii

294 1564 488 1613 inimici
534 1569 685 1625 atque
727 1560 1008 1610 adversarii
1053 1558 1277 1608 nondum
1326 1557 1383 1607 id
1431 1565 1574 1607 erant
1626 1558 1914 1619 consecuti,
1967 1560 2115 1621 quod
2177 1564 2403 1613 maxims

291 1633 619 1697 spectabant,
657 1638 711 1679 ut
743 1628 813 1683 M.
851 1629 1103 1679 Antonius
1145 1626 1308 1676 hostis
1346 1627 1547 1691 patriae
1573 1627 1897 1676 iudicaretur.
1969 1626 2146 1686 Quam
2192 1631 2266 1680 ob
2305 1647 2398 1682 rem

294 1715 449 1763 quum
490 1698 545 1748 G.
584 1700 749 1749 Pansa
785 1696 960 1747 consul
997 1698 1061 1747 de
1103 1696 1293 1745 honore
1331 1696 1439 1747 Ser.
1481 1694 1724 1760 Sulpicii,
1771 1696 1858 1757 qui
1895 1710 2010 1745 cum
2053 1697 2116 1748 L.
2154 1698 2401 1766 Philipps

293 1777 344 1819 et
379 1769 439 1817 L.
478 1768 663 1817 Pisone
697 1768 763 1816 ad
793 1766 1069 1816 Antonium
1095 1765 1315 1824 missus,
1358 1765 1502 1829 prius
1551 1778 1702 1826 quam
1749 1764 1988 1814 mandata
2037 1776 2274 1817 senatus
2319 1785 2398 1819 ex-

292 1845 527 1902 poneret,
571 1850 732 1900 prope
762 1842 928 1885 castra
961 1833 1031 1883 Μ.
1072 1833 1281 1882 Antonii
1316 1842 1424 1882 erat
1456 1842 1712 1889 mortuus,
1763 1833 1816 1881 in
1852 1842 2033 1883 senatu
2075 1835 2326 1901 referret,
2355 1845 2394 1891 d

292 1920 408 1955 eum
440 1918 540 1954 non
572 1904 738 1952 solum
774 1902 1027 1968 sepulcro,
1068 1916 1247 1952 -verum
1280 1903 1431 1951 etiam
1470 1910 1638 1951 statua
1670 1901 1872 1967 publice
1907 1901 2189 1954 honestari
2232 1906 2393 1961 vellet.

290 1975 429 2036 quod
475 1980 530 2022 ut
573 1972 783 2023 referret
821 1973 1035 2022 fortasse
1082 1986 1114 2021 a
1161 1970 1230 2024 M.
1273 1969 1514 2021 Cicerone
1561 1972 1771 2034 eiusque
1805 1971 2230 2025 adsectatoribus
2282 1991 2393 2043 pro-

294 2051 467 2108 pterea
495 2042 767 2107 instigatus
805 2049 938 2103 erat,
977 2041 1115 2105 quod
1149 2038 1316 2089 honos
1351 2048 1548 2090 statuae
1579 2055 1681 2090 non
1720 2042 2035 2091 tribuebatur
2065 2043 2175 2092 nisi
2212 2044 2392 2111 legatis

290 2111 477 2161 iniuria
510 2112 689 2168 caesis,
726 2125 826 2172 qua
855 2109 920 2160 de
956 2125 1011 2158 re
1047 2109 1165 2158 vide
1195 2109 1349 2160 Plinii
1376 2108 1490 2159 leisc.
1530 2116 1635 2158 nat.
1671 2109 1760 2158 lib.
1797 2108 2024 2160 XXXIV.
2058 2125 2106 2160 c.
2138 2114 2201 2166 5.
2234 2128 2283 2167 s.
2321 2115 2390 2164 11.

287 2181 339 2241 S.
374 2179 443 2230 23
479 2193 579 2242 sq„
631 2181 687 2229 P.
725 2177 967 2228 Servilius
1012 2175 1209 2227 consuli
1256 2178 1322 2226 de
1371 2185 1536 2228 statua
1583 2178 1788 2240 quidem
1835 2179 2247 2231 adsentiendum
2299 2198 2387 2233 nou
2452 2236 2461 2253 Ι

290 2248 509 2307 censuit,
541 2262 607 2297 ne
637 2261 768 2297 nova
802 2247 869 2300 M.
900 2247 1124 2296 Antonio
1156 2246 1348 2296 invidia
1380 2247 1445 2296 de
1479 2255 1638 2296 morte
1667 2245 1776 2297 Ser.
1809 2245 2026 2312 Sulpicii
2053 2251 2386 2313 conflaretur,
2452 2272 2467 2307 f*

291 2315 360 2368 M.
395 2322 562 2364 autern
598 2313 771 2367 Cicero
806 2314 903 2364 hac
938 2316 1065 2380 ipsa,
1106 2329 1235 2378 quae
1267 2314 1400 2365 infra
1430 2316 1622 2380 scripta
1657 2322 1753 2377 est,
1792 2317 2021 2366 oratione
2057 2317 2386 2370 vehementer
2452 2310 2459 2323 ¹

288 2382 349 2432 0.
390 2384 585 2432 Pansae
631 2383 876 2432 adsensus
926 2390 1002 2434 est
1047 2390 1096 2433 et
1136 2385 1335 2433 senatui
1379 2383 1440 2434 de
1494 2399 1588 2433 sua
1631 2386 1883 2435 sententia
1929 2389 2227 2450 persuasit,
2279 2389 2384 2439 vide
2458 2426 2463 2435 .

241 2461 246 2471 ·
289 2451 624 2516 Pomponium
660 2452 711 2499 in
746 2452 998 2517 Diae-ator.
1032 2450 1120 2506 lib.
1161 2455 1196 2506 Ι.
1235 2453 1316 2503 tit.
1353 2455 1405 2506 2.
1444 2453 1627 2518 fragm.
1657 2456 1711 2504 ’2.
1746 2455 1798 2516 S.
1832 2453 1920 2508 43.

416 2570 459 2629 Ι.
491 2568 548 2631 1.
579 2571 815 2632 Vellem
848 2571 910 2631 di
939 2570 1310 2632 immortales
1343 2570 1652 2641 fecissent,
1688 2580 1890 2646 patres
1925 2573 2292 2649 conscripti,
2323 2584 2382 2636 ut

292 2652 434 2715 vivo
483 2653 686 2728 potius
732 2655 863 2715 Ser.
908 2653 1182 2730 Sulpicio
1223 2656 1451 2729 gratias
1495 2672 1816 2730 ageremus
1869 2672 2051 2730 quam
2107 2657 2378 2720 honores

289 2746 529 2799 mortuo
578 2754 1033 2813 quaereremus.
1120 2738 1245 2798 Nec
1291 2754 1441 2798 vero
1483 2739 1695 2800 dubito
1729 2740 1909 2814 quin,
1950 2738 2006 2799 si
2039 2739 2144 2800 ille
2173 2741 2273 2801 vir
2302 2744 2375 2802 le·

290 2820 598 2895 gationem
639 2822 987 2883 renuntiare
1037 2822 1369 2896 potuisset,
1408 2822 1643 2884 reditus
1684 2821 1819 2883 eius
1859 2830 1922 2883 et
1954 2824 2138 2883 vobis
2156 2816 2375 2898 ‘gratus

287 2902 470 2963 fuerit
516 2912 575 2964 et
615 2903 705 2964 rei
744 2905 1024 2980 publicae
1054 2902 1338 2966 salutaris
1372 2906 1642 2978 futurus,
1685 2921 1810 2966 non
1843 2922 1966 2981 quo
1995 2906 2061 2965 L.
2092 2906 2374 2984 Philippo

287 2993 350 3045 et
393 2985 454 3043 L.
496 2986 701 3047 Pisoni
744 2997 849 3049 aut
888 2987 1156 3051 studium
1195 2996 1302 3050 aut
1347 3004 1493 3050 eura
1536 2988 1801 3055 defuerit
1840 2988 2112 3051 intanto
2168 2990 2372 3052 officio

289 3076 582 3144 tantoque
626 3086 907 3142 munere,
957 3072 1071 3132 sed
1114 3088 1299 3146 quum
1332 3072 1464 3134 Ser.
1504 3071 1816 3147 Sulpicius
1862 3081 2061 3134 aetate
2095 3071 2215 3133 illis
2269 3092 2370 3135 an-

285 3149 480 3221 teu-et,
492 3150 794 3223 sapientia
818 3153 1120 3226 omnibuS,
1132 3154 1333 3216 subito
1369 3164 1621 3230 ereptus
1649 3173 1689 3217 e
1716 3172 1936 3228 causa,
1975 3163 2164 3218 totam
2208 3158 2367 3235 lega·

288 3230 514 3292 tionem
563 3234 771 3293 orbam
814 3244 877 3296 et
920 3237 1289 3300 debilitatam
1334 3239 1597 3315 reliquit.
1683 3238 1743 3300 2.
1793 3239 1965 3314 Quod
2000 3239 2057 3300 ¹si
2085 3240 2367 3315 cuiquam
2470 3312 2471 3317 ἵ

287 3312 486 3375 iustus
517 3313 713 3375 honos
735 3316 977 3378 habitus
998 3320 1174 3380 estin
1200 3331 1393 3384 morte
1417 3323 1637 3398 legato,
1670 3322 1731 3383 in
1756 3324 1933 3384 nullo·
1949 3321 2166 3384 iustior
2188 3339 2365 3398 quam

209 3421 216 3426 ·
286 3393 348 3455 in
383 3394 514 3455 Ser.
547 3396 817 3473 Sulpicio
845 3401 1202 3475 reperietur.
1303 3405 1519 3478 Ceteri,
1552 3404 1654 3483 qui
1689 3405 1751 3466 in
1781 3406 2085 3481 legatione
2115 3417 2364 3471 mortem
