2514 3928
159 284 229 339 ss
447 329 452 334 .
815 276 984 335 CAP.
1014 285 1213 337 2—4.
1255 284 1309 345 s.
1339 290 1568 342 5—11.
2103 281 2225 348 351

158 435 303 489 ante
344 427 728 503 propositum
771 433 905 500 est,
964 435 1128 487 certe
1170 426 1410 489 silentio
1461 446 1584 492 non
1637 440 1839 506 potest
1884 432 2229 507 praeteriri.

156 508 485 572 pollicetur
512 509 673 569 enim
702 524 772 569 se
802 508 1178 585 provinciam
1202 510 1457 571 Galliam
1486 521 1856 576 retenturum
1889 514 1949 575 in
1975 525 2226 579 senatus

158 592 500 671 populique
527 593 785 653 Romani
828 599 1151 668 potestate.
1224 591 1272 652 Ο
1320 592 1515 655 civem
1558 603 1762 658 natum
1808 597 1899 657 rei
1926 599 2226 676 publicae,

158 691 491 737 memorem
518 673 616 737 sui
646 676 908 736 nominis
937 665 1435 753 imitatoremque
1456 678 1781 739 maiorum!
1826 680 2039 755 Neque
2067 681 2227 743 enim

155 757 488 835 Tarquinio
515 760 791 835 expulso
808 758 1140 820 maioribus
1168 760 1399 822 nostris
1436 769 1555 822 tam
1588 761 1698 822 suit
1726 769 1932 837 optata
1959 763 2224 839 libertaS,

161 859 347 920 quam
389 852 486 904 est
524 843 788 918 depulso
809 841 947 903 ¹iam
973 842 1241 906 Antonio
1272 844 1590 906 retinenda
1618 844 1818 906 nobis.
1907 844 1967 907 9.
2011 846 2100 906 llli
2133 864 2227 908 re-

137 927 341 1008 ,gibus
383 943 600 1002 parere
640 925 759 987 iam
789 942 826 986 a
856 926 1103 988 condita
1130 928 1284 989 urbe
1313 928 1682 990 didicerant=
1727 944 1842 989 nos
1877 936 2023 1004 post
2048 945 2228 1005 reges

158 1018 458 1071 exactos«
476 1010 786 1072 servitutis
819 1009 1055 1071 oblivio
1099 1020 1366 1088 ceperat.
1452 1015 1659 1088 Atque
1699 1013 1800 1073 ille
1838 1011 2226 1089 TarquiniuS,

158 1111 343 1171 quem
372 1094 635 1153 maiores
653 1093 858 1155 nostri
883 1111 1007 1156 non
1039 1096 1329 1169 tulerunt,
1358 1111 1479 1157 non
1512 1095 1807 1171 crudeliS,
1837 1112 1959 1158 non
1982 1097 2225 1173 impiuS,

159 1180 280 1239 sed·
318 1176 625 1262 superbus
668 1185 763 1238 est
790 1175 1031 1239 habitus
1059 1186 1121 1238 et
1147 1178 1375 1241 dictus·
1423 1182 1589 1254 quod
1621 1196 1738 1241 nos
1771 1180 1979 1242 vitium
2013 1181 2073 1240 in
2103 1181 2214 1257 pri·

159 1259 322 1321 vatis
366 1276 555 1335 saepe
597 1259 874 1333 tulimus,
912 1259 977 1320 id
1024 1260 1289 1322 maiores
1333 1262 1527 1323 nostri
1569 1280 1648 1323 ne
1687 1266 1748 1324 in
1793 1279 1941 1339 rege
1981 1264 2226 1339 quidem

69 1373 72 1376 *
158 1347 321 1406 serre
366 1351 711 1418 potuerunt.
782 1343 849 1402 L.
894 1343 1118 1404 Brutus
1157 1360 1365 1420 regem
1409 1346 1738 1421 superbum
1784 1362 1907 1405 nou
1949 1346 2109 1409 ιιιΙίι.
2151 1348 2224 1407 D.

153 1428 384 1489 Brutus
420 1428 782 1488 sceleratum
808 1434 990 1502 atque
1020 1426 1273 1504 impium
1294 1441 1550 1502 regnare
1574 1426 1834 1504 patietur
1853 1431 2226 1491 Antonium?

157 1510 319 1587 Quid
345 1510 732 1587 Tarquinius
761 1510 911 1583 tale,
959 1511 1163 1586 qualia
1200 1510 1687 1572 innumerabilia
1684 1518 1761 1572 et
1803 1510 1946 1572 facit
1985 1522 2045 1573 et
2087 1512 2228 1574 fecit

155 1593 509 1657 Antonius?
562 1593 853 1660 Senatum
897 1592 1077 1655 etiam
1117 1610 1300 1669 reges
1340 1594 1676 1655 habebant:
1728 1610 1842 1654 nec
1886 1603 2115 1666 tamen,
2161 1583 2227 1657 u't

154 1677 424 1741 Antonio
460 1686 737 1740 senatum
765 1678 1056 1750 habente,
1077 1676 1150 1737 in
1186 1675 1446 1739 consilio
1474 1677 1641 1752 regis
1663 1677 2066 1738 versabantur
2090 1678 2225 1737 bar-

155 1761 289 1823 bari
343 1763 588 1824 armati.⁴
633 1761 1001 1823 *Servabant
1059 1759 1339 1837 auspicia
1364 1797 1367 1802 -
1395 1775 1608 1836 reges;
1668 1776 1826 1837 quae
1869 1760 1969 1821 hic
2010 1764 2224 1822 consul

158 1862 478 1921 augurque
524 1844 820 1921 neglexit,
879 1861 1082 1921 neque
1133 1844 1335 1906 solum
1393 1844 1632 1921 legibus
1684 1852 1899 1906 contra
1947 1844 2227 1921 auspicia

157 1928 460 2001 ferendis,
492 1930 605 1990 sed
633 1927 812 1991 etiam
842 1929 1078 2005 collega
1105 1945 1229 1991 una
1262 1930 1492 1990 ferente
1521 1944 1628 2002 e0,
1662 1944 1839 2006 quem
1863 1929 1999 2006 ipse
2021 1945 2225 1991 emen·
2304 1996 2305 2001 ἵ

129 2009 286 2074 ‘titis
318 2010 610 2087 auspiciis
639 2012 926 2073 vitiosum
955 2013 1200 2077 fecerat.
1271 2012 1368 2075 10.
1397 2012 1542 2086 Quis
1573 2022 1773 2077 autem
1799 2029 1917 2073 rex-
1940 2030 2226 2089 umquam

161 2094 276 2156 fuit
314 2100 435 2155 tam
476 2094 759 2169 insignite
805 2094 1159 2170 impudens,
1218 2104 1287 2158 ut
1323 2096 1577 2158 haberet
1630 2097 1830 2159 omnia
1884 2097 2223 2170 commoda,

158 2177 493 2251 beneficia,
524 2176 654 2239 iura
682 2179 854 2253 regni
884 2179 1165 2238 venalia?
1189 2180 1389 2254 'quam
1422 2179 1518 2239 hic
1547 2179 2008 2251 immunitatem,
2044 2196 2223 2254 quam

162 2259 495 2334 civitatem,
556 2261 722 2336 quod
765 2261 1100 2337 praemium
1141 2277 1264 2322 non
1305 2263 1405 2323 vel
1447 2263 1701 2338 singulis
1739 2262 2088 2324 hominibus
2130 2266 2225 2324 vel

160 2343 505 2407 civitatibus
536 2346 632 2405 vel
661 2345 967 2421 universis
996 2345 1331 2422 provinciis
1360 2346 1675 2408 vendidit?
1703 2346 1861 2408 Nihil
1890 2347 2117 2408 humile
2147 2347 2226 2406 de

156 2427 517 2506 Tarquinio,
562 2426 707 2489 nihil
746 2429 1062 2491 sordidum
1104 2428 1487 2506 accepimus=
1545 2438 1607 2491 at
1647 2446 1792 2491 vero
1834 2429 2015 2493 huius
2061 2429 2226 2491 domi

157 2513 315 2575 inter
346 2511 605 2588 quasilla
632 2513 1013 2588 pendebatur
1037 2529 1279 2588 aurum,
1315 2513 1743 2575 numerabatur
1767 2513 2058 2589 pecunia:
2103 2531 2227 2574 una

158 2598 219 2658 in
261 2597 446 2658 domo
485 2612 729 2671 omnes,
781 2612 1040 2672 quorum
1078 2595 1392 2671 intererat,
1430 2604 1622 2658 totum
1661 2596 1981 2672 imperium
2013 2596 2226 2671 populi

158 2678 415 2742 Romani
460 2678 966 2741 nundinabantur.
1042 2679 1361 2756 Supplicia
1386 2696 1558 2741 -vero
1602 2679 1663 2740 in
1704 2680 1882 2740 >cives
1909 2680 2224 2740 Romanos

158 2765 324 2826 nulia
348 2761 653 2840 Tarquinii
699 2763 1084 2838 accepimus=
1127 2773 1189 2825 at
1228 2763 1330 2824 hie
1376 2771 1438 2825 et
1471 2764 1742 2843 Suessae
1772 2762 2225 2838 iugulavitfeos,

160 2863 322 2924 quos
367 2846 810 2909 incustodiam
840 2847 1117 2921 dederat,
1160 2854 1220 2908 et
1245 2846 1554 2909 Brundisii
1584 2848 1665 2907 ad
1693 2855 2001 2909 trecentos
2024 2847 2223 2911 fortis-

160 2933 348 2994 simos
379 2929 544 2992 viros
576 2930 871 3007 civesque
903 2930 1167 3006 optimos
1189 2930 1531 2993 trucidavit.
1609 2929 1707 2992 ll.
1736 2930 2053 2992 Postremo
2083 2932 2224 2991 Tar-

162 3014 424 3090 quinius
447 3031 561 3091 pro
608 3016 838 3090 populo
854 3016 1144 3076 Romano
1189 3015 1412 3075 bellum
1440 3014 1692 3089 gerebat
1716 3022 1897 3096 tum„
1916 3031 2100 3091 quum
2131 3023 2226 3076 est

161 3100 488 3174 expulsum·
543 3098 849 3161 Antonius
885 3106 1113 3160 contra
1167 3099 1836 3174 populum-Romanum
1890 3098 2224 3160 exercitum

147 3182 501 3244 ‘adducebat
539 3189 702 3256 tum,
750 3193 934 3258 quum
961 3200 1013 3242 >a
1041 3180 1389 3257 legionibus
1410 3182 1915 3247 relictusnomen
1942 3182 2222 3243 Caesaris

161 3266 624 3342 exoecitumque·
647 3310 648 3319 ι
656 3264 963 3342 pertimuit
1005 3264 1423 3341 neglectisque
1474 3264 1794 3328 sacrificiis
1847 3264 2225 3331 solemnibus

161 3352 532 3411 antesslucem
572 3358 718 3411 vota·
761 3366 889 3423 ea,.
915 3366 1073 3426 quae
1114 3365 1443 3424 numquam
1475 3351 1773 3424 solveret,
1814 3346 2221 3423 nuncupavitz

162 3440 238 3494 et·
258 3432 388 3494 hoc·
416 3442 694 3508 tempore
737 3433 795 3493 iu
826 3432 1206 3508 provinciam
1238 3433 1452 3508 populi
1480 3432 1749 3494 Romanis
1769 3438 2023 3491 conatur
2052 3427 2221 3495 inva-

161 3515 323 3579 dere.
365 3516 564 3579 Maius
593 3515 773 3592 igitur
793 3534 832 3576 a
847 3517 1132 3583 D..Bruto
1153 3516 1529 3579 beneficium.
1543 3513 1811 3589 populus
1823 3513 2136 3570 Romanus
2162 3516 2221 3569 et
