2514 3928
259 225 387 290 130
674 225 824 288 PRO
853 226 919 285 L.
952 224 1336 286 CORNELIO
1366 225 1625 287 BALBO
1661 225 1966 286 ORATIO.
2278 238 2351 289 ΒΞ

256 376 355 439 nis
400 386 543 438 ante
585 377 703 438 hoc
745 386 988 452 tempus
1023 393 1159 439 cum
1189 378 1256 437 L.
1290 377 1572 440 Cornelio
1603 376 1939 438 Gaditanos
1973 375 2200 438 secisse
2231 395 2352 452 pu·-

256 461 416 522 blice
445 460 607 521 dico.
693 460 1004 522 Proferam
1032 470 1362 523 tesseram=
1407 462 1646 537 legatos
1689 460 1923 522 excito=
1983 461 2350 522 laudatores

256 546 337 606 ad
371 546 490 606 hoc
518 543 829 619 iudicium,
860 562 1134 607 summos
1161 545 1442 606 homines
1473 561 1547 605 ac
1570 543 2008 619 nobilissimoS,
2045 545 2347 620 depreca-

257 638 422 691 tores
452 627 634 689 huius
666 628 921 704 periculi
951 629 1180 692 missos
1215 628 1471 690 videtis=
1497 644 1566 689 re
1580 628 2051 705 deniquemulto
2068 636 2208 690 ante
2225 628 2347 689 Ga-

257 712 438 773 dibus
467 711 772 787 inaudita,
802 714 934 774 rore
960 712 1105 775 huic
1130 720 1196 775 ut
1223 713 1302 774 ab
1333 715 1435 774 illo
1466 711 1804 789 periculum
1836 721 2145 775 crearetur
2183 753 2342 773 .....

252 795 618 870 gravissima
640 803 843 857 autem
863 796 924 857 in
942 795 1133 855 istum
1157 793 1355 856 civem
1380 812 1560 857 suum
1581 796 1858 859 Gaditani
1906 805 2164 859 senatus
2193 812 2338 856 con·

255 883 416 940 sulta
447 881 743 942 fecerunt.
828 878 932 944 42.
965 881 1164 942 Potuit
1203 881 1398 956 magis
1445 882 1672 942 fundus
1700 882 1970 956 populus
2001 878 2343 941 Gaditanus

256 964 420 1034 fieri,
469 965 759 1039 quoniam
797 964 915 1025 hoc
949 982 1170 1040 magno
1203 982 1394 1042 opere
1424 967 1731 1027 delectare
1761 966 1982 1038 verb0‚
2027 963 2083 1026 si
2111 972 2236 1025 tum
2273 965 2341 1025 fit

255 1048 502 1121 tunduS,
541 1066 727 1122 quum
759 1049 913 1109 scita
940 1065 1013 1110 ac
1042 1049 1215 1111 iussa
1244 1058 1456 1111 nostra
1484 1066 1601 1111 sua
1628 1048 1928 1112 sententia
1958 1048 2340 1124 comprobat,

254 1146 439 1206 quam
465 1149 653 1205 quum
676 1131 1008 1208 hospitium
1034 1133 1205 1209 fecit,
1239 1143 1307 1195 ut
1331 1143 1393 1195 ct
1415 1134 1657 1195 civitate
1687 1134 1852 1195 illum
1879 1139 2169 1194 mutatum
2191 1148 2339 1192 esse

254 1216 543 1275 fateretur
582 1224 644 1278 et
683 1214 867 1277 huius
913 1216 1174 1279 civitatis
1226 1219 1462 1281 honore
1519 1216 1943 1293 dignissimum
1996 1216 2341 1277 iudicaret?

250 1297 449 1360 Potuit
491 1299 717 1363 certius
770 1299 1161 1378 interponere
1216 1301 1508 1364 iudicium
1552 1301 1882 1362 voluntatis
1924 1317 2104 1372 suae,
2151 1316 2337 1376 quam

254 1399 443 1458 quum
515 1384 694 1447 etiam
752 1393 1176 1447 accusatorem
1229 1384 1413 1445 huius
1459 1387 1648 1446 multa
1699 1391 1761 1446 et
1804 1400 2013 1460 poena
2064 1382 2340 1445 notavit?

247 1467 446 1529 Potuit
473 1469 668 1544 magis
700 1470 778 1529 de
805 1485 875 1529 re
903 1468 1176 1530 iudicare
1206 1485 1391 1545 quam
1421 1485 1610 1545 quum
1639 1466 1721 1529 'ad
1750 1477 2018 1530 vestrum
2042 1467 2336 1528 iudicium

249 1550 421 1613 cives
443 1552 860 1628 amplissimos
889 1552 1134 1628 legavit,
1155 1561 1348 1614 testes
1366 1552 1549 1615 huius
1575 1552 1744 1626 iuris,
1772 1551 1931 1614 vitae
1957 1552 2333 1624 laudatoreS,

250 1636 505 1710 periculi
535 1637 1016 1712 deprecatores?
1042 1635 1144 1698 43.
1178 1636 1413 1697 Etenim
1445 1636 1585 1713 quis
1615 1646 1712 1697 est
1744 1645 1864 1699 tam
1895 1637 2149 1697 demens
2182 1635 2330 1711 quin

249 1720 472 1781 sentiat
516 1718 612 1781 ius
655 1720 775 1780 hoc
810 1718 1123 1780 Gaditanis
1166 1726 1311 1781 esse
1352 1721 1763 1793 retinendum,
1812 1737 1889 1780 ne
1930 1727 2214 1795 saeptum
2252 1718 2326 1779 si·

249 1801 323 1862 iis
358 1802 472 1862 iter
500 1812 801 1879 perpetuo
834 1803 913 1863 ad
943 1803 1063 1862 hoc
1096 1804 1542 1879 amplissimum
1574 1803 1911 1881 praemium
1945 1803 2238 1879 civitatis,
2267 1812 2332 1865 et

248 1901 470 1960 magno
504 1903 695 1962 opere
722 1886 799 1947 iis
831 1902 975 1948 esse
1009 1888 1391 1962 laetandum,
1431 1889 1615 1951 huius
1649 1890 1717 1950 L.
1752 1888 2018 1950 Cornelii
2060 1888 2328 1948 benevo·
2402 1896 2406 1900 ’

248 1971 492 2031 lentiam
522 1988 668 2047 erga
700 1988 852 2034 suos
887 1988 1205 2034 remanere
1236 1973 1531 2044 Gadibus,
1584 1974 1838 2050 gratiam
1879 1983 1941 2035 et
1983 1974 2328 2035 facultatem

246 2056 718 2115 commendandi
749 2055 807 2116 in
839 2055 956 2116 hac
984 2057 1226 2119 civitate
1251 2058 1526 2119 versari?
1556 2057 1702 2134 Quis
1738 2066 1834 2120 est
1860 2059 2021 2119 enim
2054 2064 2328 2119 nostrum

245 2136 344 2198 cui
386 2155 505 2200 non
538 2138 642 2199 illa
683 2138 898 2200 civitas
949 2141 1028 2202 sit
1073 2140 1256 2204 huius
1296 2143 1534 2217 studio,
1592 2158 1768 2217 cura,
1810 2140 2122 2218 diligentia
2163 2157 2330 2202 com-

246 2222 624 2283 mendatior?
667 2224 822 2284 ΧΙΧ.
854 2223 1073 2286 Omitto
1115 2225 1358 2302 quantis
1396 2225 1766 2289 ornamentis
1805 2227 2101 2303 populum
2143 2223 2329 2285 istum

246 2307 309 2365 C.
342 2306 589 2381 Caesar,
620 2325 806 2382 quum
836 2317 1005 2370 esset
1033 2309 1092 2368 in
1117 2308 1416 2386 Hispania
1446 2324 1708 2387 praetor,
1737 2309 2049 2383 adfecerit,
2084 2316 2327 2370 contro-

247 2388 483 2449 versias
506 2391 754 2465 sedarit,
785 2390 918 2452 iura
951 2393 1229 2467 ipsorum
1262 2394 1567 2470 permissu
1602 2394 1897 2467 statuerit,
1929 2394 2325 2455 inveteratam

244 2474 556 2548 quandam
584 2475 924 2536 barbariam
968 2493 1046 2537 ex
1082 2477 1517 2540 Gaditanorum
1556 2476 1832 2541 moribus
1875 2476 2327 2553 disciplinaque

241 2557 476 2630 delerit,
509 2576 748 2621 summa
775 2560 833 2619 in
870 2577 1007 2621 eam
1031 2559 1333 2624 civitatem
1368 2562 1550 2625 huius
1579 2572 1796 2639 rogatu
1824 2562 2028 2624 studia
2050 2568 2111 2622 et
2139 2561 2325 2622 bene-

240 2641 382 2702 ficia
423 2643 763 2705 contulerit.
851 2644 1042 2706 Multa
1071 2655 1421 2722 praetereo,
1455 2664 1616 2722 quae
1650 2646 1875 2708 cotidie
1904 2648 2113 2707 labore
2143 2643 2326 2705 huius

241 2734 301 2787 et
335 2727 539 2789 studio
571 2737 676 2790 aut
709 2731 956 2791 omnino
987 2739 1092 2792 aut
1114 2740 1278 2791 certe
1305 2730 1543 2793 facilius
1579 2739 2059 2806 consequantur.
2112 2730 2326 2804 Itaque

240 2818 301 2871 et
327 2812 555 2873 adsunt
593 2812 907 2889 principes
955 2812 1215 2876 civitatis
1265 2824 1326 2876 et
1364 2816 1729 2878 defendunt=
1788 2831 1996 2876 amore
2041 2821 2105 2874 ut
2145 2829 2325 2874 suum

240 2892 466 2968 civem,
515 2896 864 2958 testimonio
898 2906 964 2959 ut
996 2907 1302 2971 nostrum,
1349 2897 1555 2960 officio
1586 2905 1652 2959 ut
1678 2915 1757 2959 ex
1788 2897 2169 2960 nobilissimo
2203 2896 2325 2957 civi

240 2977 696 3041 sanctissimum
715 2981 1040 3057 hospitem,
1066 2982 1272 3045 studio
1294 2992 1360 3045 ut
1382 2982 1911 3059 diligentissimum
1934 2982 2326 3043 defensorem

241 3063 701 3125 commodorum
731 3082 1002 3127 suorum.
1088 3064 1193 3129 44.
1229 3069 1322 3127 Ac
1359 3084 1436 3128 ne
1463 3066 1585 3144 ipsi
1620 3066 1900 3128 Gaditani
1938 3065 2321 3138 arbitrentur,

242 3163 616 3222 quamquam
644 3149 811 3210 nullo
847 3149 1236 3212 incommodo
1268 3150 1662 3225 amiciantur,
1701 3150 1756 3212 si
1785 3151 1968 3212 liceat
1994 3166 2205 3211 eorum
2237 3148 2324 3208 ci-

237 3245 350 3291 ves
376 3229 614 3293 virtutis
636 3248 827 3293 causa
851 3233 910 3293 in
937 3243 1205 3297 nostram
1231 3235 1535 3298 civitatem
1557 3234 1788 3311 venire,
1811 3244 2010 3296 tamen
2038 3233 2159 3295 hoc
2180 3231 2323 3308 ipso

238 3311 493 3376 inferius
524 3332 669 3378 esse
703 3334 881 3378 suum
912 3319 1134 3380 foedus
1168 3336 1351 3394 quam
1431 3328 1803 3393 ceterorum,
1846 3317 2219 3380 consolabor
2260 3325 2325 3378 et

234 3397 352 3458 hos
395 3407 786 3474 praesentes,
834 3400 1001 3463 viros
1051 3403 1348 3479 optimos,
1389 3411 1452 3466 et
1479 3403 1644 3465 illam
1686 3402 2107 3465 fidelissimam
2136 3407 2324 3475 atque

228 3481 666 3550 amicissimam
701 3483 880 3546 nobis
910 3483 1248 3549 civitatemz
1290 3487 1470 3550 simul
1514 3495 1576 3550 et
1604 3504 1752 3563 vos,
1795 3502 1915 3549 non
1946 3485 2300 3562 ignorantes
