2514 3928
915 327 1290 381 PROOEMIUM
1325 327 1645 381 EDITORIS.
2258 345 2331 381 xv

377 472 433 520 In
470 471 696 525 oratione
729 483 858 533 quae
891 468 1119 530 sequitur
1152 469 1216 518 de
1245 469 1520 532 provinciis
1549 466 1896 517 consularibus
1925 470 2333 533 recognoscenda

234 542 456 591 maximo
476 554 640 604 opere
668 552 802 586 nunc
824 537 1026 586 adiutus
1050 551 1165 587 sum
1193 537 1433 602 Madvigii
1459 537 1866 587 adnotationibus
1893 538 1941 585 in
1969 535 2152 599 Opusc.
2178 539 2331 588 acad.

233 611 322 659 alt.
358 624 412 674 p.
437 609 469 658 5
501 623 610 671 sqq.
634 607 938 672 propositis:
976 621 1149 655 verum
1186 620 1248 656 ne
1277 608 1326 656 in
1363 606 1459 655 hac
1496 606 1701 668 quidem
1739 607 1966 655 oratione
2001 607 2064 654 de
2095 607 2332 657 omnibus

235 678 362 728 loeis
404 692 436 726 a
470 691 549 725 me
585 677 668 726 hic
705 677 802 726 dici
837 689 1047 726 necesse
1083 676 1211 736 erit,
1264 676 1355 724 sed
1386 690 1446 723 ea
1492 683 1713 733 tantum,
1764 690 1893 737 quae
1930 676 2160 740 graviora
2194 685 2332 735 sunt,

235 746 509 796 adnotabo.
581 747 657 795 Ac
699 745 919 810 primum
968 746 1175 807 quidem
1223 759 1336 809 cap.
1379 742 1431 794 3.
1472 745 1521 805 S.
1561 743 1613 794 6.
1652 743 1910 809 Madvigio
1960 753 2161 792 auctore
2199 758 2333 793 nunc

233 815 463 864 restitui:
504 812 677 865 Omitto
711 816 836 865 iuris
863 815 1117 866 dictionem
1151 817 1203 864 in
1228 813 1391 863 libera
1427 815 1627 863 civitate
1659 820 1835 862 eontra
1870 814 2005 876 leyes
2031 820 2335 876 senatusque

231 886 478 948 consulta,
519 885 605 933 ubi
636 891 784 934 antea
822 899 936 933 cum
964 882 1148 934 Orellio
1176 883 1464 934 edideram:
1502 884 1554 932 in
1586 880 1796 931 liberam
1823 883 2077 931 civitatem.
2117 880 2333 930 Gravius

231 954 360 1003 illud
398 961 503 1012 est,
544 954 682 1016 quod
718 952 890 1018 paullo
928 963 1043 1017 post
1084 969 1197 1018 cap.
1232 953 1284 1001 4.
1323 952 1460 1001 edidi
1502 953 1679 1001 eodem
1723 959 1929 1000 auctore
1978 966 2042 999 ex
2087 949 2330 999 librorum

230 1038 395 1088 paene
430 1022 649 1072 omnium
687 1022 899 1072 indicio:
935 1022 1335 1086 effervescentem
1369 1023 1422 1070 in
1459 1021 1636 1071 Asiam
1678 1027 1826 1084 atque
1863 1027 2192 1083 erumpentem
2224 1034 2331 1081 ore,

230 1095 486 1154 repulsum
531 1098 583 1141 et
627 1091 904 1151 cervicibus
944 1093 1260 1141 interclusum
1298 1093 1421 1142 suis.
1479 1091 1529 1151 S.
1565 1096 1732 1139 autem
1771 1090 1819 1138 7.
1861 1104 1960 1151 pro
1996 1089 2193 1138 eximiis
2226 1090 2335 1137 suis

230 1160 486 1224 beneficiis
520 1174 611 1224 pro
645 1160 851 1226 vulgato
898 1163 1146 1223 promimis
1181 1162 1286 1210 suis
1320 1160 1569 1222 benefieiis
1606 1160 1669 1208 ab
1706 1160 1882 1207 eodem
1920 1166 2124 1206 auctore
2159 1157 2333 1222 prol'e-

231 1238 370 1280 ctum
405 1236 501 1291 est,
534 1230 754 1291 itemque
789 1230 924 1291 quod
955 1244 1089 1278 nnnc
1120 1230 1257 1279 edidi
1287 1229 1339 1291 S.
1378 1228 1430 1280 8.
1470 1227 1687 1289 Quorum
1715 1242 1805 1292 eqo
1843 1227 1963 1277 nihil
1988 1227 2115 1291 dieo,
2148 1233 2334 1289 patres

232 1299 535 1361 conscripti,
573 1312 701 1346 nunc
733 1299 785 1346 in
825 1297 1058 1346 hominem
1085 1299 1244 1360 ipsum
1263 1313 1290 1363 ,χ
1320 1297 1384 1345 de
1412 1298 1686 1359 provinciis
1724 1297 1946 1361 disputo,
1992 1310 2119 1358 quo,
2158 1304 2213 1344 ut
2248 1294 2332 1343 ille

233 1375 373 1415 recte
407 1366 567 1423 vidit,
609 1366 760 1413 etiam
805 1373 941 1413 certa
988 1365 1226 1413 librorum
1273 1364 1463 1412 indicia
1498 1364 1703 1413 ducunt.
1774 1365 1963 1414 Eodem
2003 1378 2114 1428 cap.
2158 1365 2210 1425 S.
2255 1362 2329 1423 9.,

238 1435 327 1482 ubi
368 1435 421 1480 iu
458 1432 601 1480 libris
635 1431 762 1478 nihil
803 1432 941 1480 aliud
971 1439 1048 1480 est
1074 1433 1174 1480 nisi
1193 1431 1319 1479 hoc:
1351 1430 1519 1493 Iyitur
1540 1434 1591 1481 in
1609 1431 1764 1494 Syria
1785 1435 2082 1494 imperatore
2104 1434 2189 1481 illo
2212 1431 2335 1481 nihil

238 1501 389 1550 aliud
423 1515 584 1564 neque
616 1506 774 1548 aetum
810 1506 886 1548 est
919 1500 1020 1548 nisi
1049 1507 1164 1562 etc.‚
1209 1498 1500 1562 Madvigius
1530 1508 1696 1547 autem
1733 1501 1783 1546 in
1823 1499 2003 1561 Opusc.
2041 1501 2206 1550 Acad.
2237 1515 2328 1564 pr.

237 1584 292 1633 p.
336 1566 457 1620 396.
498 1568 569 1616 ait
605 1568 703 1616 sibi
737 1568 897 1618 videri
932 1567 1094 1618 fuisse
1130 1568 1245 1617 olim
1284 1567 1436 1616 huius
1473 1568 1609 1617 modi
1647 1568 1887 1617 orationis
1924 1567 2166 1617 formam:
2214 1569 2334 1618 nihil

234 1638 382 1687 aliud
401 1651 564 1701 neque
595 1633 882 1701 [cogitatum
912 1634 1094 1702 neque]
1127 1644 1286 1686 aetum
1310 1645 1426 1698 est.,
1452 1636 1579 1686 mihi
1607 1636 1777 1685 minus
1805 1637 2234 1685 accommodatum
2267 1639 2333 1686 ad

233 1707 371 1756 hunc
413 1705 580 1756 locum
614 1706 780 1755 visum
822 1714 898 1755 est
935 1705 1155 1755 hominis
1191 1704 1476 1756 doctissimi
1514 1705 1949 1770 supplementum.
2008 1703 2200 1769 Scripsi
2239 1707 2332 1769 igi-

232 1784 341 1824 tur:
378 1775 500 1824 nihil
532 1775 676 1823 aliud
717 1790 874 1838 neque
911 1773 1120 1839 [yestmn
1154 1774 1332 1840 neque]
1365 1783 1527 1826 aetum
1574 1782 1666 1829 est.
1739 1774 1915 1824 Possis
1953 1775 2130 1823 etiam:
2177 1791 2332 1839 neque

235 1850 394 1894 actum
440 1842 634 1909 [neque
679 1841 903 1908 yestum]
952 1852 1044 1893 est.
1129 1841 1186 1893 Id
1239 1845 1316 1893 sic
1372 1846 1562 1909 optime
1616 1844 1716 1894 dici
1777 1843 2004 1907 potuisse
2073 1848 2332 1895 convincet

235 1912 490 1962 Ciceronis
551 1911 694 1961 locus
747 1914 798 1962 in
854 1913 921 1962 L.
971 1913 1203 1962 Pisonem
1257 1927 1374 1979 cap.
1420 1914 1498 1973 17.
1548 1915 1600 1975 5.
1643 1913 1729 1964 40.
1787 1913 1910 1979 quid
1965 1913 2162 1964 tandem
2216 1922 2333 1963 erat
2355 1945 2361 1949 <

232 1990 394 2033 aetum
429 1989 521 2032 aut
551 1988 740 2044 aestum
772 1984 824 2031 in
854 1990 941 2031 tua
967 1984 1232 2044 provincia
1264 1984 1330 2032 de
1365 1998 1460 2047 quo
1497 1985 1569 2032 ad
1598 1990 1821 2033 senatum
1857 1999 1960 2032 cum
1990 1985 2332 2047 gratulatione

233 2052 406 2116 aliqua
452 2049 610 2100 scribi
653 2050 747 2099 abs
793 2058 843 2100 te
889 2053 1179 2113 oporteret?
1224 2066 1436 2113 quorum
1474 2053 1744 2102 verborum
1782 2052 1991 2101 alterum
2027 2053 2094 2102 ad
2131 2053 2329 2102 civilem

232 2119 727 2169 administrationem
771 2121 1016 2183 pertinet,
1057 2120 1268 2169 alterum
1306 2121 1372 2169 ad
1406 2136 1510 2170 rem
1554 2121 1839 2172 militarem.
1914 2121 2087 2171 Paullo
2125 2130 2239 2186 post
2280 2123 2328 2169 in

232 2188 533 2237 revocandis
575 2185 883 2251 imperfectis
915 2188 1558 2240 hortaretur—clamaret
1590 2190 1848 2255 Madvigio
1888 2191 2157 2240 obsecutus
2195 2205 2309 2239 sum

234 2255 359 2321 Cap.
380 2256 431 2307 6.
458 2259 507 2317 5.
537 2254 619 2305 13.
657 2270 805 2318 quam
832 2257 1132 2321 particulam
1165 2259 1264 2307 iam
1290 2266 1407 2323 post
1432 2260 1482 2307 in
1509 2261 1798 2321 provincias
1829 2259 1961 2308 idem
1992 2260 2151 2309 deleri
2184 2259 2330 2307 iussit

234 2326 375 2375 libris
410 2324 523 2378 Par.
554 2331 603 2373 et
634 2323 738 2375 Eri.
772 2327 1081 2394 auctoriybuS,
1120 2341 1229 2376 eam
1261 2328 1361 2374 iam
1395 2327 1618 2377 delet-am
1640 2330 1690 2377 in
1725 2329 1951 2377 editione
1974 2330 2159 2393 priore.
2205 2326 2326 2390 Cap.

231 2394 283 2445 6.
321 2396 371 2456 S.
410 2392 492 2444 16.
534 2400 757 2442 extrema
788 2395 929 2444 edidi
965 2410 1098 2444 nunc
1130 2403 1188 2443 ut
1224 2398 1376 2444 unice
1404 2412 1597 2457 verum,
1636 2397 1771 2459 quod
1797 2398 1910 2445 *iam
1939 2398 1997 2451 E.
2033 2396 2328 2446 Wunderus

233 2462 501 2528 proposuit
536 2461 590 2510 in
617 2463 793 2526 praef.
842 2464 974 2516 Var.
1014 2465 1128 2514 leet.
1166 2480 1193 2513 e
1229 2465 1343 2515 eod.
1382 2464 1503 2530 Erf.
1545 2473 1732 2516 enotat.
1771 2480 1822 2529 p.
1856 2465 2022 2515 LIX.:
2069 2481 2131 2515 ac
2166 2473 2327 2515 tamen

231 2532 328 2581 hae
360 2547 462 2582 una
496 2532 659 2595 playa
700 2532 955 2583 occiderit.
1030 2533 1212 2583 Postea
1246 2535 1300 2594 S.
1343 2533 1421 2583 17.
1473 2550 1624 2597 quam
1670 2549 1766 2598 ego
1803 2535 1900 2583 iam
1936 2536 1985 2583 in
2020 2536 2186 2599 priore
2223 2532 2329 2583 edi·

234 2602 371 2650 tione
411 2602 602 2650 veritus
645 2614 783 2649 eram
829 2602 997 2650 delere
1038 2617 1215 2652 vocem
1259 2602 1484 2654 tribunus
1518 2618 1651 2653 nunc
1689 2603 1976 2668 Madvigius
2013 2617 2214 2666 quoque
2251 2610 2328 2649 tu-

235 2678 368 2719 tatus
413 2677 508 2720 est.
584 2666 706 2733 Cap.
749 2667 801 2719 8.
842 2671 892 2732 S.
932 2668 1014 2720 19.
1045 2666 1191 2733 'quod
1228 2671 1366 2720 edidi
1397 2687 1551 2722 nunc:
1591 2672 1656 2722 L.
1700 2672 1945 2734 Crassus,
1985 2672 2064 2721 M.
2104 2671 2328 2720 Scaurus

234 2740 417 2803 alieni,
449 2739 630 2788 inimici
663 2753 828 2788 omnes
863 2738 1089 2799 Metelli,
1132 2740 1186 2788 id
1221 2742 1365 2803 prius
1401 2756 1549 2802 quam
1589 2756 1686 2807 ego
1723 2742 2009 2791 coniectura
2043 2749 2149 2789 erat
2181 2740 2327 2788 adse-

233 2816 381 2856 cutus
427 2807 736 2871 Madvigius,
807 2807 921 2857 Dixi
966 2808 1029 2857 de
1075 2808 1172 2857 hoc
1212 2809 1323 2858 loco
1361 2824 1521 2873 nuper
1568 2812 1616 2859 in
1660 2808 1911 2873 Supplem.
1947 2811 2118 2861 annal.
2150 2808 2325 2871 philol.

233 2882 284 2925 et
313 2876 536 2939 paeday.
575 2875 676 2925 vol.
716 2877 897 2928 XVIII.
941 2891 991 2940 p.
1027 2875 1149 2928 480.
1225 2877 1447 2928 conferri
1485 2887 1651 2943 potest
1681 2879 1831 2926 etiam
1868 2877 2152 2927 consimilis
2187 2877 2327 2926 locus

234 2941 490 2993 Ciceronis
539 2959 604 2994 ex
641 2947 865 2995 oratione
910 2948 961 2995 in
995 2947 1062 2999 L.
1103 2948 1335 2997 Pisonem
1379 2962 1489 3011 cap,
1530 2948 1614 2999 40.
1653 2949 1702 3009 5.
1737 2945 1824 3001 96.
1865 2948 2075 3012 Lemni,
2110 2949 2196 3013 qui
2229 2962 2329 2995 una
2405 2963 2411 2974 ·

229 3014 396 3077 fuere,
437 3014 748 3063 alienati:
781 3014 968 3064 tribuni
996 3018 1191 3067 militum
1225 3020 1283 3068 in
1297 3018 1483 3067 imici.
1537 3016 1658 3081 Gap.
1688 3014 1740 3064 9.
1772 3017 1820 3076 S.
1856 3017 1940 3065 22.
1978 3018 2158 3082 scripsi
2189 3029 2329 3063 -nunc
2403 3035 2407 3041 ·

234 3082 296 3130 de
339 3082 579 3146 Madvigii
619 3084 936 3133 coniectura:
980 3084 1174 3137 Utinam
1214 3087 1364 3135 etiam
1401 3086 1466 3136 L.
1507 3086 1749 3135 Lucullus
1783 3087 1886 3134 illic
1922 3085 2198 3135 adsideret.
2272 3082 2324 3131 ln
2403 3098 2406 3103 ·

235 3150 379 3200 libris
414 3163 516 3200 est:
566 3152 648 3200 ille
687 3151 960 3203 desiderat.
1016 3154 1073 3202 In
1109 3154 1371 3205 adsideret
1415 3154 1659 3203 inciderat
1701 3155 1851 3201 etiam
1889 3151 2123 3203 Orellius.
2177 3151 2327 3199 Lam·
2403 3154 2404 3158 ’

235 3220 383 3269 binus
425 3220 713 3283 suspicatus
757 3229 861 3270 erat
900 3236 1013 3271 esse
1061 3223 1410 3273 scribendum:
1459 3222 1539 3271 hie
1572 3225 1792 3274 sederet.
1867 3209 1990 3285 Cap.
2028 3223 2107 3271 11.
2150 3222 2201 3281 5.
2238 3219 2322 3267 27.
2398 3281 2403 3289 .

233 3287 361 3352 feci,
400 3288 537 3351 quod
565 3292 725 3338 suasit
759 3290 1076 3355 Madvigius,
1114 3300 1169 3340 ut
1207 3298 1284 3342 est
1319 3298 1432 3340 ante
1468 3293 1762 3354 snpplicatio
1798 3289 2037 3339 adderem
2074 3298 2122 3338 et
2156 3285 2327 3352 paullo
2397 3347 2402 3354 .

233 3365 349 3420 post
385 3372 476 3421 pro
515 3357 832 3424 confectoque
867 3360 1181 3409 restituerem
1221 3367 1273 3409 et
1307 3359 1532 3422 confecto
1563 3375 1627 3408 ex
1662 3360 1806 3407 codd.
1848 3358 2006 3409 Paris,
2042 3366 2091 3406 et
2127 3355 2233 3405 Erf.
2271 3354 2324 3400 In

235 3429 449 3475 transitu
470 3441 808 3476 commemoro
843 3442 957 3492 cap.
981 3427 1065 3477 12.
1093 3428 1143 3489 5.
1181 3426 1266 3479 31.
1299 3427 1363 3476 de
1392 3432 1518 3477 omni
1542 3442 1731 3492 qenere
1759 3426 1964 3475 hostium
1991 3440 2105 3473 esse
2140 3440 2168 3472 e
2200 3421 2325 3467 libro
2395 3462 2399 3492 Ε

237 3494 393 3543 Paris.
427 3494 708 3557 eodemque
732 3505 935 3546 auctore
958 3511 1041 3545 me
1067 3498 1216 3545 etiam
1243 3509 1357 3557 cap.
1386 3494 1464 3545 13.
1494 3499 1542 3557 5.
1572 3494 1658 3544 32.
1686 3494 1925 3543 Caesaris
1948 3508 2040 3552 pro
2060 3492 2113 3538 0.
2141 3489 2326 3535 Caesa·

236 3564 311 3611 ris
335 3563 621 3627 scripsisse.
662 3563 850 3613 Eodem
871 3579 980 3627 cap.
1003 3566 1052 3625 S.
1078 3563 1164 3615 33.
1191 3564 1475 3623 deputaret,
1504 3562 1642 3622 quod
1661 3560 1846 3620 legitur
1876 3558 1923 3601 in
1943 3556 2085 3599 libris
2109 3553 2323 3596 Beruen-
