2514 3928
204 170 332 234 112
482 169 584 233 DE
614 168 1048 230 PROVINCIIS
1077 166 1671 230 CONSULARIBUS
1717 165 2020 228 ORATIO.
2218 174 2283 230 14

198 321 486 384 maluerit
538 338 680 382 esse
736 322 1070 397 popularis.
1106 329 1114 336 ·
1145 321 1271 382 Sed
1301 317 1580 382 homines
1610 328 1716 380 aut
1746 328 1999 396 propter
2028 317 2286 395 indigni-

208 415 392 468 tatem
441 421 612 466 suam
657 405 845 466 diffisi
888 405 1007 481 ipsi
1053 405 1170 466 sibi
1212 413 1316 465 aut
1357 413 1609 481 propter
1658 403 2032 478 reliquorum
2087 402 2286 464 obtre-
2345 430 2346 433 ¹

197 489 532 551 ctationem
557 490 635 550 ab
659 489 838 549 buius
866 491 1099 550 ordinis
1124 489 1555 550 coniunctIone
1578 488 1819 564 depulsi
1846 502 2036 563 saepe
2061 503 2137 547 ex
2169 487 2285 546 hoc
2353 505 2360 511 ·

204 581 389 650 portu
421 589 490 634 se
525 572 584 632 in
615 573 753 633 illos
794 572 1020 635 fluctus
1072 580 1269 650 prope
1309 573 1661 634 necessario
1708 571 2113 632 contulerunt.
2176 569 2286 644 Qui

212 658 267 718 si
298 674 374 718 ex
413 656 516 716 illa
547 656 869 718 iactatione
893 673 1205 732 cursuque
1237 655 1524 733 populari
1557 656 1714 716 bene
1743 663 1919 729 gesta
1946 670 2012 714 re
2044 654 2287 730 publica

207 743 480 802 referunt
500 749 818 816 aspectum
840 741 900 801 in
929 741 1155 802 curiam
1181 748 1367 816 atque
1395 739 1536 801 huic
1565 739 1979 815 amplissimae
2014 737 2286 813 dignitati

198 841 352 886 esse
384 825 789 886 commendati
827 826 1068 898 volunt,
1097 841 1220 884 non
1247 825 1432 884 modo
1467 840 1590 885 non
1621 821 1959 897 repellendi
1990 829 2147 894 sunt,
2186 836 2281 879 ve-

200 924 340 968 rum
371 908 548 968 etiam
579 908 926 984 expetendi.
1013 906 1115 970 39.
1144 908 1468 969 Monemur
1500 924 1538 967 a
1568 905 1902 967 fortissimo
1936 904 2071 965 viro
2102 914 2286 980 atque

197 991 439 1067 optimo
463 999 607 1066 post
633 991 942 1052 hominum
974 991 1325 1053 memoriam
1356 991 1629 1062 consule,
1661 999 1728 1051 ut
1752 988 2183 1064 provideamus
2209 1004 2286 1049 ne

198 1074 672 1137 citerior-Gallia
713 1075 890 1136 nobis
920 1075 1125 1137 invitis
1156 1074 1338 1136 alicui
1381 1076 1605 1153 [detur]
1643 1081 1787 1150 post
1824 1089 1935 1132 eos
1977 1073 2286 1146 consuleS,

206 1158 316 1235 qui
358 1175 520 1219 nunc
566 1167 743 1220 erunt
771 1158 1106 1235 designati,
1151 1167 1576 1235 perpetuoque
1619 1157 1878 1234 posthac
1923 1156 2001 1216 ab
2034 1156 2138 1231 iis,
2183 1155 2288 1231 qui
2351 1176 2354 1177 *

200 1243 370 1304 hunc
407 1243 684 1303 ordinem
714 1251 1099 1319 oppugnent,
1150 1242 1534 1320 populariae
1563 1241 1904 1303 turbulenta
1938 1239 2172 1301 ratione
2202 1247 2285 1301 te·

200 1334 442 1387 meatur.
534 1326 721 1401 Quam
752 1343 869 1402 ego
909 1330 1148 1404 plagam
1178 1328 1295 1388 etsi
1329 1343 1451 1389 non
1494 1334 1849 1398 contemno,
1897 1330 2104 1400 patres
2139 1339 2286 1383 con-

211 1411 452 1486 scripti,
497 1414 856 1487 praesertim
900 1411 1166 1473 monitus
1209 1428 1246 1471 a
1286 1410 1741 1487 sapientissimo
1772 1408 2026 1470 consule
2061 1416 2122 1469 et
2154 1406 2282 1466 dili·

197 1494 563 1568 gentissimo
595 1494 853 1556 custode
884 1495 1059 1571 pacis
1089 1503 1276 1570 atque
1322 1495 1458 1566 otii,
1502 1501 1703 1554 tamen
1735 1490 2160 1552 vehementius
2190 1506 2283 1550 ar·

205 1577 400 1639 bitror
427 1577 991 1654 pertimescendum,
1036 1578 1089 1639 si
1119 1577 1429 1638 hominum
1462 1578 1935 1637 clarissimorum
1966 1591 2039 1635 ac
2074 1583 2286 1650 poten—

198 1661 576 1722 tissimorum
608 1668 714 1721 aut
740 1661 1033 1721 honorem
1065 1661 1339 1722 minuero
1383 1669 1487 1721 aut
1521 1661 1786 1722 studium
1822 1676 1967 1735 erga
1995 1659 2156 1719 hunc
2188 1675 2284 1718 or-

198 1743 410 1802 dinem
439 1745 786 1819 repudiaro.
846 1745 992 1804 Nam
1025 1753 1090 1805 ut
1113 1745 1175 1804 C.
1205 1745 1393 1805 Iulius
1424 1745 1705 1806 omnibus
1736 1761 1773 1804 a
1807 1751 2019 1804 senatu
2045 1741 2286 1804 eximiis

198 1834 316 1886 aut
344 1828 523 1887 novis
566 1827 750 1887 rebus
794 1836 1046 1889 ornatus
1090 1845 1202 1904 per
1228 1845 1446 1888 manus
1487 1829 1645 1888 hanc
1674 1827 2048 1903 provinciam
2093 1826 2288 1887 tradat

198 1912 280 1985 ei,
314 1911 408 1972 cui
446 1911 687 1971 minime
717 1927 832 1973 vos
865 1912 1092 1973 velitis.
1134 1928 1245 1989 per
1275 1929 1456 1988 quem
1499 1911 1773 1974 ordinem
1818 1910 1954 1987 ipse
1984 1907 2282 1986 amplissi

201 2011 365 2056 mam
404 1996 484 2056 sit
504 1984 762 2071 gloriam
796 2006 1199 2069 consecutuS,
1243 1996 1301 2057 ei
1331 2013 1407 2056 ne
1447 1997 1782 2058 libertatem
1828 1996 2073 2071 quidem
2106 1994 2288 2054 relin-

201 2086 374 2154 quat,
403 2078 629 2140 adduci
659 2080 737 2139 ad
769 2080 1208 2157 suspicandum
1241 2082 1408 2141 nullo
1440 2080 1624 2142 modo
1654 2095 1930 2157 possum.
1970 2080 2286 2139 Postremo

207 2179 334 2237 quo
379 2163 644 2239 quisque
683 2163 887 2226 animo
932 2167 1168 2225 futurus
1208 2165 1286 2226 sit
1326 2165 1570 2225 nescio:
1616 2164 1765 2240 quid
1807 2179 2048 2239 sperem
2079 2163 2286 2223 video.

202 2246 520 2305 Praestare
562 2248 680 2305 hoc
720 2256 969 2309 senator
1000 2249 1230 2322 debeo,
1277 2257 1566 2346 quantum
1597 2264 1887 2323 possum,
1916 2264 1994 2307 ne
2024 2247 2163 2321 quis
2194 2244 2287 2305 vir

199 2329 410 2389 clarus
467 2338 570 2390 aut
618 2337 842 2405 potens
889 2332 1031 2393 huic
1087 2331 1286 2393 ordini
1328 2332 1458 2392 iure
1498 2332 1681 2392 irasci
1734 2347 1925 2407 posse
1986 2330 2285 2389 videatur.

205 2410 308 2473 40.
339 2411 543 2487 Atque
572 2413 758 2489 haec,
792 2416 844 2477 si
877 2415 1330 2477 inimicissimus
1360 2432 1565 2482 essem
1598 2415 1660 2475 C.
1688 2414 1962 2522 Caesari,
1998 2412 2284 2474 sentirem

199 2504 403 2557 tamen
440 2497 528 2558 rei
555 2497 836 2574 publicae
869 2514 1078 2560 causa.

327 2581 514 2642 XVII.
561 2582 686 2643 Sed
728 2599 849 2643 non
895 2584 1156 2644 alienum
1188 2600 1333 2645 esse
1365 2582 1653 2658 arbitror,
1704 2600 1826 2658 quo
1858 2582 2059 2642 minus
2093 2596 2286 2655 saepe

196 2674 309 2727 aut
338 2664 691 2742 interpeller
729 2684 765 2726 a
810 2684 932 2729 non
963 2668 1146 2729 nullis
1187 2676 1294 2729 aut
1333 2666 1649 2728 tacitorum
1695 2666 2142 2726 existimatione
2187 2680 2285 2723 re-

203 2749 568 2824 prehendar,
595 2752 906 2826 explicare
927 2750 1192 2812 breviter
1215 2767 1373 2827 quae
1399 2750 1539 2810 mihi
1570 2751 1649 2812 sit
1675 2750 1827 2811 ratio
1851 2757 1912 2810 et
1932 2765 2120 2809 causa
2144 2763 2284 2830 cum

202 2830 488 2893 Caesare.
572 2836 666 2894 Ac
713 2835 970 2910 primum
1009 2835 1156 2896 illud
1198 2844 1439 2910 tempus
1484 2833 1898 2895 familiaritatis
1932 2840 1993 2893 et
2021 2847 2282 2908 consue·

201 2913 451 2987 tudiniS,
483 2933 641 2990 quae
671 2918 817 2978 mihi
841 2935 975 2980 cum
1000 2917 1124 2993 ino,
1157 2935 1317 2995 quae
1343 2918 1509 2980 fratri
1536 2935 1690 2991 meo,
1724 2935 1884 2994 quae
1911 2919 1973 2978 C.
1996 2918 2281 2987 Varroni,

196 2998 577 3060 consobrino
627 3009 869 3077 nostro,
925 3003 1002 3063 ab
1061 3001 1327 3062 omnium
1372 3011 1647 3064 nostrum
1691 3000 2109 3062 adolescentia
2152 2998 2281 3070 suit,

203 3084 641 3156 praetermitto.
725 3083 947 3147 Postea
1003 3104 1183 3162 quam
1239 3103 1374 3146 sum
1418 3087 1661 3162 penitus
1702 3086 1763 3146 in
1806 3103 1934 3146 rem
1977 3083 2283 3161 publicam

198 3164 555 3241 ingressus,
599 3165 681 3227 ita
711 3169 980 3230 dissensi
1008 3171 1086 3232 ab
1116 3170 1256 3246 illo,
1298 3179 1366 3232 ut
1411 3172 1468 3230 in
1500 3169 1911 3231 disiunctione
1943 3167 2287 3230 sententiae

198 3247 510 3334 conluncti
544 3257 744 3312 tamen
779 3252 1039 3315 amicitia
1061 3271 1466 3316 maneremus.
1497 3252 1598 3316 41.
1636 3255 1864 3316 Consul
1895 3253 1996 3314 ille
2021 3252 2144 3327 egit
2172 3267 2285 3311 eas

198 3348 321 3405 res,
357 3350 612 3407 quarum
642 3351 739 3396 me
774 3338 1131 3413 participem
1163 3355 1305 3400 esse
1334 3339 1556 3401 voluitz
1606 3338 1825 3413 quibus
1855 3353 1972 3412 ego
2000 3336 2053 3399 si
2082 3334 2287 3395 minus

196 3415 619 3493 adsentiebar,
653 3426 854 3481 tamen
885 3422 1042 3482 illius
1074 3422 1217 3483 mihi
1245 3422 1530 3487 iudicium
1561 3430 1795 3499 gratum
1827 3438 1969 3494 esse
2000 3418 2289 3482 debebat.
