2514 3928
1203 65 1238 69 .ἡ
1289 64 1412 67 *jer-r
1997 64 2016 67 „4
2089 64 2132 67 Π..
2165 64 2174 65 7
2257 62 2362 70 ..ἠύῖ

64 88 388 108 *Vm*
541 78 650 100 «ᾑ-ὶν,
1051 73 1056 76 k
1556 95 1565 96 ἶ
1602 95 1613 98 V
1658 95 1663 96 ⁷
1698 95 1705 96 ἶ
1750 93 1765 96 ᾗ
1864 91 1877 94 ι
1922 77 2067 94 ηᾼιίμ-
2100 83 2205 92 ..ικι-
2234 69 2394 96 ,ἱ-Ὓῐτ-

127 334 253 389 us
788 323 952 382 cAP.
988 328 1181 383 5—7.
1226 330 1278 389 s.
1313 333 1373 384 ιι
1396 316 1478 366 -’-
1496 330 1577 385 17.
2099 321 2223 383 413

125 477 192 537 is
226 474 366 549 vir,
412 474 508 534 cui
542 474 744 534 nullus
782 474 983 534 honos
1016 470 1194 533 tribui
1225 490 1343 533 non
1382 472 1623 533 debitus
1657 482 1886 549 potest:
1948 475 2101 550 grati
2145 475 2223 534 si·

128 575 287 618 mus
322 559 384 617 in
416 555 551 617 eius
582 563 774 616 morte
804 555 1155 617 decoranda
1174 601 1188 627 ,
1232 555 1329 615 cui
1360 557 1582 616 nullam
1613 555 1731 616 iani
1759 557 1938 617 aliam
1972 557 2222 632 gratiam

128 642 387 701 referre
428 655 785 714 possumus,
872 639 1124 700 Notetur
1152 636 1332 698 etiam
1360 639 1440 701 M.
1471 639 1718 698 Antonii
1762 640 2057 701 netarium
2100 642 2220 701 bel·

133 726 275 784 lum
313 721 582 797 gerentis
614 724 911 782 scelerata
940 721 1219 782 audacia.
1277 720 1386 781 His
1428 720 1589 782 enim
1622 722 1958 783 honoribus
2003 723 2221 785 habitis

133 806 287 867 Ser.
335 803 609 881 Sulpicio
645 803 1011 880 ‘repudiatae
1062 803 1453 879 reiectaeque
1504 805 1828 878 legationis
1859 806 1935 865 ab
1960 808 2223 867 Antonio

133 888 425 950 manebit
454 886 793 950 testificatio
824 888 1209 963 sempiterna.
1284 967 1285 970 Ἴ

283 973 416 1032 VII.
461 972 624 1047 Quas
658 972 739 1033 ob
768 988 868 1032 res
899 973 978 1032 ita
1007 986 1268 1032 censeo=
1323 972 1516 1045 Quum
1553 971 1685 1033 Ser.
1719 969 2029 1047 Sulpicius
2067 972 2133 1045 Q.
2164 971 2227 1030 F.

137 1055 453 1116 Lemonia
480 1056 677 1116 Rufus
709 1053 1064 1115 difficillimo
1090 1054 1178 1115 rei
1213 1055 1494 1129 publicae
1524 1062 1833 1129 tempore,
1865 1054 2036 1129 gravi
2070 1056 2225 1130 peri-

140 1139 502 1214 culosoque
548 1138 761 1198 morbo
807 1138 1119 1213 adlectus,
1170 1137 1588 1200 auctoritatem
1631 1146 1916 1213 senatuS,
1972 1140 2225 1198 salutem

140 1220 238 1281 rei
278 1221 563 1297 publicae
591 1220 751 1281 vitae
781 1236 930 1280 suae
976 1222 1404 1296 praeposuerit
1446 1229 1779 1296 contraque
1814 1221 1934 1282 vim
1966 1221 2224 1296 gravita*

152 1315 419 1383 temque
441 1307 638 1368 morbi
661 1307 1059 1379 contenderit,
1096 1307 1241 1368 utin
1267 1313 1469 1367 castra
1488 1308 1569 1368 M.
1599 1306 1864 1379 Antonii,
1906 1323 2029 1380 quo
2055 1321 2208 1365 sena

150 1399 265 1453 tus
300 1407 442 1452 eum
475 1391 750 1462 miserat,
798 1392 1151 1467 perveniret
1187 1391 1396 1465 isque,
1434 1407 1622 1466 quum
1653 1390 1771 1449 iam
1800 1404 2000 1464 prope
2029 1397 2228 1449 castra

162 1475 479 1544 venisset.
513 1476 573 1535 vi
599 1475 795 1537 morbi
834 1491 1179 1551 oppressus
1208 1475 1389 1534 vitam
1412 1474 1682 1535 amiserit
1711 1471 1975 1532 maximo
2007 1472 2093 1531 rei
2125 1489 2232 1546 pu-

158 1559 366 1620 blicae
400 1567 708 1635 tempore,
751 1561 1008 1633 eiusque
1044 1575 1211 1620 mors
1244 1565 1663 1619 consentanea
1694 1557 1854 1616 vitae
1884 1554 2064 1615 ruerit
2092 1570 2232 1614 san-

162 1643 445 1714 ctissime
491 1644 1049 1719 honestissimeque
1094 1653 1297 1717 actae,
1363 1645 1420 1704 in
1467 1660 1587 1719 qua
1630 1660 1821 1721 saepe
1855 1660 2074 1721 magno
2106 1643 2242 1706 usui

164 1729 255 1788 rei
295 1727 583 1803 ‚publicae
631 1728 763 1788 Ser.
808 1725 1118 1801 Sulpicius
1164 1736 1224 1787 et
1265 1727 1538 1801 privatus
1581 1737 1642 1788 et
1684 1729 1742 1788 in
1793 1727 2243 1803 magistratibus

167 1811 379 1872 suerite
422 1812 520 1873 16.
547 1829 732 1887 quum
765 1810 900 1871 talis
934 1810 1024 1869 vir
1057 1812 1135 1871 ob
1167 1826 1293 1870 rem
1328 1810 1629 1885 publicam
1663 1812 1723 1872 in
1756 1812 2059 1887 legatione
2085 1828 2242 1871 mor·

171 1902 291 1955 tem
323 1892 569 1970 obierit,
605 1891 843 1955 senatui
873 1896 1116 1970 placere
1146 1893 1278 1953 Ser.
1311 1893 1875 1970 Sulpiciostatuam
1900 1896 2244 1970 pedestrem

173 1980 428 2037 aeneam
449 1977 510 2037 in
534 1978 748 2039 rostris
773 1994 850 2038 ex
882 1977 1062 2038 huius
1095 1977 1328 2038 ordinis
1358 1980 1657 2038 sententia
1683 1980 1863 2041 statui
1894 1979 2244 2052 circumque

176 2076 313 2120 eam
356 2067 613 2120 statuam
646 2063 846 2122 locum
876 2060 1035 2121 ludis
1066 2060 1634 2137 gladiatoribusque
1673 2062 1898 2123 liberos
1931 2070 2243 2136 posteros-

181 2157 300 2218 que
341 2142 475 2203 eius
513 2159 762 2218 quoquo
799 2160 1014 2204 versus
1048 2146 1238 2220 pedes
1272 2144 1542 2221 quinque
1573 2146 1827 2219 habere,
1878 2145 2041 2220 quod
2074 2143 2128 2203 is
2166 2144 2247 2204 ob‘

179 2241 310 2286 rem
359 2225 660 2300 publicam
702 2235 954 2287 mortem
1003 2225 1239 2298 obierit,
1265 2244 1524 2304 eamque
1571 2245 1819 2288 causam
1868 2228 1928 2287 in
1971 2227 2103 2286 basi
2156 2225 2243 2285 in·

181 2309 395 2369 scribit
447 2308 657 2384 utique
701 2309 763 2370 C.
792 2309 991 2371 Pansa
1024 2314 1100 2370 A.
1132 2309 1359 2371 Hirtius
1406 2314 1724 2382 consules,
1786 2312 1938 2372 alter
1966 2311 2245 2381 ambove,

181 2390 236 2453 si
267 2390 345 2453 iis
379 2391 684 2465 videatur,
738 2391 1167 2469 quaestoribus
1199 2393 1364 2454 urbis
1395 2395 1718 2470 imperent,
1770 2403 1834 2454 ut
1875 2411 2007 2454 eam
2052 2392 2245 2453 basim

182 2483 565 2552 statuamque
592 2475 930 2537 taciendam
954 2484 1013 2538 et
1042 2476 1103 2536 in
1131 2476 1350 2539 rostris
1379 2480 1755 2539 statuendam
1790 2480 2020 2553 locent,
2055 2493 2245 2551 quan·

185 2558 348 2635 tique
381 2560 745 2634 locaverint,
782 2567 1008 2621 tantam
1032 2561 1355 2635 pecuniam
1388 2560 1755 2636 redemptori
1794 2561 2239 2621 attribuendam

188 2643 668 2718 solvendamque
709 2652 952 2704 curent=
1000 2660 1310 2719 quumque
1339 2653 1518 2705 antea
1541 2652 1790 2705 senatus
1823 2642 2243 2704 auctoritatem

189 2742 354 2786 suam
395 2725 456 2807 in
503 2727 768 2788 virorum
799 2726 1044 2788 fortium
1080 2725 1393 2788 funeribus
1433 2726 1928 2801 ornamentisque
1958 2725 2244 2787 ostende-

186 2808 288 2881 rit,
339 2812 581 2885 placere
625 2825 762 2887 eum
796 2827 978 2886 quam
1008 2809 1383 2885 amplissime
1417 2828 1705 2887 supremo
1729 2827 1842 2870 suo
1879 2808 1979 2869 die
2008 2807 2243 2868 efferri:

191 2890 286 2954 17.
324 2901 384 2954 et
427 2911 614 2969 quum
654 2894 785 2955 Ser.
828 2893 1137 2970 Sulpicius
1181 2894 1247 2966 Q.
1289 2893 1354 2952 F.
1398 2893 1690 2955 Lemonia
1719 2895 1913 2955 Rufus
1959 2891 2040 2954 ita
2073 2893 2150 2951 de
2181 2908 2247 2951 re

192 2974 423 3051 publica
448 2976 695 3038 meritus
728 2977 837 3053 sit,
865 2986 931 3039 ut
959 2977 1034 3037 iis
1066 2978 1437 3039 ornamentis
1471 2977 1749 3039 decorari
1780 2977 2029 3048 debeat,
2070 2992 2245 3036 sena-

194 3067 311 3120 tum
358 3076 612 3121 censere
650 3068 835 3135 atque
878 3077 913 3121 e
948 3076 1018 3120 re
1062 3059 1306 3136 publica
1350 3060 1697 3122 existimare
1738 3063 1969 3122 aediles
2005 3061 2248 3121 curules

197 3140 476 3217 edictum,
508 3144 673 3220 quod
708 3143 786 3203 de
818 3142 1130 3204 funeribus
1161 3142 1456 3215 habeant,
1496 3144 1628 3204 Ser.
1656 3145 1909 3221 Sulpicii
1942 3145 2008 3219 Q.
2037 3143 2104 3204 F.
2134 3144 2246 3203 Le-

194 3225 385 3286 monia
407 3227 543 3287 Rufi
568 3226 763 3288 funeri
786 3226 1117 3288 remittere=
1147 3227 1361 3302 utique
1388 3229 1589 3288 locum
1621 3231 1906 3305 sepulcro
1937 3229 1996 3288 in
2029 3243 2247 3301 campo

195 3308 498 3384 Esquilino
531 3311 593 3370 C.
623 3311 821 3373 Pansa
850 3311 1097 3386 consul,
1129 3326 1242 3371 seu
1273 3327 1396 3386 quo
1425 3309 1485 3370 in
1514 3313 1652 3373 loco
1688 3311 2018 3384 videbitur,
2054 3310 2246 3384 pedes

200 3391 424 3466 triginta
459 3409 709 3470 quoquo
746 3410 965 3457 versus
999 3392 1313 3469 adsignet,
1360 3410 1484 3468 quo
1516 3394 1647 3459 Ser.
1683 3393 1993 3470 Sulpicius
2028 3392 2248 3451 insera-

200 3484 316 3537 tur=
352 3478 519 3551 quod
552 3479 900 3554 sepulcrum
930 3475 1160 3554 ipsiuS,
1210 3477 1539 3538 liberorum
1575 3486 2086 3552 posterorumque
2115 3471 2248 3532 eius

199 3559 301 3629 sit,
337 3561 422 3622 uti
453 3565 619 3639 quod
649 3566 881 3642 optimo
915 3567 1046 3627 iure
1076 3564 1323 3640 publice
1352 3566 1704 3640 sepulcrum
1737 3564 1944 3621 datum
1975 3564 2088 3617 est.

1013 3683 1074 3692 ..-
