2514 3928
137 347 249 403 ‘117
303 388 310 392 .
561 365 574 382 ι
759 339 764 343 ’
842 343 1226 401 CAPA-a
1273 319 1545 406 §.lh-u.
1778 357 1783 366 ⁴
1920 349 1921 354 ’
2101 341 2227 405 4121

138 492 299 565 quin
336 506 517 565 quam
548 487 803 565 primum
834 492 1093 551 maximo
1119 491 1343 564 gaudio
1370 499 1430 551 et
1447 491 1851 564 gratulatione
1873 493 2226 554 frueremur.

140 572 351 645 Quum
400 574 621 633 fae-tum
666 581 829 633 tuum
878 583 1112 647 gratum
1143 573 1437 632 'omnibus
1481 573 1662 632 debet
1703 590 1845 634 esse
1896 582 2035 635 tum*
2080 593 2226 638 vero

139 656 369 726 oratic,
403 654 826 729 quassrecitatis·
849 655 1061 716 litteris
1095 672 1247 716 usus
1282 671 1370 715 es.
1463 656 1792 716 Declarasti
1826 656 1985 716 enim
2017 671 2225 719 verum

142 755 302 797 esse
337 738 431 809 id,
455 735 638 813 'quod
666 755 782 814 ego
816 754 1064 813 semper
1090 737 1611 809 sensi‚·-neminem
1641 737 1907 812 alteriuS,
1939 740 2227 813 qui-suae

143 819 744 894 confideretsvirtuti
771 820 1062 881 invidere.
1116 839 1120 843 ·
1148 821 1206 881 2.
1252 822 1464 897 ltaque
1494 820 1670 892 mihi,
1701 820 1806 895 qui
1832 822 2108 896 plurimis
2138 827 2226 885 ol*-

143 904 313 964 flciis
371 920 525 963 sum·
561 920 696 963 cum
738 904 925 965 Bruto
952 913 1039 987 ‘et
1087 902 1376 965 maxima
1407 902 1803 963 familiaritate
1849 904 2224 979 coniunctuS,

142 987 357 1047 minus
394 988 683 1047 multurde
710 988 812 1048 illo
844 986 1104 1048 dicenda
1133 995 1292 1048 sunt.
1366 987 1527 1061 Quas
1560 986 1720 1045 enim
1756 987 1890 1061 ipse
1918 987 2064 1046 milii
2089 1005 2224 1064 par·

145 1078 245 1130 tes
280 1085 694 1144 sumpseram,
736 1086 844 1131 eas
876 1070 1190 1145 praecepit
1217 1071 1411 1132 oratio
1445 1079 1563 1131 tua.
1655 1068 1778 1129 Sed
1813 1069 1985 1141 mihi,
2020 1079 2225 1145 patres

105 1189 110 1194 -
145 1152 507 1228 conscripti,
538 1151 961 1214 necessitatem
994 1152 1187 1214 attulit
1218 1154 1422 1227 paullo
1456 1156 1628 1228 plura
1659 1150 1909 1213 dicendi
1926 1154 2227 1215 sententia

146 1234 321 1308 eiuS,
354 1234 458 1310 qui
492 1243 742 1309 rogatus
774 1243 1034 1296 estante
1062 1253 1191 1296 me=
1235 1254 1274 1295 a
1304 1253 1427 1311 quo
1462 1236 1765 1310 itasaepe
1794 1236 2118 1309 dissentio,
2160 1245 2227 1297 ut

147 1318 272 1377 iam
306 1334 520 1378 verear
553 1334 645 1390 ne,
683 1317 744 1377 id
776 1318 943 1393 quod
966 1318 1095 1379 fieri
1121 1318 1361 1379 minime
1386 1320 1582 1391 debet,
1613 1318 1882 1379 minuere
1904 1320 2223 1380 amicitiam

148 1410 426 1462 nostram
458 1402 735 1461 videatur
762 1412 1059 1475 perpetua
1085 1401 1416 1461 dissensio.
1472 1441 1478 1446 -

205 1501 210 1506 ·
280 1485 341 1545 3.
387 1485 554 1557 Quae
598 1493 694 1544 est
722 1484 884 1543 enim
917 1484 1034 1545 ista
1065 1493 1166 1545 tua
1194 1486 1379 1556 ratio,
1425 1484 1674 1555 Calene,
1723 1499 1884 1556 quae
1910 1501 2116 1556 mens,
2162 1499 2221 1546 ut

151 1584 487 1642 numquam
533 1576 679 1642 post
700 1568 1014 1628 Kalendas
1044 1567 1357 1627 lanuarias
1394 1565 1565 1626 idem
1601 1566 1898 1638 senseris,
1945 1569 2110 1641 quod
2153 1569 2224 1641 is,

150 1650 259 1725 qui
288 1658 347 1711 te
376 1649 736 1711 sententiam
769 1649 1026 1725 primum
1058 1658 1261 1725 rogat,
1296 1667 1623 1723 numquam
1656 1657 1773 1709 tam
1807 1649 2094 1724 frequens
2128 1668 2223 1711 se-

153 1743 332 1795 natus
365 1733 562 1806 suerit,
596 1751 782 1809 quum
811 1751 972 1793 unus
1004 1732 1225 1808 aliq-uis
1255 1731 1614 1794 sententiam
1642 1739 1800 1792 tuam
1826 1741 2074 1793 secutus
2106 1732 2224 1794 sit?

153 1817 273 1877 Cur
316 1833 562 1891 semper
594 1816 677 1877 tui
719 1816 1049 1877 dissimiles
1092 1815 1413 1876 defendis?
1464 1832 1575 1876 cur
1608 1831 1790 1890 quum
1824 1822 1884 1875 te
1917 1824 1977 1877 et
2007 1815 2125 1875 vita
2164 1825 2228 1877 et

157 1901 398 1959 fortuna
429 1908 532 1960 tua
560 1901 641 1959 ad
676 1900 896 1970 otium,
941 1901 1018 1959 ad
1049 1898 1402 1974 dignitatem
1443 1898 1679 1969 invitet,
1726 1913 1799 1957 ea
1841 1899 2097 1975 probaS,
2148 1918 2221 1961 ea

158 1983 471 2055 decernis,
513 1999 587 2042 ea
627 1985 847 2050 sentis,
895 1999 1054 2058 quae
1092 1983 1214 2043 sint
1245 1980 1496 2042 inimica
1540 1991 1601 2042 et
1642 1980 1768 2042 otio
1820 1985 2120 2042 communi
2161 1993 2221 2045 et

159 2064 432 2138 dignitati
463 2066 669 2125 tuae'e'
725 2067 796 2125 11.
828 2066 885 2125 4.
927 2067 1076 2125 Nam
1103 2075 1167 2125 ut
1197 2067 1518 2141 superiora
1554 2066 1847 2138 omittam,
1889 2065 2007 2126 hoc
2038 2075 2217 2141 certe,

161 2146 330 2222 quod
364 2146 507 2206 mihi
531 2146 862 2207 'maximam
892 2147 1346 2213 admirationem
1377 2155 1597 2221 movet,
1625 2164 1746 2207 non
1765 2148 1999 2208 tacebo.
2045 2148 2218 2220 Quod

160 2238 257 2290 est
289 2229 396 2289 tibi
428 2246 563 2290 cum
591 2229 794 2290 Brutis
825 2231 1091 2290 bellum?
1129 2247 1237 2290 cur
1262 2247 1405 2303 eOS‚
1451 2248 1609 2306 quos
1639 2246 1853 2291 omnes
1889 2247 2081 2305 paene
2118 2248 2216 2292 ve·

163 2312 359 2372 nerari
389 2313 713 2385 debemuS,
748 2315 917 2372 solus
941 2320 1312 2389 oppugnas?
1352 2315 1604 2374 alterum
1635 2312 2067 2374 circumsederi*
2097 2331 2217 2376 non

160 2397 417 2458 moleste
456 2398 612 2468 serS,
653 2396 907 2456 alterum
947 2404 1049 2456 tua
1092 2396 1388 2456 sententia
1418 2395 1652 2472 spolias
1688 2395 1762 2455 iis
1794 2396 2020 2472 copiiS,
2063 2415 2217 2473 quas

158 2484 296 2554 ipse
337 2496 452 2540 suo
495 2479 703 2539 labore
748 2487 807 2540 et
848 2479 1121 2553 periculo
1161 2480 1241 2539 ad
1274 2479 1365 2539 rei
1409 2480 1714 2554 publicae,
1761 2497 1879 2539 non
1924 2481 2002 2540 ad
2039 2498 2217 2542 suum

163 2561 526 2637 praesidium
572 2578 681 2636 p‘er
720 2577 799 2623 se·
830 2564 995 2624 nullo
1040 2562 1364 2622 adiuvante
1404 2561 1704 2624 confecit?
1788 2563 1898 2635 Qui
1979 2572 2074 2623 est
2104 2565 2218 2624 iste

164 2654 297 2706 tuus
332 2662 574 2717 sensus,
610 2661 769 2721 quae
798 2643 1103 2720 cogitatio,
1135 2647 1361 2706 Brutos
1390 2653 1456 2706 ut
1480 2663 1601 2706 non
1637 2645 1879 2719 probeS,
1915 2645 2216 2706 Antonios

167 2729 431 2803 probes?
489 2745 647 2804 quos
699 2745 911 2790 omnes
962 2727 1315 2789 carissimos
1374 2729 1598 2789 habent
1645 2735 1708 2787 tu
1757 2724 2037 2786 oderisi·
2056 2745 2215 2802 quos

166 2811 580 2872 acerbissime·
631 2811 817 2871 ceteri
852 2812 1112 2872 oderunt
1152 2821 1215 2873 tu
1246 2808 1737 2872 constantissime
1771 2808 2030 2882 diligas?
2073 2811 2214 2869 Am-

168 2892 470 2968 plissimae
502 2892 604 2954 tibi
637 2895 1111 2966 fortunae'sunt‚
1147 2910 1420 2956 summus
1448 2892 1699 2954 honoris
1729 2892 1983 2965 graduS,
2035 2891 2212 2967 fitius,

168 2984 229 3037 ut
253 2983 316 3037 et
341 2976 522 3039 audio
554 2985 614 3036 et
644 2993 849 3051 spero,
880 2987 1064 3039 natus.
1089 2979 1170 3038 ad
1200 2978 1458 3050 laudem,
1491 2974 1590 3036 cui
1613 2985 1798 3050 quum
1821 2973 1911 3035 rei
1935 2974 2215 3048 publicae

165 3068 343 3119 causa
385 3061 562 3120 faveo
606 3067 729 3121 tum
772 3059 951 3121 etiam
976 3069 1100 3121 tua.
1186 3058 1246 3121 5.
1294 3060 1530 3134 Quaero
1550 3057 1764 3133 igitur,
1804 3075 2022 3119 eumne
2048 3060 2217 3121 Bruti

166 3141 410 3202 similem
445 3143 617 3203 malis
648 3160 723 3203 an
753 3142 1047 3204 Antonii?
1087 3159 1159 3203 ac
1192 3143 1490 3218 permitto,
1521 3151 1587 3203 ut
1613 3143 1691 3202 de
1718 3142 1911 3203 tribus
1934 3142 2216 3204 Antoniis

168 3222 348 3299 eligas
383 3241 559 3300 quem
590 3226 760 3288 velis.
849 3226 922 3286 Di
959 3225 1239 3287 meliora!
1287 3225 1546 3300 inquies.
1618 3225 1737 3285 Gur
1763 3224 1943 3300 igitur
1972 3242 2092 3285 non
2125 3225 2215 3285 eis

168 3310 359 3380 faves»,
412 3325 523 3371 eos
567 3309 816 3382 laudas,
866 3320 1140 3385 quorum·
1169 3309 1426 3370 similem
1463 3316 1632 3368 tuum
1675 3310 1864 3371 filium
1902 3324 2044 3367 esse
2088 3307 2216 3366 vis?

170 3389 349 3461 Simul
383 3390 543 3452 enim
575 3401 636 3453 et
661 3391 750 3453 rei
781 3393 1060 3468 publicae
1090 3395 1380 3454 consules
1406 3399 1468 3452 et
1492 3404 1803 3468 propones
1831 3389 1914 3449 illi
1936 3391 2245 3463 exempla,

168 3473 245 3533 ad
286 3473 643 3537 imitandum.
729 3477 862 3536 Hoc
910 3492 1087 3547 vem,
1145 3477 1212 3550 Q.
1253 3475 1414 3546 Fufi,
1475 3473 1658 3549 cupio
1701 3474 1833 3534 siue
1864 3470 2216 3531 »offensione

168 3564 402 3618 nostrae
430 3557 725 3620 amicitiae
756 3559 848 3620 sic
879 3566 1074 3620 tecum
1101 3567 1167 3619 ut
1193 3566 1322 3620 ate
1350 3555 1721 3617 dissentiens
1765 3559 2010 3614 senator
2042 3551 2212 3625 queri
