<?xml version="1.0" encoding="UTF-8"?>
<!DOCTYPE html PUBLIC "-//W3C//DTD XHTML 1.0 Transitional//EN"
    "http://www.w3.org/TR/xhtml1/DTD/xhtml1-transitional.dtd">
<html xmlns="http://www.w3.org/1999/xhtml" xml:lang="en" lang="en">
 <head>
  <title>
</title>
<meta http-equiv="Content-Type" content="text/html;charset=utf-8" />
  <meta name='ocr-system' content='tesseract 3.04.00' />
  <meta name='ocr-capabilities' content='ocr_page ocr_carea ocr_par ocr_line ocrx_word'/>
</head>
<body>
  <div class='ocr_page' id='page_1' title='image "./scriptaquaemans02cicegoog_0020.png"; bbox 0 0 2514 3928; ppageno 0'>
   <div class='ocr_carea' id='block_1_1' title="bbox 182 160 1592 234">
    <p class='ocr_par' dir='ltr' id='par_1_1' title="bbox 182 160 1592 234">
     <span class='ocr_line' id='line_1_1' title="bbox 182 160 1592 234; baseline 0.004 -23"><span class='ocrx_word' id='word_1_1' title='bbox 182 173 273 213; x_wconf 71' lang='lat' dir='ltr'><strong>‚m</strong></span> <span class='ocrx_word' id='word_1_2' title='bbox 860 160 1251 234; x_wconf 64' lang='lat' dir='ltr'><strong>Paoosmmu</strong></span> <span class='ocrx_word' id='word_1_3' title='bbox 1274 160 1592 217; x_wconf 74' lang='lat' dir='ltr'><strong>ammius,</strong></span> 
     </span>
    </p>
   </div>
   <div class='ocr_carea' id='block_1_2' title="bbox 179 278 2280 504">
    <p class='ocr_par' dir='ltr' id='par_1_2' title="bbox 179 278 2280 504">
     <span class='ocr_line' id='line_1_2' title="bbox 184 278 2280 367; baseline 0.004 -20"><span class='ocrx_word' id='word_1_4' title='bbox 184 300 325 348; x_wconf 73' lang='lat' dir='ltr'><strong>sibus</strong></span> <span class='ocrx_word' id='word_1_5' title='bbox 355 278 406 348; x_wconf 86' lang='lat' dir='ltr'><strong>et</strong></span> <span class='ocrx_word' id='word_1_6' title='bbox 440 298 570 361; x_wconf 68' lang='lat' dir='ltr'><strong>Etr„</strong></span> <span class='ocrx_word' id='word_1_7' title='bbox 609 314 669 349; x_wconf 89' lang='lat' dir='ltr'><strong>eo</strong></span> <span class='ocrx_word' id='word_1_8' title='bbox 703 313 816 348; x_wconf 89' lang='lat' dir='ltr'><strong>esse</strong></span> <span class='ocrx_word' id='word_1_9' title='bbox 853 307 1017 348; x_wconf 90' lang='lat' dir='ltr'><strong>ortum</strong></span> <span class='ocrx_word' id='word_1_10' title='bbox 1050 289 1305 359; x_wconf 83' lang='lat' dir='ltr'><strong>existimo,</strong></span> <span class='ocrx_word' id='word_1_11' title='bbox 1344 301 1479 364; x_wconf 87' lang='lat' dir='ltr'><strong>quod</strong></span> <span class='ocrx_word' id='word_1_12' title='bbox 1517 301 1722 364; x_wconf 85' lang='lat' dir='ltr'><strong>antiquo</strong></span> <span class='ocrx_word' id='word_1_13' title='bbox 1751 308 1976 367; x_wconf 89' lang='lat' dir='ltr'><strong>tempore</strong></span> <span class='ocrx_word' id='word_1_14' title='bbox 2012 308 2280 366; x_wconf 60' lang='lat' dir='ltr'><strong>§eputaret</strong></span> 
     </span>
     <span class='ocr_line' id='line_1_3' title="bbox 179 368 2276 434; baseline 0.003 -17"><span class='ocrx_word' id='word_1_15' title='bbox 179 368 425 433; x_wconf 80' lang='lat' dir='ltr'><strong>scriptum</strong></span> <span class='ocrx_word' id='word_1_16' title='bbox 462 375 599 429; x_wconf 86' lang='lat' dir='ltr'><strong>erat,</strong></span> <span class='ocrx_word' id='word_1_17' title='bbox 638 382 789 430; x_wconf 88' lang='lat' dir='ltr'><strong>quam</strong></span> <span class='ocrx_word' id='word_1_18' title='bbox 823 369 885 417; x_wconf 93' lang='lat' dir='ltr'><strong>ob</strong></span> <span class='ocrx_word' id='word_1_19' title='bbox 918 383 1025 418; x_wconf 89' lang='lat' dir='ltr'><strong>rem</strong></span> <span class='ocrx_word' id='word_1_20' title='bbox 1066 385 1178 420; x_wconf 78' lang='lat' dir='ltr'><strong>esse</strong></span> <span class='ocrx_word' id='word_1_21' title='bbox 1200 377 1413 433; x_wconf 81' lang='lat' dir='ltr'><strong>putaret</strong></span> <span class='ocrx_word' id='word_1_22' title='bbox 1448 385 1539 434; x_wconf 87' lang='lat' dir='ltr'><strong>pro</strong></span> <span class='ocrx_word' id='word_1_23' title='bbox 1571 369 1839 432; x_wconf 79' lang='lat' dir='ltr'><strong>deputaret</strong></span> <span class='ocrx_word' id='word_1_24' title='bbox 1873 371 2027 421; x_wconf 87' lang='lat' dir='ltr'><strong>edidi.</strong></span> <span class='ocrx_word' id='word_1_25' title='bbox 2097 372 2276 423; x_wconf 82' lang='lat' dir='ltr'><strong>Paullo</strong></span> 
     </span>
     <span class='ocr_line' id='line_1_4' title="bbox 179 434 2274 504; baseline 0.002 -18"><span class='ocrx_word' id='word_1_26' title='bbox 179 446 296 504; x_wconf 86' lang='lat' dir='ltr'><strong>post</strong></span> <span class='ocrx_word' id='word_1_27' title='bbox 332 452 448 500; x_wconf 87' lang='lat' dir='ltr'><strong>cap.</strong></span> <span class='ocrx_word' id='word_1_28' title='bbox 490 436 574 488; x_wconf 86' lang='lat'><strong>14.</strong></span> <span class='ocrx_word' id='word_1_29' title='bbox 612 437 661 499; x_wconf 91' lang='grc'><strong>5.</strong></span> <span class='ocrx_word' id='word_1_30' title='bbox 701 434 785 487; x_wconf 85' lang='grc'><strong>34.</strong></span> <span class='ocrx_word' id='word_1_31' title='bbox 826 444 978 487; x_wconf 82' lang='lat' dir='ltr'><strong>antea</strong></span> <span class='ocrx_word' id='word_1_32' title='bbox 1015 447 1091 488; x_wconf 86' lang='lat' dir='ltr'><strong>est</strong></span> <span class='ocrx_word' id='word_1_33' title='bbox 1128 455 1155 488; x_wconf 93' lang='lat' dir='ltr'><strong>e</strong></span> <span class='ocrx_word' id='word_1_34' title='bbox 1191 440 1304 490; x_wconf 88' lang='lat' dir='ltr'><strong>cod.</strong></span> <span class='ocrx_word' id='word_1_35' title='bbox 1343 439 1500 488; x_wconf 85' lang='lat' dir='ltr'><strong>Paris.</strong></span> <span class='ocrx_word' id='word_1_36' title='bbox 1537 454 1569 488; x_wconf 89' lang='lat' dir='ltr'><strong>a</strong></span> <span class='ocrx_word' id='word_1_37' title='bbox 1604 453 1683 488; x_wconf 89' lang='lat' dir='ltr'><strong>me</strong></span> <span class='ocrx_word' id='word_1_38' title='bbox 1712 440 1943 503; x_wconf 89' lang='lat' dir='ltr'><strong>petitum.</strong></span> <span class='ocrx_word' id='word_1_39' title='bbox 2003 441 2186 490; x_wconf 80' lang='lat' dir='ltr'><strong>Postea</strong></span> <span class='ocrx_word' id='word_1_40' title='bbox 2223 442 2274 491; x_wconf 89' lang='lat' dir='ltr'><strong>in</strong></span> 
     </span>
    </p>
   </div>
   <div class='ocr_carea' id='block_1_3' title="bbox 102 503 2277 573">
    <p class='ocr_par' dir='ltr' id='par_1_3' title="bbox 102 503 2277 573">
     <span class='ocr_line' id='line_1_5' title="bbox 102 503 2277 573; baseline 0.003 -19"><span class='ocrx_word' id='word_1_41' title='bbox 102 562 106 566; x_wconf 17' lang='grc' dir='ltr'><strong>Α</strong></span> <span class='ocrx_word' id='word_1_42' title='bbox 179 505 346 555; x_wconf 85' lang='lat' dir='ltr'><strong>verbis</strong></span> <span class='ocrx_word' id='word_1_43' title='bbox 388 505 496 555; x_wconf 84' lang='lat' dir='ltr'><strong>his:</strong></span> <span class='ocrx_word' id='word_1_44' title='bbox 541 503 802 568; x_wconf 81' lang='lat' dir='ltr'><strong>lmpolitae</strong></span> <span class='ocrx_word' id='word_1_45' title='bbox 849 521 968 556; x_wconf 86' lang='lat' dir='ltr'><strong>vero</strong></span> <span class='ocrx_word' id='word_1_46' title='bbox 1011 524 1098 558; x_wconf 79' lang='lat' dir='ltr'><strong>res</strong></span> <span class='ocrx_word' id='word_1_47' title='bbox 1133 515 1185 558; x_wconf 81' lang='lat' dir='ltr'><strong>et</strong></span> <span class='ocrx_word' id='word_1_48' title='bbox 1228 508 1447 558; x_wconf 81' lang='lat' dir='ltr'><strong><em>acerbae</em></strong></span> <span class='ocrx_word' id='word_1_49' title='bbox 1494 509 1543 557; x_wconf 79' lang='lat' dir='ltr'><strong>ei</strong></span> <span class='ocrx_word' id='word_1_50' title='bbox 1583 515 1732 558; x_wconf 79' lang='lat' dir='ltr'><strong>erunt</strong></span> <span class='ocrx_word' id='word_1_51' title='bbox 1764 510 1972 559; x_wconf 76' lang='lat' dir='ltr'><strong>relictae</strong></span> <span class='ocrx_word' id='word_1_52' title='bbox 2008 517 2103 562; x_wconf 83' lang='lat' dir='ltr'><strong>etc.</strong></span> <span class='ocrx_word' id='word_1_53' title='bbox 2142 510 2277 573; x_wconf 88' lang='lat' dir='ltr'><strong>quod</strong></span> 
     </span>
    </p>
   </div>
   <div class='ocr_carea' id='block_1_4' title="bbox 180 571 2273 778">
    <p class='ocr_par' dir='ltr' id='par_1_4' title="bbox 180 571 2273 778">
     <span class='ocr_line' id='line_1_6' title="bbox 181 571 2272 643; baseline 0.002 -18"><span class='ocrx_word' id='word_1_54' title='bbox 181 573 390 625; x_wconf 81' lang='lat' dir='ltr'><strong>offendit</strong></span> <span class='ocrx_word' id='word_1_55' title='bbox 420 571 472 624; x_wconf 86' lang='lat' dir='ltr'><strong>C.</strong></span> <span class='ocrx_word' id='word_1_56' title='bbox 510 573 851 639; x_wconf 87' lang='lat' dir='ltr'><strong>Nipperdeius</strong></span> <span class='ocrx_word' id='word_1_57' title='bbox 887 576 940 623; x_wconf 90' lang='lat' dir='ltr'><strong>in</strong></span> <span class='ocrx_word' id='word_1_58' title='bbox 973 574 1347 627; x_wconf 83' lang='lat' dir='ltr'><strong>Schneidewini</strong></span> <span class='ocrx_word' id='word_1_59' title='bbox 1372 576 1549 640; x_wconf 73' lang='lat' dir='ltr'><strong>philol.</strong></span> <span class='ocrx_word' id='word_1_60' title='bbox 1589 576 1688 630; x_wconf 91' lang='lat' dir='ltr'><strong>vol.</strong></span> <span class='ocrx_word' id='word_1_61' title='bbox 1724 578 1811 627; x_wconf 90' lang='lat'><strong>111.</strong></span> <span class='ocrx_word' id='word_1_62' title='bbox 1845 594 1897 643; x_wconf 89' lang='lat' dir='ltr'><strong>p.</strong></span> <span class='ocrx_word' id='word_1_63' title='bbox 1938 578 2057 632; x_wconf 84' lang='lat'><strong>141.</strong></span> <span class='ocrx_word' id='word_1_64' title='bbox 2093 580 2143 628; x_wconf 90' lang='lat' dir='ltr'><strong>in</strong></span> <span class='ocrx_word' id='word_1_65' title='bbox 2187 593 2272 629; x_wconf 92' lang='lat' dir='ltr'><strong>vo-</strong></span> 
     </span>
     <span class='ocr_line' id='line_1_7' title="bbox 180 643 2273 712; baseline 0.002 -20"><span class='ocrx_word' id='word_1_66' title='bbox 180 643 361 693; x_wconf 91' lang='lat' dir='ltr'><strong>cabulo</strong></span> <span class='ocrx_word' id='word_1_67' title='bbox 399 643 620 694; x_wconf 82' lang='lat' dir='ltr'><strong><em>acerbae</em></strong></span> <span class='ocrx_word' id='word_1_68' title='bbox 663 654 711 693; x_wconf 90' lang='lat' dir='ltr'><strong>et</strong></span> <span class='ocrx_word' id='word_1_69' title='bbox 740 658 833 708; x_wconf 89' lang='lat' dir='ltr'><strong>pro</strong></span> <span class='ocrx_word' id='word_1_70' title='bbox 867 660 927 695; x_wconf 88' lang='lat' dir='ltr'><strong>eo</strong></span> <span class='ocrx_word' id='word_1_71' title='bbox 973 647 1125 696; x_wconf 77' lang='lat' dir='ltr'><strong>scribi</strong></span> <span class='ocrx_word' id='word_1_72' title='bbox 1155 645 1315 696; x_wconf 86' lang='lat' dir='ltr'><strong>voluit</strong></span> <span class='ocrx_word' id='word_1_73' title='bbox 1347 661 1598 711; x_wconf 70' lang='lat' dir='ltr'><strong>asperae,</strong></span> <span class='ocrx_word' id='word_1_74' title='bbox 1640 646 1696 696; x_wconf 87' lang='lat' dir='ltr'><strong>id</strong></span> <span class='ocrx_word' id='word_1_75' title='bbox 1729 661 1852 696; x_wconf 89' lang='lat' dir='ltr'><strong>sane</strong></span> <span class='ocrx_word' id='word_1_76' title='bbox 1886 661 2125 712; x_wconf 88' lang='lat' dir='ltr'><strong>magnam</strong></span> <span class='ocrx_word' id='word_1_77' title='bbox 2154 662 2273 711; x_wconf 88' lang='lat' dir='ltr'><strong>pro·</strong></span> 
     </span>
     <span class='ocr_line' id='line_1_8' title="bbox 180 712 2273 778; baseline 0.003 -17"><span class='ocrx_word' id='word_1_78' title='bbox 180 712 459 762; x_wconf 76' lang='lat' dir='ltr'><strong>habilitatis</strong></span> <span class='ocrx_word' id='word_1_79' title='bbox 490 713 711 777; x_wconf 88' lang='lat' dir='ltr'><strong>speciem</strong></span> <span class='ocrx_word' id='word_1_80' title='bbox 741 727 865 777; x_wconf 87' lang='lat' dir='ltr'><strong>prae</strong></span> <span class='ocrx_word' id='word_1_81' title='bbox 895 729 950 764; x_wconf 87' lang='lat' dir='ltr'><strong>se</strong></span> <span class='ocrx_word' id='word_1_82' title='bbox 978 713 1095 775; x_wconf 74' lang='lat' dir='ltr'><strong>fert,</strong></span> <span class='ocrx_word' id='word_1_83' title='bbox 1130 715 1223 765; x_wconf 89' lang='lat' dir='ltr'><strong>sed</strong></span> <span class='ocrx_word' id='word_1_84' title='bbox 1252 723 1423 765; x_wconf 90' lang='lat' dir='ltr'><strong>tamen</strong></span> <span class='ocrx_word' id='word_1_85' title='bbox 1454 715 1567 764; x_wconf 88' lang='lat' dir='ltr'><strong>aliis</strong></span> <span class='ocrx_word' id='word_1_86' title='bbox 1605 730 1805 778; x_wconf 87' lang='lat' dir='ltr'><strong>quoque</strong></span> <span class='ocrx_word' id='word_1_87' title='bbox 1837 715 1961 765; x_wconf 89' lang='lat' dir='ltr'><strong>locis</strong></span> <span class='ocrx_word' id='word_1_88' title='bbox 1992 717 2273 767; x_wconf 80' lang='lat' dir='ltr'><strong>similitudo</strong></span> 
     </span>
    </p>
   </div>
   <div class='ocr_carea' id='block_1_5' title="bbox 72 781 2273 848">
    <p class='ocr_par' dir='ltr' id='par_1_5' title="bbox 72 781 2273 848">
     <span class='ocr_line' id='line_1_9' title="bbox 72 781 2273 848; baseline 0.002 -18"><span class='ocrx_word' id='word_1_89' title='bbox 72 816 78 821; x_wconf 78' lang='lat'><em>-</em></span> <span class='ocrx_word' id='word_1_90' title='bbox 183 783 236 830; x_wconf 90' lang='lat' dir='ltr'><strong>in</strong></span> <span class='ocrx_word' id='word_1_91' title='bbox 273 781 445 832; x_wconf 85' lang='lat' dir='ltr'><strong>verbis</strong></span> <span class='ocrx_word' id='word_1_92' title='bbox 501 782 671 846; x_wconf 84' lang='lat' dir='ltr'><strong>aptius</strong></span> <span class='ocrx_word' id='word_1_93' title='bbox 722 783 852 831; x_wconf 85' lang='lat' dir='ltr'><strong>inter</strong></span> <span class='ocrx_word' id='word_1_94' title='bbox 899 798 955 832; x_wconf 88' lang='lat' dir='ltr'><strong>sc</strong></span> <span class='ocrx_word' id='word_1_95' title='bbox 996 784 1278 834; x_wconf 68' lang='lat' dir='ltr'><strong>coniunctis</strong></span> <span class='ocrx_word' id='word_1_96' title='bbox 1333 783 1564 848; x_wconf 87' lang='lat' dir='ltr'><strong>neglecta</strong></span> <span class='ocrx_word' id='word_1_97' title='bbox 1597 791 1702 848; x_wconf 87' lang='lat' dir='ltr'><strong>est,</strong></span> <span class='ocrx_word' id='word_1_98' title='bbox 1756 792 1807 834; x_wconf 90' lang='lat' dir='ltr'><strong>et</strong></span> <span class='ocrx_word' id='word_1_99' title='bbox 1858 800 2007 848; x_wconf 89' lang='lat' dir='ltr'><strong>quem</strong></span> <span class='ocrx_word' id='word_1_100' title='bbox 2052 785 2121 835; x_wconf 89' lang='lat' dir='ltr'><strong>ad</strong></span> <span class='ocrx_word' id='word_1_101' title='bbox 2163 800 2273 834; x_wconf 86' lang='lat' dir='ltr'><strong>mo-</strong></span> 
     </span>
    </p>
   </div>
   <div class='ocr_carea' id='block_1_6' title="bbox 180 849 2273 987">
    <p class='ocr_par' dir='ltr' id='par_1_6' title="bbox 180 849 2273 987">
     <span class='ocr_line' id='line_1_10' title="bbox 182 849 2271 917; baseline 0.003 -18"><span class='ocrx_word' id='word_1_102' title='bbox 182 851 302 900; x_wconf 88' lang='lat' dir='ltr'><strong>dum</strong></span> <span class='ocrx_word' id='word_1_103' title='bbox 343 850 560 901; x_wconf 82' lang='lat' dir='ltr'><strong><em>acerbae</em></strong></span> <span class='ocrx_word' id='word_1_104' title='bbox 595 849 811 916; x_wconf 82' lang='lat' dir='ltr'><strong>intelligi</strong></span> <span class='ocrx_word' id='word_1_105' title='bbox 850 861 1025 916; x_wconf 88' lang='lat' dir='ltr'><strong>posset</strong></span> <span class='ocrx_word' id='word_1_106' title='bbox 1059 853 1345 917; x_wconf 79' lang='lat' dir='ltr'><strong>significavi</strong></span> <span class='ocrx_word' id='word_1_107' title='bbox 1387 855 1439 902; x_wconf 90' lang='lat' dir='ltr'><strong>in</strong></span> <span class='ocrx_word' id='word_1_108' title='bbox 1477 853 1676 902; x_wconf 73' lang='lat' dir='ltr'><strong>Lea-ico</strong></span> <span class='ocrx_word' id='word_1_109' title='bbox 1719 868 1824 904; x_wconf 83' lang='lat' dir='ltr'><strong>meo</strong></span> <span class='ocrx_word' id='word_1_110' title='bbox 1859 853 2048 905; x_wconf 71' lang='lat' dir='ltr'><strong>Latino</strong></span> <span class='ocrx_word' id='word_1_111' title='bbox 2088 852 2188 905; x_wconf 88' lang='lat' dir='ltr'><strong>vol.</strong></span> <span class='ocrx_word' id='word_1_112' title='bbox 2229 854 2271 905; x_wconf 93' lang='lat'><strong>1.</strong></span> 
     </span>
     <span class='ocr_line' id='line_1_11' title="bbox 180 917 2273 987; baseline 0 -18"><span class='ocrx_word' id='word_1_113' title='bbox 180 934 235 984; x_wconf 90' lang='lat' dir='ltr'><strong>p.</strong></span> <span class='ocrx_word' id='word_1_114' title='bbox 269 917 353 972; x_wconf 90' lang='lat'><strong>78.</strong></span> <span class='ocrx_word' id='word_1_115' title='bbox 394 934 444 969; x_wconf 84' lang='lat' dir='ltr'><strong>a.</strong></span> <span class='ocrx_word' id='word_1_116' title='bbox 517 918 640 984; x_wconf 85' lang='lat' dir='ltr'><strong>Cap.</strong></span> <span class='ocrx_word' id='word_1_117' title='bbox 684 920 769 971; x_wconf 83' lang='lat'><strong>15.</strong></span> <span class='ocrx_word' id='word_1_118' title='bbox 811 921 859 981; x_wconf 87' lang='grc'><strong>5.</strong></span> <span class='ocrx_word' id='word_1_119' title='bbox 896 920 980 972; x_wconf 92' lang='grc'><strong>36.</strong></span> <span class='ocrx_word' id='word_1_120' title='bbox 1017 922 1153 984; x_wconf 87' lang='lat' dir='ltr'><strong>quod</strong></span> <span class='ocrx_word' id='word_1_121' title='bbox 1188 936 1322 971; x_wconf 89' lang='lat' dir='ltr'><strong>nunc</strong></span> <span class='ocrx_word' id='word_1_122' title='bbox 1365 921 1505 971; x_wconf 88' lang='lat' dir='ltr'><strong>edidi</strong></span> <span class='ocrx_word' id='word_1_123' title='bbox 1541 937 1651 972; x_wconf 87' lang='lat' dir='ltr'><strong>eam</strong></span> <span class='ocrx_word' id='word_1_124' title='bbox 1683 937 1740 972; x_wconf 78' lang='lat' dir='ltr'><strong>se</strong></span> <span class='ocrx_word' id='word_1_125' title='bbox 1776 929 1949 973; x_wconf 80' lang='lat' dir='ltr'><strong>tenere</strong></span> <span class='ocrx_word' id='word_1_126' title='bbox 1992 925 2145 987; x_wconf 65' lang='lat' dir='ltr'><strong>legem</strong></span> <span class='ocrx_word' id='word_1_127' title='bbox 2177 937 2273 987; x_wconf 90' lang='lat' dir='ltr'><strong>pro</strong></span> 
     </span>
    </p>
   </div>
   <div class='ocr_carea' id='block_1_7' title="bbox 84 987 2275 1056">
    <p class='ocr_par' dir='ltr' id='par_1_7' title="bbox 84 987 2275 1056">
     <span class='ocr_line' id='line_1_12' title="bbox 84 987 2275 1056; baseline 0.002 -20"><span class='ocrx_word' id='word_1_128' title='bbox 84 1036 89 1043; x_wconf 63' lang='grc'>,</span> <span class='ocrx_word' id='word_1_129' title='bbox 182 987 386 1054; x_wconf 89' lang='lat' dir='ltr'><strong>vulgato</strong></span> <span class='ocrx_word' id='word_1_130' title='bbox 419 1004 529 1039; x_wconf 87' lang='lat' dir='ltr'><strong>eam</strong></span> <span class='ocrx_word' id='word_1_131' title='bbox 557 1003 614 1038; x_wconf 78' lang='lat' dir='ltr'><strong>ee</strong></span> <span class='ocrx_word' id='word_1_132' title='bbox 643 989 861 1039; x_wconf 72' lang='lat' dir='ltr'><strong>sciscere</strong></span> <span class='ocrx_word' id='word_1_133' title='bbox 894 991 1074 1055; x_wconf 63' lang='lat' dir='ltr'><strong>legem,</strong></span> <span class='ocrx_word' id='word_1_134' title='bbox 1114 998 1190 1038; x_wconf 89' lang='lat' dir='ltr'><strong>est</strong></span> <span class='ocrx_word' id='word_1_135' title='bbox 1226 1006 1259 1039; x_wconf 89' lang='lat' dir='ltr'><strong>a</strong></span> <span class='ocrx_word' id='word_1_136' title='bbox 1287 989 1547 1056; x_wconf 82' lang='lat' dir='ltr'><strong>Madvigio</strong></span> <span class='ocrx_word' id='word_1_137' title='bbox 1584 991 1939 1056; x_wconf 84' lang='lat' dir='ltr'><strong>adsumptum,</strong></span> <span class='ocrx_word' id='word_1_138' title='bbox 1979 993 2121 1042; x_wconf 84' lang='lat' dir='ltr'><strong>cuius</strong></span> <span class='ocrx_word' id='word_1_139' title='bbox 2156 991 2275 1043; x_wconf 88' lang='lat' dir='ltr'><strong>vide</strong></span> 
     </span>
    </p>
   </div>
   <div class='ocr_carea' id='block_1_8' title="bbox 174 1055 2276 2504">
    <p class='ocr_par' dir='ltr' id='par_1_8' title="bbox 175 1055 2274 1536">
     <span class='ocr_line' id='line_1_13' title="bbox 182 1055 2274 1126; baseline 0.001 -18"><span class='ocrx_word' id='word_1_140' title='bbox 182 1055 362 1120; x_wconf 73' lang='lat' dir='ltr'><strong>opusc.</strong></span> <span class='ocrx_word' id='word_1_141' title='bbox 401 1057 568 1112; x_wconf 85' lang='lat' dir='ltr'><strong>Acad,</strong></span> <span class='ocrx_word' id='word_1_142' title='bbox 611 1058 700 1106; x_wconf 77' lang='lat' dir='ltr'><strong>ale.</strong></span> <span class='ocrx_word' id='word_1_143' title='bbox 737 1072 788 1122; x_wconf 87' lang='lat' dir='ltr'><strong>p.</strong></span> <span class='ocrx_word' id='word_1_144' title='bbox 833 1057 893 1107; x_wconf 84' lang='lat'><strong>11</strong></span> <span class='ocrx_word' id='word_1_145' title='bbox 927 1073 1007 1121; x_wconf 88' lang='lat' dir='ltr'><strong>sq.</strong></span> <span class='ocrx_word' id='word_1_146' title='bbox 1068 1058 1260 1108; x_wconf 86' lang='lat' dir='ltr'><strong>Eodem</strong></span> <span class='ocrx_word' id='word_1_147' title='bbox 1295 1067 1496 1109; x_wconf 88' lang='lat' dir='ltr'><strong>auctore</strong></span> <span class='ocrx_word' id='word_1_148' title='bbox 1527 1060 1680 1109; x_wconf 89' lang='lat' dir='ltr'><strong>etiam</strong></span> <span class='ocrx_word' id='word_1_149' title='bbox 1714 1060 1762 1122; x_wconf 91' lang='grc'><strong>5.</strong></span> <span class='ocrx_word' id='word_1_150' title='bbox 1799 1059 1885 1113; x_wconf 90' lang='grc'><strong>37.</strong></span> <span class='ocrx_word' id='word_1_151' title='bbox 1919 1061 2128 1126; x_wconf 79' lang='lat' dir='ltr'><strong>scripsi:</strong></span> <span class='ocrx_word' id='word_1_152' title='bbox 2169 1060 2274 1123; x_wconf 87' lang='lat' dir='ltr'><strong>Quo</strong></span> 
     </span>
     <span class='ocr_line' id='line_1_14' title="bbox 177 1125 2274 1194; baseline 0.001 -19"><span class='ocrx_word' id='word_1_153' title='bbox 177 1126 295 1177; x_wconf 77' lang='lat' dir='ltr'><strong>mihi</strong></span> <span class='ocrx_word' id='word_1_154' title='bbox 318 1125 440 1175; x_wconf 77' lang='lat' dir='ltr'><strong>nibil</strong></span> <span class='ocrx_word' id='word_1_155' title='bbox 465 1126 664 1176; x_wconf 82' lang='lat' dir='ltr'><strong>videtur</strong></span> <span class='ocrx_word' id='word_1_156' title='bbox 697 1127 909 1176; x_wconf 76' lang='lat' dir='ltr'><strong>alienius</strong></span> <span class='ocrx_word' id='word_1_157' title='bbox 939 1144 973 1176; x_wconf 90' lang='lat' dir='ltr'><strong>a</strong></span> <span class='ocrx_word' id='word_1_158' title='bbox 1000 1128 1241 1192; x_wconf 70' lang='lat' dir='ltr'><strong>dipnitate</strong></span> <span class='ocrx_word' id='word_1_159' title='bbox 1271 1127 1635 1194; x_wconf 74' lang='lat' dir='ltr'><strong>disciplinaque</strong></span> <span class='ocrx_word' id='word_1_160' title='bbox 1659 1131 1895 1179; x_wconf 86' lang='lat' dir='ltr'><strong>maiorum</strong></span> <span class='ocrx_word' id='word_1_161' title='bbox 1919 1137 2011 1180; x_wconf 80' lang='lat' dir='ltr'><strong>etc.</strong></span> <span class='ocrx_word' id='word_1_162' title='bbox 2043 1144 2136 1194; x_wconf 88' lang='lat' dir='ltr'><strong>pro</strong></span> <span class='ocrx_word' id='word_1_163' title='bbox 2164 1128 2274 1178; x_wconf 90' lang='lat' dir='ltr'><strong>vul-</strong></span> 
     </span>
     <span class='ocr_line' id='line_1_15' title="bbox 178 1194 2274 1262; baseline 0 -18"><span class='ocrx_word' id='word_1_164' title='bbox 178 1202 326 1260; x_wconf 85' lang='lat' dir='ltr'><strong>gato:</strong></span> <span class='ocrx_word' id='word_1_165' title='bbox 365 1196 520 1245; x_wconf 75' lang='lat' dir='ltr'><strong>minus</strong></span> <span class='ocrx_word' id='word_1_166' title='bbox 555 1210 584 1245; x_wconf 93' lang='lat' dir='ltr'><strong>e</strong></span> <span class='ocrx_word' id='word_1_167' title='bbox 617 1194 854 1259; x_wconf 71' lang='lat' dir='ltr'><strong>dionitate</strong></span> <span class='ocrx_word' id='word_1_168' title='bbox 889 1196 1245 1261; x_wconf 60' lang='lat' dir='ltr'><strong>disciplinaque</strong></span> <span class='ocrx_word' id='word_1_169' title='bbox 1279 1199 1533 1250; x_wconf 77' lang='lat' dir='ltr'><strong>maiorum.</strong></span> <span class='ocrx_word' id='word_1_170' title='bbox 1586 1196 1711 1262; x_wconf 88' lang='lat' dir='ltr'><strong>Cap.</strong></span> <span class='ocrx_word' id='word_1_171' title='bbox 1747 1197 1828 1249; x_wconf 83' lang='lat'><strong>16.</strong></span> <span class='ocrx_word' id='word_1_172' title='bbox 1865 1198 1917 1261; x_wconf 87' lang='grc'><strong>5.</strong></span> <span class='ocrx_word' id='word_1_173' title='bbox 1952 1197 2034 1249; x_wconf 81' lang='lat'><strong>39.</strong></span> <span class='ocrx_word' id='word_1_174' title='bbox 2076 1199 2128 1246; x_wconf 87' lang='lat' dir='ltr'><strong>in</strong></span> <span class='ocrx_word' id='word_1_175' title='bbox 2158 1211 2274 1245; x_wconf 87' lang='lat' dir='ltr'><strong>ver·</strong></span> 
     </span>
     <span class='ocr_line' id='line_1_16' title="bbox 179 1263 2269 1330; baseline 0.001 -18"><span class='ocrx_word' id='word_1_176' title='bbox 179 1264 259 1313; x_wconf 87' lang='lat' dir='ltr'><strong>bis</strong></span> <span class='ocrx_word' id='word_1_177' title='bbox 304 1263 414 1312; x_wconf 86' lang='lat' dir='ltr'><strong>his:</strong></span> <span class='ocrx_word' id='word_1_178' title='bbox 454 1271 508 1314; x_wconf 78' lang='lat' dir='ltr'><strong>uc</strong></span> <span class='ocrx_word' id='word_1_179' title='bbox 542 1264 896 1327; x_wconf 73' lang='lat' dir='ltr'><strong>provideamus</strong></span> <span class='ocrx_word' id='word_1_180' title='bbox 939 1281 1000 1316; x_wconf 86' lang='lat' dir='ltr'><strong>ne</strong></span> <span class='ocrx_word' id='word_1_181' title='bbox 1035 1267 1244 1317; x_wconf 82' lang='lat' dir='ltr'><strong>citerior</strong></span> <span class='ocrx_word' id='word_1_182' title='bbox 1285 1266 1453 1318; x_wconf 81' lang='lat' dir='ltr'><strong>Gallia</strong></span> <span class='ocrx_word' id='word_1_183' title='bbox 1497 1266 1641 1318; x_wconf 77' lang='lat' dir='ltr'><strong>nobie</strong></span> <span class='ocrx_word' id='word_1_184' title='bbox 1675 1268 1838 1317; x_wconf 68' lang='lat' dir='ltr'><strong>irruitis</strong></span> <span class='ocrx_word' id='word_1_185' title='bbox 1881 1266 2036 1316; x_wconf 77' lang='lat' dir='ltr'><strong>&#39;alicui</strong></span> <span class='ocrx_word' id='word_1_186' title='bbox 2079 1263 2269 1330; x_wconf 79' lang='lat' dir='ltr'><strong>[detur]</strong></span> 
     </span>
     <span class='ocr_line' id='line_1_17' title="bbox 175 1332 2274 1400; baseline 0 -18"><span class='ocrx_word' id='word_1_187' title='bbox 175 1339 292 1395; x_wconf 75' lang='lat' dir='ltr'><strong>post</strong></span> <span class='ocrx_word' id='word_1_188' title='bbox 326 1347 413 1383; x_wconf 77' lang='lat' dir='ltr'><strong>eos</strong></span> <span class='ocrx_word' id='word_1_189' title='bbox 447 1334 675 1383; x_wconf 78' lang='lat' dir='ltr'><strong>consules</strong></span> <span class='ocrx_word' id='word_1_190' title='bbox 704 1339 800 1382; x_wconf 83' lang='lat' dir='ltr'><strong>etc.</strong></span> <span class='ocrx_word' id='word_1_191' title='bbox 837 1335 1020 1399; x_wconf 85' lang='lat' dir='ltr'><strong>scripsi</strong></span> <span class='ocrx_word' id='word_1_192' title='bbox 1050 1336 1114 1385; x_wconf 90' lang='lat' dir='ltr'><strong>de</strong></span> <span class='ocrx_word' id='word_1_193' title='bbox 1147 1335 1438 1385; x_wconf 83' lang='lat' dir='ltr'><strong>coniectura</strong></span> <span class='ocrx_word' id='word_1_194' title='bbox 1473 1351 1606 1385; x_wconf 82' lang='lat' dir='ltr'><strong>mea.</strong></span> <span class='ocrx_word' id='word_1_195' title='bbox 1677 1332 1803 1384; x_wconf 86' lang='lat' dir='ltr'><strong>Nam</strong></span> <span class='ocrx_word' id='word_1_196' title='bbox 1840 1335 1979 1397; x_wconf 88' lang='lat' dir='ltr'><strong>quod</strong></span> <span class='ocrx_word' id='word_1_197' title='bbox 2011 1335 2165 1400; x_wconf 86' lang='lat' dir='ltr'><strong>vulgo</strong></span> <span class='ocrx_word' id='word_1_198' title='bbox 2201 1332 2274 1383; x_wconf 92' lang='lat' dir='ltr'><strong>le-</strong></span> 
     </span>
     <span class='ocr_line' id='line_1_18' title="bbox 179 1401 2274 1467; baseline 0.001 -17"><span class='ocrx_word' id='word_1_199' title='bbox 179 1401 317 1466; x_wconf 84' lang='lat' dir='ltr'><strong>gitur</strong></span> <span class='ocrx_word' id='word_1_200' title='bbox 345 1403 558 1452; x_wconf 78' lang='lat' dir='ltr'><strong>verbum</strong></span> <span class='ocrx_word' id='word_1_201' title='bbox 583 1402 902 1467; x_wconf 85' lang='lat' dir='ltr'><strong><em>decernatur,</em></strong></span> <span class='ocrx_word' id='word_1_202' title='bbox 941 1403 995 1453; x_wconf 91' lang='lat' dir='ltr'><strong>id</strong></span> <span class='ocrx_word' id='word_1_203' title='bbox 1015 1418 1176 1466; x_wconf 88' lang='lat' dir='ltr'><strong>neque</strong></span> <span class='ocrx_word' id='word_1_204' title='bbox 1208 1405 1261 1453; x_wconf 88' lang='lat' dir='ltr'><strong>iu</strong></span> <span class='ocrx_word' id='word_1_205' title='bbox 1295 1403 1435 1455; x_wconf 87' lang='lat' dir='ltr'><strong>libris</strong></span> <span class='ocrx_word' id='word_1_206' title='bbox 1458 1402 1633 1453; x_wconf 87' lang='lat' dir='ltr'><strong>haberi</strong></span> <span class='ocrx_word' id='word_1_207' title='bbox 1658 1417 1820 1464; x_wconf 90' lang='lat' dir='ltr'><strong>neque</strong></span> <span class='ocrx_word' id='word_1_208' title='bbox 1839 1410 2035 1451; x_wconf 85' lang='lat' dir='ltr'><strong>rectum</strong></span> <span class='ocrx_word' id='word_1_209' title='bbox 2064 1404 2274 1453; x_wconf 87' lang='lat' dir='ltr'><strong>omnino</strong></span> 
     </span>
     <span class='ocr_line' id='line_1_19' title="bbox 179 1470 889 1536; baseline 0.007 -17"><span class='ocrx_word' id='word_1_210' title='bbox 179 1484 292 1521; x_wconf 85' lang='lat' dir='ltr'><strong>esse</strong></span> <span class='ocrx_word' id='word_1_211' title='bbox 329 1471 551 1522; x_wconf 86' lang='lat' dir='ltr'><strong>ostendit</strong></span> <span class='ocrx_word' id='word_1_212' title='bbox 583 1470 889 1536; x_wconf 53' lang='lat' dir='ltr'><strong>Madvigium</strong></span> 
     </span>
    </p>

    <p class='ocr_par' dir='ltr' id='par_1_9' title="bbox 174 1536 2276 2504">
     <span class='ocr_line' id='line_1_20' title="bbox 317 1536 2274 1603; baseline 0.002 -15"><span class='ocrx_word' id='word_1_213' title='bbox 317 1539 482 1589; x_wconf 86' lang='lat' dir='ltr'><strong>Etiam</strong></span> <span class='ocrx_word' id='word_1_214' title='bbox 527 1540 577 1588; x_wconf 91' lang='lat' dir='ltr'><strong>in</strong></span> <span class='ocrx_word' id='word_1_215' title='bbox 625 1541 851 1589; x_wconf 86' lang='lat' dir='ltr'><strong>oratioue</strong></span> <span class='ocrx_word' id='word_1_216' title='bbox 900 1554 1002 1603; x_wconf 85' lang='lat' dir='ltr'><strong>pro</strong></span> <span class='ocrx_word' id='word_1_217' title='bbox 1052 1541 1119 1590; x_wconf 89' lang='lat' dir='ltr'><strong>L.</strong></span> <span class='ocrx_word' id='word_1_218' title='bbox 1168 1541 1397 1591; x_wconf 79' lang='lat' dir='ltr'><strong>Cornelio</strong></span> <span class='ocrx_word' id='word_1_219' title='bbox 1436 1539 1604 1590; x_wconf 83' lang='lat' dir='ltr'><strong>Balbo</strong></span> <span class='ocrx_word' id='word_1_220' title='bbox 1653 1536 1929 1603; x_wconf 81' lang='lat' dir='ltr'><strong>relegenda</strong></span> <span class='ocrx_word' id='word_1_221' title='bbox 1975 1537 2141 1588; x_wconf 83' lang='lat' dir='ltr'><strong>fateor</strong></span> <span class='ocrx_word' id='word_1_222' title='bbox 2191 1555 2274 1592; x_wconf 87' lang='lat' dir='ltr'><strong>me</strong></span> 
     </span>
     <span class='ocr_line' id='line_1_21' title="bbox 178 1606 2274 1675; baseline 0 -18"><span class='ocrx_word' id='word_1_223' title='bbox 178 1623 365 1673; x_wconf 87' lang='lat' dir='ltr'><strong>magno</strong></span> <span class='ocrx_word' id='word_1_224' title='bbox 416 1623 570 1674; x_wconf 89' lang='lat' dir='ltr'><strong>opere</strong></span> <span class='ocrx_word' id='word_1_225' title='bbox 606 1608 832 1658; x_wconf 88' lang='lat' dir='ltr'><strong>adiutum</strong></span> <span class='ocrx_word' id='word_1_226' title='bbox 870 1623 983 1658; x_wconf 89' lang='lat' dir='ltr'><strong>esse</strong></span> <span class='ocrx_word' id='word_1_227' title='bbox 1019 1624 1172 1675; x_wconf 88' lang='lat' dir='ltr'><strong>opera</strong></span> <span class='ocrx_word' id='word_1_228' title='bbox 1205 1609 1450 1674; x_wconf 81' lang='lat' dir='ltr'><strong>Madvigii</strong></span> <span class='ocrx_word' id='word_1_229' title='bbox 1485 1610 1535 1657; x_wconf 91' lang='lat' dir='ltr'><strong>in</strong></span> <span class='ocrx_word' id='word_1_230' title='bbox 1572 1622 1634 1657; x_wconf 89' lang='lat' dir='ltr'><strong>ea</strong></span> <span class='ocrx_word' id='word_1_231' title='bbox 1668 1608 1894 1658; x_wconf 87' lang='lat' dir='ltr'><strong>oratione</strong></span> <span class='ocrx_word' id='word_1_232' title='bbox 1937 1606 2185 1657; x_wconf 79' lang='lat' dir='ltr'><strong>collocata</strong></span> <span class='ocrx_word' id='word_1_233' title='bbox 2220 1610 2274 1658; x_wconf 92' lang='lat' dir='ltr'><strong>in</strong></span> 
     </span>
     <span class='ocr_line' id='line_1_22' title="bbox 179 1675 2274 1744; baseline 0.001 -18"><span class='ocrx_word' id='word_1_234' title='bbox 179 1675 362 1741; x_wconf 78' lang='lat' dir='ltr'><strong>Opusc.</strong></span> <span class='ocrx_word' id='word_1_235' title='bbox 407 1676 577 1730; x_wconf 85' lang='lat' dir='ltr'><strong>Acad.</strong></span> <span class='ocrx_word' id='word_1_236' title='bbox 630 1679 720 1726; x_wconf 81' lang='lat' dir='ltr'><strong>alt.</strong></span> <span class='ocrx_word' id='word_1_237' title='bbox 764 1692 817 1742; x_wconf 90' lang='lat' dir='ltr'><strong>p.</strong></span> <span class='ocrx_word' id='word_1_238' title='bbox 870 1676 935 1727; x_wconf 84' lang='lat'><strong>13</strong></span> <span class='ocrx_word' id='word_1_239' title='bbox 971 1693 1082 1741; x_wconf 85' lang='lat' dir='ltr'><strong>sqq.</strong></span> <span class='ocrx_word' id='word_1_240' title='bbox 1166 1679 1241 1727; x_wconf 86' lang='lat' dir='ltr'><strong>Ac</strong></span> <span class='ocrx_word' id='word_1_241' title='bbox 1283 1679 1502 1744; x_wconf 88' lang='lat' dir='ltr'><strong>primum</strong></span> <span class='ocrx_word' id='word_1_242' title='bbox 1547 1677 1686 1727; x_wconf 86' lang='lat' dir='ltr'><strong>edidi</strong></span> <span class='ocrx_word' id='word_1_243' title='bbox 1723 1691 1836 1741; x_wconf 89' lang='lat' dir='ltr'><strong>cap.</strong></span> <span class='ocrx_word' id='word_1_244' title='bbox 1883 1675 1931 1729; x_wconf 93' lang='lat'><strong>1.</strong></span> <span class='ocrx_word' id='word_1_245' title='bbox 1984 1677 2034 1738; x_wconf 96' lang='grc'><strong>5.</strong></span> <span class='ocrx_word' id='word_1_246' title='bbox 2077 1679 2130 1728; x_wconf 98' lang='grc'><strong>2.</strong></span> <span class='ocrx_word' id='word_1_247' title='bbox 2179 1676 2274 1728; x_wconf 76' lang='lat' dir='ltr'><strong>hoc</strong></span> 
     </span>
     <span class='ocr_line' id='line_1_23' title="bbox 174 1744 2275 1813; baseline 0 -17"><span class='ocrx_word' id='word_1_248' title='bbox 174 1760 306 1809; x_wconf 86' lang='lat' dir='ltr'><strong>pono</strong></span> <span class='ocrx_word' id='word_1_249' title='bbox 335 1761 427 1810; x_wconf 89' lang='lat' dir='ltr'><strong>pro</strong></span> <span class='ocrx_word' id='word_1_250' title='bbox 466 1761 544 1811; x_wconf 91' lang='lat' dir='ltr'><strong>eo,</strong></span> <span class='ocrx_word' id='word_1_251' title='bbox 578 1747 714 1808; x_wconf 87' lang='lat' dir='ltr'><strong>quod</strong></span> <span class='ocrx_word' id='word_1_252' title='bbox 744 1761 841 1813; x_wconf 87' lang='lat' dir='ltr'><strong>ego</strong></span> <span class='ocrx_word' id='word_1_253' title='bbox 874 1747 994 1796; x_wconf 92' lang='lat' dir='ltr'><strong>olim</strong></span> <span class='ocrx_word' id='word_1_254' title='bbox 1024 1747 1310 1797; x_wconf 81' lang='lat' dir='ltr'><strong>edideram:</strong></span> <span class='ocrx_word' id='word_1_255' title='bbox 1343 1747 1437 1798; x_wconf 78' lang='lat' dir='ltr'><strong>hoc</strong></span> <span class='ocrx_word' id='word_1_256' title='bbox 1466 1760 1680 1813; x_wconf 81' lang='lat' dir='ltr'><strong>oppon0.</strong></span> <span class='ocrx_word' id='word_1_257' title='bbox 1720 1746 1849 1795; x_wconf 88' lang='lat' dir='ltr'><strong>Tum</strong></span> <span class='ocrx_word' id='word_1_258' title='bbox 1885 1745 1937 1807; x_wconf 90' lang='grc'><strong>5.</strong></span> <span class='ocrx_word' id='word_1_259' title='bbox 1962 1744 2015 1797; x_wconf 88' lang='grc'><strong>3.</strong></span> <span class='ocrx_word' id='word_1_260' title='bbox 2049 1745 2114 1794; x_wconf 89' lang='lat' dir='ltr'><strong>de</strong></span> <span class='ocrx_word' id='word_1_261' title='bbox 2132 1746 2275 1796; x_wconf 85' lang='lat' dir='ltr'><strong>Mad-</strong></span> 
     </span>
     <span class='ocr_line' id='line_1_24' title="bbox 176 1812 2272 1881; baseline -0.001 -16"><span class='ocrx_word' id='word_1_262' title='bbox 176 1814 304 1880; x_wconf 89' lang='lat' dir='ltr'><strong>vigii</strong></span> <span class='ocrx_word' id='word_1_263' title='bbox 340 1816 590 1864; x_wconf 86' lang='lat' dir='ltr'><strong>sententia</strong></span> <span class='ocrx_word' id='word_1_264' title='bbox 629 1829 724 1880; x_wconf 88' lang='lat' dir='ltr'><strong>pro</strong></span> <span class='ocrx_word' id='word_1_265' title='bbox 762 1824 996 1881; x_wconf 88' lang='lat' dir='ltr'><strong>corrupto</strong></span> <span class='ocrx_word' id='word_1_266' title='bbox 1035 1823 1265 1867; x_wconf 80' lang='lat' dir='ltr'><strong>tractare</strong></span> <span class='ocrx_word' id='word_1_267' title='bbox 1300 1817 1509 1880; x_wconf 86' lang='lat' dir='ltr'><strong>scripsi:</strong></span> <span class='ocrx_word' id='word_1_268' title='bbox 1560 1823 1702 1866; x_wconf 79' lang='lat' dir='ltr'><strong>recte</strong></span> <span class='ocrx_word' id='word_1_269' title='bbox 1735 1830 1793 1866; x_wconf 81' lang='lat' dir='ltr'><strong>se</strong></span> <span class='ocrx_word' id='word_1_270' title='bbox 1828 1814 1975 1865; x_wconf 82' lang='lat' dir='ltr'><strong>dare.</strong></span> <span class='ocrx_word' id='word_1_271' title='bbox 2051 1812 2272 1864; x_wconf 87' lang='lat' dir='ltr'><strong>Contulit</strong></span> 
     </span>
     <span class='ocr_line' id='line_1_25' title="bbox 178 1882 2271 1950; baseline -0 -17"><span class='ocrx_word' id='word_1_272' title='bbox 178 1884 469 1949; x_wconf 82' lang='lat' dir='ltr'><strong>Madvigius</strong></span> <span class='ocrx_word' id='word_1_273' title='bbox 506 1885 728 1934; x_wconf 87' lang='lat' dir='ltr'><strong>Terentii</strong></span> <span class='ocrx_word' id='word_1_274' title='bbox 764 1885 1004 1950; x_wconf 75' lang='lat' dir='ltr'><strong>Hecyrae</strong></span> <span class='ocrx_word' id='word_1_275' title='bbox 1041 1893 1140 1934; x_wconf 90' lang='lat' dir='ltr'><strong>act.</strong></span> <span class='ocrx_word' id='word_1_276' title='bbox 1170 1886 1255 1938; x_wconf 90' lang='lat'><strong>111.</strong></span> <span class='ocrx_word' id='word_1_277' title='bbox 1278 1900 1349 1935; x_wconf 90' lang='lat' dir='ltr'><strong>sc.</strong></span> <span class='ocrx_word' id='word_1_278' title='bbox 1375 1884 1425 1937; x_wconf 88' lang='lat'><strong>3.</strong></span> <span class='ocrx_word' id='word_1_279' title='bbox 1458 1901 1505 1935; x_wconf 82' lang='lat' dir='ltr'><strong>v.</strong></span> <span class='ocrx_word' id='word_1_280' title='bbox 1527 1885 1611 1937; x_wconf 84' lang='lat'><strong>20.</strong></span> <span class='ocrx_word' id='word_1_281' title='bbox 1637 1887 1818 1950; x_wconf 72' lang='lat' dir='ltr'><strong>poetae</strong></span> <span class='ocrx_word' id='word_1_282' title='bbox 1841 1884 1995 1934; x_wconf 88' lang='lat' dir='ltr'><strong>verba</strong></span> <span class='ocrx_word' id='word_1_283' title='bbox 2018 1884 2157 1948; x_wconf 87' lang='lat' dir='ltr'><strong>apud</strong></span> <span class='ocrx_word' id='word_1_284' title='bbox 2189 1882 2271 1932; x_wconf 83' lang='lat' dir='ltr'><strong>ci-</strong></span> 
     </span>
     <span class='ocr_line' id='line_1_26' title="bbox 183 1952 2274 2018; baseline -0 -15"><span class='ocrx_word' id='word_1_285' title='bbox 183 1969 417 2003; x_wconf 89' lang='lat' dir='ltr'><strong>ceronem</strong></span> <span class='ocrx_word' id='word_1_286' title='bbox 461 1953 528 2004; x_wconf 88' lang='lat' dir='ltr'><strong>de</strong></span> <span class='ocrx_word' id='word_1_287' title='bbox 564 1960 751 2005; x_wconf 82' lang='lat' dir='ltr'><strong>natura</strong></span> <span class='ocrx_word' id='word_1_288' title='bbox 782 1955 986 2006; x_wconf 85' lang='lat' dir='ltr'><strong>deorum</strong></span> <span class='ocrx_word' id='word_1_289' title='bbox 1019 1953 1108 2007; x_wconf 85' lang='lat' dir='ltr'><strong>lib.</strong></span> <span class='ocrx_word' id='word_1_290' title='bbox 1131 1955 1220 2006; x_wconf 91' lang='lat'><strong>111.</strong></span> <span class='ocrx_word' id='word_1_291' title='bbox 1260 1971 1302 2005; x_wconf 93' lang='lat' dir='ltr'><strong>c.</strong></span> <span class='ocrx_word' id='word_1_292' title='bbox 1329 1954 1411 2007; x_wconf 90' lang='grc'><strong>10.</strong></span> <span class='ocrx_word' id='word_1_293' title='bbox 1453 1955 1503 2018; x_wconf 87' lang='grc'><strong>5.</strong></span> <span class='ocrx_word' id='word_1_294' title='bbox 1530 1955 1614 2007; x_wconf 91' lang='grc'><strong>26.</strong></span> <span class='ocrx_word' id='word_1_295' title='bbox 1658 1952 1917 2004; x_wconf 85' lang='lat' dir='ltr'><strong>Ciceronis</strong></span> <span class='ocrx_word' id='word_1_296' title='bbox 1954 1953 2027 2004; x_wconf 86' lang='lat' dir='ltr'><strong>ad</strong></span> <span class='ocrx_word' id='word_1_297' title='bbox 2056 1952 2274 2004; x_wconf 76' lang='lat' dir='ltr'><strong>Atticum</strong></span> 
     </span>
     <span class='ocr_line' id='line_1_27' title="bbox 178 2015 2271 2093; baseline 0 -22"><span class='ocrx_word' id='word_1_298' title='bbox 178 2023 265 2073; x_wconf 91' lang='lat' dir='ltr'><strong>lib.</strong></span> <span class='ocrx_word' id='word_1_299' title='bbox 303 2023 385 2077; x_wconf 84' lang='lat'><strong>111.</strong></span> <span class='ocrx_word' id='word_1_300' title='bbox 417 2037 496 2088; x_wconf 89' lang='lat' dir='ltr'><strong>ep.</strong></span> <span class='ocrx_word' id='word_1_301' title='bbox 528 2020 595 2074; x_wconf 87' lang='grc'><strong>23</strong></span> <span class='ocrx_word' id='word_1_302' title='bbox 624 2033 751 2075; x_wconf 81' lang='lat' dir='ltr'><strong>extr.</strong></span> <span class='ocrx_word' id='word_1_303' title='bbox 790 2023 923 2074; x_wconf 91' lang='lat' dir='ltr'><strong>Livii</strong></span> <span class='ocrx_word' id='word_1_304' title='bbox 954 2023 1043 2075; x_wconf 91' lang='lat' dir='ltr'><strong>lib.</strong></span> <span class='ocrx_word' id='word_1_305' title='bbox 1072 2015 1334 2074; x_wconf 80' lang='lat' dir='ltr'><strong>XXXVII.</strong></span> <span class='ocrx_word' id='word_1_306' title='bbox 1367 2039 1479 2089; x_wconf 88' lang='lat' dir='ltr'><strong>cap.</strong></span> <span class='ocrx_word' id='word_1_307' title='bbox 1503 2025 1555 2074; x_wconf 79' lang='lat'><strong>5.</strong></span> <span class='ocrx_word' id='word_1_308' title='bbox 1595 2023 1817 2093; x_wconf 80' lang='lat' dir='ltr'><strong>Senecae</strong></span> <span class='ocrx_word' id='word_1_309' title='bbox 1847 2024 1991 2086; x_wconf 78' lang='lat' dir='ltr'><strong>epist.</strong></span> <span class='ocrx_word' id='word_1_310' title='bbox 2021 2021 2106 2073; x_wconf 84' lang='lat'><strong>79.</strong></span> <span class='ocrx_word' id='word_1_311' title='bbox 2136 2022 2187 2084; x_wconf 89' lang='grc'><strong>5.</strong></span> <span class='ocrx_word' id='word_1_312' title='bbox 2218 2024 2271 2072; x_wconf 84' lang='grc'><strong>5.</strong></span> 
     </span>
     <span class='ocr_line' id='line_1_28' title="bbox 177 2091 2272 2158; baseline -0 -16"><span class='ocrx_word' id='word_1_313' title='bbox 177 2092 386 2158; x_wconf 83' lang='lat' dir='ltr'><strong>Virgilii</strong></span> <span class='ocrx_word' id='word_1_314' title='bbox 439 2093 717 2157; x_wconf 74' lang='lat' dir='ltr'><strong>Georyicon</strong></span> <span class='ocrx_word' id='word_1_315' title='bbox 757 2092 846 2144; x_wconf 91' lang='lat' dir='ltr'><strong>lib.</strong></span> <span class='ocrx_word' id='word_1_316' title='bbox 895 2095 937 2145; x_wconf 93' lang='lat'><strong>1.</strong></span> <span class='ocrx_word' id='word_1_317' title='bbox 975 2109 1027 2144; x_wconf 84' lang='lat' dir='ltr'><strong>v.</strong></span> <span class='ocrx_word' id='word_1_318' title='bbox 1066 2092 1186 2145; x_wconf 87' lang='grc'><strong>217.</strong></span> <span class='ocrx_word' id='word_1_319' title='bbox 1261 2092 1458 2143; x_wconf 87' lang='lat' dir='ltr'><strong>Deinde</strong></span> <span class='ocrx_word' id='word_1_320' title='bbox 1506 2108 1621 2157; x_wconf 87' lang='lat' dir='ltr'><strong>cap.</strong></span> <span class='ocrx_word' id='word_1_321' title='bbox 1655 2094 1709 2145; x_wconf 89' lang='grc'><strong>2.</strong></span> <span class='ocrx_word' id='word_1_322' title='bbox 1753 2093 1804 2155; x_wconf 94' lang='grc'><strong>5.</strong></span> <span class='ocrx_word' id='word_1_323' title='bbox 1839 2093 1891 2143; x_wconf 81' lang='grc'><strong>5.</strong></span> <span class='ocrx_word' id='word_1_324' title='bbox 1932 2091 2101 2155; x_wconf 87' lang='lat' dir='ltr'><strong>recepi</strong></span> <span class='ocrx_word' id='word_1_325' title='bbox 2136 2105 2272 2141; x_wconf 90' lang='lat' dir='ltr'><strong>nunc</strong></span> 
     </span>
     <span class='ocr_line' id='line_1_29' title="bbox 179 2160 2274 2226; baseline -0.002 -14"><span class='ocrx_word' id='word_1_326' title='bbox 179 2160 437 2212; x_wconf 81' lang='lat' dir='ltr'><strong>Garatonii</strong></span> <span class='ocrx_word' id='word_1_327' title='bbox 458 2162 886 2226; x_wconf 81' lang='lat' dir='ltr'><strong>elegantissimam</strong></span> <span class='ocrx_word' id='word_1_328' title='bbox 911 2177 971 2211; x_wconf 86' lang='lat' dir='ltr'><strong>ac</strong></span> <span class='ocrx_word' id='word_1_329' title='bbox 988 2162 1304 2213; x_wconf 85' lang='lat' dir='ltr'><strong>verissimam</strong></span> <span class='ocrx_word' id='word_1_330' title='bbox 1332 2163 1687 2221; x_wconf 78' lang='lat' dir='ltr'><strong>coniecturam,</strong></span> <span class='ocrx_word' id='word_1_331' title='bbox 1715 2161 2092 2226; x_wconf 88' lang='lat' dir='ltr'><strong>comprobatam</strong></span> <span class='ocrx_word' id='word_1_332' title='bbox 2116 2160 2274 2208; x_wconf 86' lang='lat' dir='ltr'><strong>etiam</strong></span> 
     </span>
     <span class='ocr_line' id='line_1_30' title="bbox 176 2228 2275 2296; baseline -0.001 -16"><span class='ocrx_word' id='word_1_333' title='bbox 176 2230 450 2295; x_wconf 76' lang='lat' dir='ltr'><strong>MadvigiO,</strong></span> <span class='ocrx_word' id='word_1_334' title='bbox 480 2230 676 2295; x_wconf 72' lang='lat' dir='ltr'><strong>diqnum</strong></span> <span class='ocrx_word' id='word_1_335' title='bbox 696 2231 976 2295; x_wconf 84' lang='lat' dir='ltr'><strong>republica</strong></span> <span class='ocrx_word' id='word_1_336' title='bbox 1002 2246 1095 2295; x_wconf 87' lang='lat' dir='ltr'><strong>pro</strong></span> <span class='ocrx_word' id='word_1_337' title='bbox 1120 2231 1328 2296; x_wconf 88' lang='lat' dir='ltr'><strong>vulgato</strong></span> <span class='ocrx_word' id='word_1_338' title='bbox 1353 2230 1548 2296; x_wconf 63' lang='lat' dir='ltr'><strong>dignum</strong></span> <span class='ocrx_word' id='word_1_339' title='bbox 1572 2232 1668 2280; x_wconf 86' lang='lat' dir='ltr'><strong>rei.</strong></span> <span class='ocrx_word' id='word_1_340' title='bbox 1708 2228 1880 2280; x_wconf 88' lang='lat' dir='ltr'><strong>Ortum</strong></span> <span class='ocrx_word' id='word_1_341' title='bbox 1898 2228 2136 2279; x_wconf 88' lang='lat' dir='ltr'><strong>mendum</strong></span> <span class='ocrx_word' id='word_1_342' title='bbox 2159 2242 2275 2279; x_wconf 83' lang='lat' dir='ltr'><strong>esse</strong></span> 
     </span>
     <span class='ocr_line' id='line_1_31' title="bbox 178 2295 2269 2365; baseline 0 -17"><span class='ocrx_word' id='word_1_343' title='bbox 178 2316 204 2348; x_wconf 88' lang='lat' dir='ltr'><strong>c</strong></span> <span class='ocrx_word' id='word_1_344' title='bbox 230 2300 483 2364; x_wconf 84' lang='lat' dir='ltr'><strong>scriptura</strong></span> <span class='ocrx_word' id='word_1_345' title='bbox 508 2315 620 2363; x_wconf 83' lang='lat' dir='ltr'><strong>rep.</strong></span> <span class='ocrx_word' id='word_1_346' title='bbox 664 2308 893 2365; x_wconf 84' lang='lat' dir='ltr'><strong>apparet.</strong></span> <span class='ocrx_word' id='word_1_347' title='bbox 945 2300 1136 2350; x_wconf 86' lang='lat' dir='ltr'><strong>Eodem</strong></span> <span class='ocrx_word' id='word_1_348' title='bbox 1171 2300 1324 2350; x_wconf 84' lang='lat' dir='ltr'><strong>modo</strong></span> <span class='ocrx_word' id='word_1_349' title='bbox 1357 2300 1408 2347; x_wconf 87' lang='lat' dir='ltr'><strong>iu</strong></span> <span class='ocrx_word' id='word_1_350' title='bbox 1434 2314 1515 2362; x_wconf 92' lang='lat' dir='ltr'><strong>ep.</strong></span> <span class='ocrx_word' id='word_1_351' title='bbox 1543 2299 1616 2348; x_wconf 86' lang='lat' dir='ltr'><strong>ad</strong></span> <span class='ocrx_word' id='word_1_352' title='bbox 1634 2300 1757 2363; x_wconf 82' lang='lat' dir='ltr'><strong>sam.</strong></span> <span class='ocrx_word' id='word_1_353' title='bbox 1784 2298 1871 2349; x_wconf 91' lang='lat' dir='ltr'><strong>lib.</strong></span> <span class='ocrx_word' id='word_1_354' title='bbox 1895 2299 1938 2349; x_wconf 92' lang='grc' dir='ltr'><strong>Ι.</strong></span> <span class='ocrx_word' id='word_1_355' title='bbox 1969 2312 2051 2362; x_wconf 88' lang='lat' dir='ltr'><strong>ep.</strong></span> <span class='ocrx_word' id='word_1_356' title='bbox 2070 2297 2117 2348; x_wconf 91' lang='lat'><strong>1.</strong></span> <span class='ocrx_word' id='word_1_357' title='bbox 2148 2298 2197 2360; x_wconf 89' lang='grc'><strong>5.</strong></span> <span class='ocrx_word' id='word_1_358' title='bbox 2217 2295 2269 2348; x_wconf 89' lang='grc'><strong>3.</strong></span> 
     </span>
     <span class='ocr_line' id='line_1_32' title="bbox 180 2365 2276 2435; baseline -0 -19"><span class='ocrx_word' id='word_1_359' title='bbox 180 2368 230 2416; x_wconf 71' lang='lat' dir='ltr'><strong>in</strong></span> <span class='ocrx_word' id='word_1_360' title='bbox 262 2367 391 2418; x_wconf 88' lang='lat' dir='ltr'><strong>libro</strong></span> <span class='ocrx_word' id='word_1_361' title='bbox 428 2365 658 2419; x_wconf 86' lang='lat' dir='ltr'><strong>Mediceo</strong></span> <span class='ocrx_word' id='word_1_362' title='bbox 691 2369 875 2435; x_wconf 87' lang='lat' dir='ltr'><strong>legitur</strong></span> <span class='ocrx_word' id='word_1_363' title='bbox 909 2385 1012 2420; x_wconf 86' lang='lat' dir='ltr'><strong>rem</strong></span> <span class='ocrx_word' id='word_1_364' title='bbox 1045 2384 1137 2435; x_wconf 88' lang='lat' dir='ltr'><strong>pro</strong></span> <span class='ocrx_word' id='word_1_365' title='bbox 1172 2371 1304 2432; x_wconf 89' lang='lat' dir='ltr'><strong>reip.</strong></span> <span class='ocrx_word' id='word_1_366' title='bbox 1355 2369 1544 2418; x_wconf 85' lang='lat' dir='ltr'><strong>Eadem</strong></span> <span class='ocrx_word' id='word_1_367' title='bbox 1566 2369 1617 2429; x_wconf 88' lang='grc'><strong>5.</strong></span> <span class='ocrx_word' id='word_1_368' title='bbox 1646 2377 1870 2418; x_wconf 85' lang='lat' dir='ltr'><strong>extrema</strong></span> <span class='ocrx_word' id='word_1_369' title='bbox 1894 2373 2097 2417; x_wconf 85' lang='lat' dir='ltr'><strong>auctore</strong></span> <span class='ocrx_word' id='word_1_370' title='bbox 2127 2365 2276 2416; x_wconf 82' lang='lat' dir='ltr'><strong>Mad-</strong></span> 
     </span>
     <span class='ocr_line' id='line_1_33' title="bbox 181 2435 2276 2504; baseline 0 -20"><span class='ocrx_word' id='word_1_371' title='bbox 181 2437 322 2501; x_wconf 84' lang='lat' dir='ltr'><strong>vigio</strong></span> <span class='ocrx_word' id='word_1_372' title='bbox 347 2437 557 2501; x_wconf 87' lang='lat' dir='ltr'><strong>scripsi:</strong></span> <span class='ocrx_word' id='word_1_373' title='bbox 600 2436 918 2504; x_wconf 66' lang='lat' dir='ltr'><strong>Karthagine</strong></span> <span class='ocrx_word' id='word_1_374' title='bbox 948 2455 1059 2489; x_wconf 81' lang='lat' dir='ltr'><strong>esse</strong></span> <span class='ocrx_word' id='word_1_375' title='bbox 1084 2439 1353 2497; x_wconf 74' lang='lat' dir='ltr'><strong>obsesetan.</strong></span> <span class='ocrx_word' id='word_1_376' title='bbox 1382 2452 1478 2503; x_wconf 90' lang='lat' dir='ltr'><strong>pro</strong></span> <span class='ocrx_word' id='word_1_377' title='bbox 1513 2438 1745 2501; x_wconf 82' lang='lat' dir='ltr'><strong>vulgato:</strong></span> <span class='ocrx_word' id='word_1_378' title='bbox 1783 2435 2146 2500; x_wconf 68' lang='lat' dir='ltr'><strong>Karchaqinem</strong></span> <span class='ocrx_word' id='word_1_379' title='bbox 2172 2438 2276 2485; x_wconf 74' lang='lat' dir='ltr'><strong>isse</strong></span> 
     </span>
    </p>
   </div>
   <div class='ocr_carea' id='block_1_9' title="bbox 172 2505 2276 2573">
    <p class='ocr_par' dir='ltr' id='par_1_10' title="bbox 172 2505 2276 2573">
     <span class='ocr_line' id='line_1_34' title="bbox 172 2505 2276 2573; baseline -0.001 -18"><span class='ocrx_word' id='word_1_380' title='bbox 172 2520 476 2568; x_wconf 77' lang='lat' dir='ltr'><strong>possessum.</strong></span> <span class='ocrx_word' id='word_1_381' title='bbox 516 2507 569 2569; x_wconf 92' lang='grc'><strong>5.</strong></span> <span class='ocrx_word' id='word_1_382' title='bbox 602 2506 654 2560; x_wconf 92' lang='grc'><strong>6.</strong></span> <span class='ocrx_word' id='word_1_383' title='bbox 693 2518 830 2558; x_wconf 91' lang='lat' dir='ltr'><strong>recte</strong></span> <span class='ocrx_word' id='word_1_384' title='bbox 869 2508 1079 2558; x_wconf 81' lang='lat' dir='ltr'><strong>offendit</strong></span> <span class='ocrx_word' id='word_1_385' title='bbox 1109 2507 1400 2573; x_wconf 80' lang='lat' dir='ltr'><strong>Madvigius</strong></span> <span class='ocrx_word' id='word_1_386' title='bbox 1429 2507 1480 2556; x_wconf 91' lang='lat' dir='ltr'><strong>in</strong></span> <span class='ocrx_word' id='word_1_387' title='bbox 1520 2507 1717 2556; x_wconf 84' lang='lat' dir='ltr'><strong>verbis:</strong></span> <span class='ocrx_word' id='word_1_388' title='bbox 1754 2506 1900 2557; x_wconf 86' lang='lat' dir='ltr'><strong>Haec</strong></span> <span class='ocrx_word' id='word_1_389' title='bbox 1927 2511 2048 2554; x_wconf 74' lang='lat' dir='ltr'><strong>eunt</strong></span> <span class='ocrx_word' id='word_1_390' title='bbox 2073 2505 2276 2567; x_wconf 87' lang='lat' dir='ltr'><strong>proelia</strong></span> 
     </span>
    </p>
   </div>
   <div class='ocr_carea' id='block_1_10' title="bbox 178 2572 2279 2848">
    <p class='ocr_par' dir='ltr' id='par_1_11' title="bbox 178 2572 2279 2848">
     <span class='ocr_line' id='line_1_35' title="bbox 182 2572 2273 2640; baseline -0.001 -17"><span class='ocrx_word' id='word_1_391' title='bbox 182 2574 406 2625; x_wconf 84' lang='lat' dir='ltr'><strong>Cornelii</strong></span> <span class='ocrx_word' id='word_1_392' title='bbox 415 2592 434 2625; x_wconf 93' lang='lat'><strong>.·</strong></span> <span class='ocrx_word' id='word_1_393' title='bbox 470 2578 589 2627; x_wconf 75' lang='lat' dir='ltr'><strong>talis</strong></span> <span class='ocrx_word' id='word_1_394' title='bbox 624 2578 675 2626; x_wconf 84' lang='lat' dir='ltr'><strong>in</strong></span> <span class='ocrx_word' id='word_1_395' title='bbox 720 2594 823 2628; x_wconf 86' lang='lat' dir='ltr'><strong>rem</strong></span> <span class='ocrx_word' id='word_1_396' title='bbox 852 2577 1098 2640; x_wconf 80' lang='lat' dir='ltr'><strong>publicam</strong></span> <span class='ocrx_word' id='word_1_397' title='bbox 1131 2586 1355 2627; x_wconf 78' lang='lat' dir='ltr'><strong>nostram</strong></span> <span class='ocrx_word' id='word_1_398' title='bbox 1388 2575 1535 2626; x_wconf 88' lang='lat' dir='ltr'><strong>labor</strong></span> <span class='ocrx_word' id='word_1_399' title='bbox 1566 2584 1661 2626; x_wconf 76' lang='lat' dir='ltr'><strong>etc.</strong></span> <span class='ocrx_word' id='word_1_400' title='bbox 1697 2576 1751 2624; x_wconf 90' lang='lat' dir='ltr'><strong>in</strong></span> <span class='ocrx_word' id='word_1_401' title='bbox 1782 2572 2029 2624; x_wconf 85' lang='lat' dir='ltr'><strong>vocabulo</strong></span> <span class='ocrx_word' id='word_1_402' title='bbox 2052 2573 2273 2637; x_wconf 88' lang='lat' dir='ltr'><strong>proelia,</strong></span> 
     </span>
     <span class='ocr_line' id='line_1_36' title="bbox 181 2643 2273 2711; baseline -0.001 -19"><span class='ocrx_word' id='word_1_403' title='bbox 181 2644 319 2706; x_wconf 87' lang='lat' dir='ltr'><strong>quod</strong></span> <span class='ocrx_word' id='word_1_404' title='bbox 340 2643 556 2711; x_wconf 84' lang='lat' dir='ltr'><strong>intelligi</strong></span> <span class='ocrx_word' id='word_1_405' title='bbox 592 2645 747 2711; x_wconf 89' lang='lat' dir='ltr'><strong>plane</strong></span> <span class='ocrx_word' id='word_1_406' title='bbox 782 2662 882 2696; x_wconf 88' lang='lat' dir='ltr'><strong>nou</strong></span> <span class='ocrx_word' id='word_1_407' title='bbox 920 2652 1104 2710; x_wconf 86' lang='lat' dir='ltr'><strong>potest,</strong></span> <span class='ocrx_word' id='word_1_408' title='bbox 1128 2646 1220 2696; x_wconf 84' lang='lat' dir='ltr'><strong>sed</strong></span> <span class='ocrx_word' id='word_1_409' title='bbox 1243 2660 1344 2696; x_wconf 91' lang='lat' dir='ltr'><strong>non</strong></span> <span class='ocrx_word' id='word_1_410' title='bbox 1367 2645 1627 2696; x_wconf 87' lang='lat' dir='ltr'><strong>adsentior</strong></span> <span class='ocrx_word' id='word_1_411' title='bbox 1650 2645 1759 2694; x_wconf 89' lang='lat' dir='ltr'><strong>viro</strong></span> <span class='ocrx_word' id='word_1_412' title='bbox 1783 2643 2080 2693; x_wconf 86' lang='lat' dir='ltr'><strong>doctissimo</strong></span> <span class='ocrx_word' id='word_1_413' title='bbox 2114 2643 2166 2691; x_wconf 89' lang='lat' dir='ltr'><strong>in</strong></span> <span class='ocrx_word' id='word_1_414' title='bbox 2193 2656 2273 2701; x_wconf 93' lang='lat' dir='ltr'><strong>eo,</strong></span> 
     </span>
     <span class='ocr_line' id='line_1_37' title="bbox 183 2709 2278 2779; baseline -0.001 -18"><span class='ocrx_word' id='word_1_415' title='bbox 183 2712 321 2775; x_wconf 87' lang='lat' dir='ltr'><strong>quod</strong></span> <span class='ocrx_word' id='word_1_416' title='bbox 341 2714 545 2763; x_wconf 88' lang='lat' dir='ltr'><strong>verbum</strong></span> <span class='ocrx_word' id='word_1_417' title='bbox 557 2718 765 2779; x_wconf 80' lang='lat' dir='ltr'><strong>proelia</strong></span> <span class='ocrx_word' id='word_1_418' title='bbox 787 2715 991 2765; x_wconf 89' lang='lat' dir='ltr'><strong>omnino</strong></span> <span class='ocrx_word' id='word_1_419' title='bbox 1013 2715 1344 2765; x_wconf 88' lang='lat' dir='ltr'><strong>omittendum</strong></span> <span class='ocrx_word' id='word_1_420' title='bbox 1362 2715 1575 2764; x_wconf 90' lang='lat' dir='ltr'><strong>censuit.</strong></span> <span class='ocrx_word' id='word_1_421' title='bbox 1594 2711 1721 2762; x_wconf 88' lang='lat' dir='ltr'><strong>Nam</strong></span> <span class='ocrx_word' id='word_1_422' title='bbox 1743 2713 1858 2776; x_wconf 88' lang='lat' dir='ltr'><strong>quis</strong></span> <span class='ocrx_word' id='word_1_423' title='bbox 1877 2712 1939 2761; x_wconf 91' lang='lat' dir='ltr'><strong>de</strong></span> <span class='ocrx_word' id='word_1_424' title='bbox 1966 2709 2278 2776; x_wconf 86' lang='lat' dir='ltr'><strong>glossemate</strong></span> 
     </span>
     <span class='ocr_line' id='line_1_38' title="bbox 178 2779 2279 2848; baseline -0 -18"><span class='ocrx_word' id='word_1_425' title='bbox 178 2780 276 2831; x_wconf 88' lang='lat' dir='ltr'><strong>hoc</strong></span> <span class='ocrx_word' id='word_1_426' title='bbox 309 2783 519 2832; x_wconf 87' lang='lat' dir='ltr'><strong>verbum</strong></span> <span class='ocrx_word' id='word_1_427' title='bbox 547 2783 832 2835; x_wconf 78' lang='lat' dir='ltr'><strong>intulisset?</strong></span> <span class='ocrx_word' id='word_1_428' title='bbox 867 2783 987 2834; x_wconf 87' lang='lat' dir='ltr'><strong>Siue</strong></span> <span class='ocrx_word' id='word_1_429' title='bbox 1024 2784 1177 2834; x_wconf 91' lang='lat' dir='ltr'><strong>dubio</strong></span> <span class='ocrx_word' id='word_1_430' title='bbox 1207 2780 1713 2848; x_wconf 85' lang='lat' dir='ltr'><strong>scripserat&#39;Cicero:</strong></span> <span class='ocrx_word' id='word_1_431' title='bbox 1752 2782 1899 2831; x_wconf 84' lang='lat' dir='ltr'><strong>Haec</strong></span> <span class='ocrx_word' id='word_1_432' title='bbox 1921 2788 2038 2831; x_wconf 75' lang='lat' dir='ltr'><strong>eunt</strong></span> <span class='ocrx_word' id='word_1_433' title='bbox 2057 2779 2279 2843; x_wconf 81' lang='lat' dir='ltr'><strong>propria</strong></span> 
     </span>
    </p>
   </div>
   <div class='ocr_carea' id='block_1_11' title="bbox 109 2848 2277 2918">
    <p class='ocr_par' dir='ltr' id='par_1_12' title="bbox 109 2848 2277 2918">
     <span class='ocr_line' id='line_1_39' title="bbox 109 2848 2277 2918; baseline 0 -22"><span class='ocrx_word' id='word_1_434' title='bbox 109 2857 120 2896; x_wconf 63' lang='lat'><em>2</em></span> <span class='ocrx_word' id='word_1_435' title='bbox 180 2849 429 2901; x_wconf 81' lang='lat' dir='ltr'><strong>Cornelii:</strong></span> <span class='ocrx_word' id='word_1_436' title='bbox 461 2853 580 2902; x_wconf 77' lang='lat' dir='ltr'><strong>talis</strong></span> <span class='ocrx_word' id='word_1_437' title='bbox 612 2856 662 2904; x_wconf 83' lang='lat' dir='ltr'><strong>in</strong></span> <span class='ocrx_word' id='word_1_438' title='bbox 693 2869 797 2903; x_wconf 87' lang='lat' dir='ltr'><strong>rem</strong></span> <span class='ocrx_word' id='word_1_439' title='bbox 828 2853 1077 2918; x_wconf 83' lang='lat' dir='ltr'><strong>publicam</strong></span> <span class='ocrx_word' id='word_1_440' title='bbox 1110 2860 1331 2903; x_wconf 75' lang='lat' dir='ltr'><strong>nostram</strong></span> <span class='ocrx_word' id='word_1_441' title='bbox 1364 2852 1511 2903; x_wconf 88' lang='lat' dir='ltr'><strong>labor</strong></span> <span class='ocrx_word' id='word_1_442' title='bbox 1545 2858 1638 2902; x_wconf 79' lang='lat' dir='ltr'><strong>etc.</strong></span> <span class='ocrx_word' id='word_1_443' title='bbox 1674 2851 1733 2901; x_wconf 87' lang='lat' dir='ltr'><strong>Id</strong></span> <span class='ocrx_word' id='word_1_444' title='bbox 1761 2851 1889 2900; x_wconf 87' lang='lat' dir='ltr'><strong>adeo</strong></span> <span class='ocrx_word' id='word_1_445' title='bbox 1919 2850 2077 2900; x_wconf 89' lang='lat' dir='ltr'><strong>miror</strong></span> <span class='ocrx_word' id='word_1_446' title='bbox 2108 2848 2277 2897; x_wconf 89' lang='lat' dir='ltr'><strong>homi-</strong></span> 
     </span>
    </p>
   </div>
   <div class='ocr_carea' id='block_1_12' title="bbox 115 2921 2276 2987">
    <p class='ocr_par' dir='ltr' id='par_1_13' title="bbox 115 2921 2276 2987">
     <span class='ocr_line' id='line_1_40' title="bbox 115 2921 2276 2987; baseline -0 -20"><span class='ocrx_word' id='word_1_447' title='bbox 115 2930 121 2949; x_wconf 80' lang='lat'><strong>⁴</strong></span> <span class='ocrx_word' id='word_1_448' title='bbox 178 2933 294 2968; x_wconf 89' lang='lat' dir='ltr'><strong>nem</strong></span> <span class='ocrx_word' id='word_1_449' title='bbox 331 2922 680 2972; x_wconf 88' lang='lat' dir='ltr'><strong>acutissimum</strong></span> <span class='ocrx_word' id='word_1_450' title='bbox 715 2937 815 2972; x_wconf 88' lang='lat' dir='ltr'><strong>non</strong></span> <span class='ocrx_word' id='word_1_451' title='bbox 852 2923 1019 2987; x_wconf 89' lang='lat' dir='ltr'><strong>ipsum</strong></span> <span class='ocrx_word' id='word_1_452' title='bbox 1050 2921 1272 2983; x_wconf 88' lang='lat' dir='ltr'><strong>vidisse,</strong></span> <span class='ocrx_word' id='word_1_453' title='bbox 1308 2922 1604 2986; x_wconf 83' lang='lat' dir='ltr'><strong>praesertim</strong></span> <span class='ocrx_word' id='word_1_454' title='bbox 1642 2934 1797 2983; x_wconf 88' lang='lat' dir='ltr'><strong>quum</strong></span> <span class='ocrx_word' id='word_1_455' title='bbox 1836 2926 1974 2969; x_wconf 91' lang='lat' dir='ltr'><strong>recte</strong></span> <span class='ocrx_word' id='word_1_456' title='bbox 2009 2931 2276 2982; x_wconf 86' lang='lat' dir='ltr'><strong>compara-</strong></span> 
     </span>
    </p>
   </div>
   <div class='ocr_carea' id='block_1_13' title="bbox 115 2995 125 3100">
    <p class='ocr_par' dir='ltr' id='par_1_14' title="bbox 115 2995 125 3100">
     <span class='ocr_line' id='line_1_41' title="bbox 115 2995 123 3016; baseline 0 0"><span class='ocrx_word' id='word_1_457' title='bbox 115 2995 123 3016; x_wconf 61' lang='grc' dir='ltr'>ι</span> 
     </span>
     <span class='ocr_line' id='line_1_42' title="bbox 115 3057 125 3100; baseline 0 0"><span class='ocrx_word' id='word_1_458' title='bbox 115 3057 125 3100; x_wconf 79' lang='lat' dir='ltr'><strong>l</strong></span> 
     </span>
    </p>
   </div>
   <div class='ocr_carea' id='block_1_14' title="bbox 175 2988 2278 3125">
    <p class='ocr_par' dir='ltr' id='par_1_15' title="bbox 175 2988 2278 3125">
     <span class='ocr_line' id='line_1_43' title="bbox 177 2988 2277 3056; baseline 0 -20"><span class='ocrx_word' id='word_1_459' title='bbox 177 2989 367 3048; x_wconf 85' lang='lat' dir='ltr'><strong>visset,</strong></span> <span class='ocrx_word' id='word_1_460' title='bbox 423 2990 556 3052; x_wconf 91' lang='lat' dir='ltr'><strong>quod</strong></span> <span class='ocrx_word' id='word_1_461' title='bbox 605 2991 738 3041; x_wconf 74' lang='lat' dir='ltr'><strong>iufra</strong></span> <span class='ocrx_word' id='word_1_462' title='bbox 776 2990 986 3056; x_wconf 87' lang='lat' dir='ltr'><strong>legitur:</strong></span> <span class='ocrx_word' id='word_1_463' title='bbox 1034 2991 1183 3040; x_wconf 83' lang='lat' dir='ltr'><strong>Haec</strong></span> <span class='ocrx_word' id='word_1_464' title='bbox 1222 2998 1338 3041; x_wconf 72' lang='lat' dir='ltr'><strong>sunt</strong></span> <span class='ocrx_word' id='word_1_465' title='bbox 1379 2993 1542 3042; x_wconf 66' lang='lat' dir='ltr'><strong>cannia</strong></span> <span class='ocrx_word' id='word_1_466' title='bbox 1592 3006 1735 3056; x_wconf 86' lang='lat' dir='ltr'><strong>quum</strong></span> <span class='ocrx_word' id='word_1_467' title='bbox 1760 2990 1921 3053; x_wconf 82' lang='lat' dir='ltr'><strong>plena</strong></span> <span class='ocrx_word' id='word_1_468' title='bbox 1965 2988 2133 3038; x_wconf 73' lang='lat' dir='ltr'><strong>laudis</strong></span> <span class='ocrx_word' id='word_1_469' title='bbox 2176 2993 2277 3036; x_wconf 73' lang='lat' dir='ltr'><strong>twa</strong></span> 
     </span>
     <span class='ocr_line' id='line_1_44' title="bbox 175 3057 2278 3125; baseline -0.001 -18"><span class='ocrx_word' id='word_1_470' title='bbox 175 3058 393 3119; x_wconf 83' lang='lat' dir='ltr'><strong>propria</strong></span> <span class='ocrx_word' id='word_1_471' title='bbox 442 3057 676 3111; x_wconf 78' lang='lat' dir='ltr'><strong>Cornelii.</strong></span> <span class='ocrx_word' id='word_1_472' title='bbox 755 3060 877 3123; x_wconf 88' lang='lat' dir='ltr'><strong>Cap.</strong></span> <span class='ocrx_word' id='word_1_473' title='bbox 922 3060 970 3112; x_wconf 90' lang='grc'><strong>3.</strong></span> <span class='ocrx_word' id='word_1_474' title='bbox 1015 3060 1065 3123; x_wconf 91' lang='grc'><strong>5.</strong></span> <span class='ocrx_word' id='word_1_475' title='bbox 1109 3060 1285 3110; x_wconf 63' lang='lat' dir='ltr'><strong>eadem</strong></span> <span class='ocrx_word' id='word_1_476' title='bbox 1333 3062 1508 3125; x_wconf 88' lang='lat' dir='ltr'><strong>accepi</strong></span> <span class='ocrx_word' id='word_1_477' title='bbox 1552 3074 1582 3108; x_wconf 87' lang='lat' dir='ltr'><strong>a</strong></span> <span class='ocrx_word' id='word_1_478' title='bbox 1616 3058 1873 3123; x_wconf 86' lang='lat' dir='ltr'><strong>Madvigio</strong></span> <span class='ocrx_word' id='word_1_479' title='bbox 1919 3057 2150 3108; x_wconf 75' lang='lat' dir='ltr'><strong>Donatus</strong></span> <span class='ocrx_word' id='word_1_480' title='bbox 2198 3062 2278 3105; x_wconf 78' lang='lat' dir='ltr'><strong>est</strong></span> 
     </span>
    </p>
   </div>
   <div class='ocr_carea' id='block_1_15' title="bbox 112 3122 2278 3470">
    <p class='ocr_par' dir='ltr' id='par_1_16' title="bbox 112 3122 2278 3470">
     <span class='ocr_line' id='line_1_45' title="bbox 115 3122 2274 3195; baseline -0.001 -19"><span class='ocrx_word' id='word_1_481' title='bbox 115 3128 125 3148; x_wconf 74' lang='lat'><strong>¹</strong></span> <span class='ocrx_word' id='word_1_482' title='bbox 178 3126 336 3190; x_wconf 73' lang='lat' dir='ltr'><strong>iqitur</strong></span> <span class='ocrx_word' id='word_1_483' title='bbox 371 3142 465 3192; x_wconf 90' lang='lat' dir='ltr'><strong>pro</strong></span> <span class='ocrx_word' id='word_1_484' title='bbox 506 3128 741 3195; x_wconf 85' lang='lat' dir='ltr'><strong>vulgato:</strong></span> <span class='ocrx_word' id='word_1_485' title='bbox 791 3130 1023 3180; x_wconf 73' lang='lat' dir='ltr'><strong>Donatus</strong></span> <span class='ocrx_word' id='word_1_486' title='bbox 1065 3129 1220 3194; x_wconf 71' lang='lat' dir='ltr'><strong>iyitur</strong></span> <span class='ocrx_word' id='word_1_487' title='bbox 1262 3137 1356 3183; x_wconf 81' lang='lat' dir='ltr'><strong>est.</strong></span> <span class='ocrx_word' id='word_1_488' title='bbox 1428 3127 1530 3179; x_wconf 87' lang='lat' dir='ltr'><strong>Sed</strong></span> <span class='ocrx_word' id='word_1_489' title='bbox 1567 3143 1697 3192; x_wconf 83' lang='lat' dir='ltr'><strong>quac</strong></span> <span class='ocrx_word' id='word_1_490' title='bbox 1733 3126 1971 3191; x_wconf 86' lang='lat' dir='ltr'><strong>deinceps</strong></span> <span class='ocrx_word' id='word_1_491' title='bbox 2005 3126 2161 3176; x_wconf 84' lang='lat' dir='ltr'><strong>verba</strong></span> <span class='ocrx_word' id='word_1_492' title='bbox 2198 3122 2274 3174; x_wconf 89' lang='lat' dir='ltr'><strong>lc-</strong></span> 
     </span>
     <span class='ocr_line' id='line_1_46' title="bbox 114 3195 2275 3264; baseline 0.001 -24"><span class='ocrx_word' id='word_1_493' title='bbox 114 3196 127 3228; x_wconf 91' lang='lat'>¹</span> <span class='ocrx_word' id='word_1_494' title='bbox 178 3202 366 3259; x_wconf 84' lang='lat' dir='ltr'><strong>guntur</strong></span> <span class='ocrx_word' id='word_1_495' title='bbox 414 3206 649 3263; x_wconf 88' lang='lat' dir='ltr'><strong>corrupta</strong></span> <span class='ocrx_word' id='word_1_496' title='bbox 696 3199 808 3264; x_wconf 89' lang='lat' dir='ltr'><strong>ipse</strong></span> <span class='ocrx_word' id='word_1_497' title='bbox 855 3214 1056 3262; x_wconf 89' lang='lat' dir='ltr'><strong>quoque</strong></span> <span class='ocrx_word' id='word_1_498' title='bbox 1100 3198 1291 3249; x_wconf 85' lang='lat' dir='ltr'><strong>intacta</strong></span> <span class='ocrx_word' id='word_1_499' title='bbox 1325 3199 1611 3262; x_wconf 89' lang='lat' dir='ltr'><strong>relinquere</strong></span> <span class='ocrx_word' id='word_1_500' title='bbox 1652 3211 1801 3260; x_wconf 89' lang='lat' dir='ltr'><strong>quam</strong></span> <span class='ocrx_word' id='word_1_501' title='bbox 1843 3195 1973 3246; x_wconf 83' lang='lat' dir='ltr'><strong>falso</strong></span> <span class='ocrx_word' id='word_1_502' title='bbox 2016 3195 2275 3259; x_wconf 78' lang='lat' dir='ltr'><strong>corrigere</strong></span> 
     </span>
     <span class='ocr_line' id='line_1_47' title="bbox 113 3259 2274 3330; baseline 0 -19"><span class='ocrx_word' id='word_1_503' title='bbox 113 3259 131 3298; x_wconf 83' lang='lat' dir='ltr'><strong>t</strong></span> <span class='ocrx_word' id='word_1_504' title='bbox 181 3262 354 3314; x_wconf 88' lang='lat' dir='ltr'><strong>malui.</strong></span> <span class='ocrx_word' id='word_1_505' title='bbox 430 3263 559 3314; x_wconf 90' lang='lat' dir='ltr'><strong>Dein</strong></span> <span class='ocrx_word' id='word_1_506' title='bbox 593 3269 643 3329; x_wconf 89' lang='grc'><strong>5.</strong></span> <span class='ocrx_word' id='word_1_507' title='bbox 683 3271 733 3319; x_wconf 89' lang='lat'><strong>7.</strong></span> <span class='ocrx_word' id='word_1_508' title='bbox 777 3269 929 3317; x_wconf 86' lang='lat' dir='ltr'><strong>verba</strong></span> <span class='ocrx_word' id='word_1_509' title='bbox 963 3267 1118 3317; x_wconf 86' lang='lat' dir='ltr'><strong>haec:</strong></span> <span class='ocrx_word' id='word_1_510' title='bbox 1166 3267 1264 3329; x_wconf 85' lang='lat' dir='ltr'><strong>Qui</strong></span> <span class='ocrx_word' id='word_1_511' title='bbox 1297 3269 1346 3318; x_wconf 79' lang='lat' dir='ltr'><strong>si</strong></span> <span class='ocrx_word' id='word_1_512' title='bbox 1378 3269 1624 3318; x_wconf 80' lang='lat' dir='ltr'><strong>adductus</strong></span> <span class='ocrx_word' id='word_1_513' title='bbox 1654 3268 1831 3330; x_wconf 66' lang='lat' dir='ltr'><strong>qratia</strong></span> <span class='ocrx_word' id='word_1_514' title='bbox 1859 3267 2018 3316; x_wconf 77' lang='lat' dir='ltr'><strong>minus</strong></span> <span class='ocrx_word' id='word_1_515' title='bbox 2048 3264 2274 3314; x_wconf 63' lang='lat' dir='ltr'><strong>idoneam:</strong></span> 
     </span>
     <span class='ocr_line' id='line_1_48' title="bbox 115 3321 2273 3400; baseline 0 -20"><span class='ocrx_word' id='word_1_516' title='bbox 115 3321 131 3370; x_wconf 80' lang='grc'><strong>(</strong></span> <span class='ocrx_word' id='word_1_517' title='bbox 176 3330 411 3382; x_wconf 71' lang='lat' dir='ltr'><strong>hominem</strong></span> <span class='ocrx_word' id='word_1_518' title='bbox 450 3340 676 3396; x_wconf 85' lang='lat' dir='ltr'><strong>praemio</strong></span> <span class='ocrx_word' id='word_1_519' title='bbox 716 3338 994 3399; x_wconf 74' lang='lat' dir='ltr'><strong>adfecisset</strong></span> <span class='ocrx_word' id='word_1_520' title='bbox 1009 3372 1023 3395; x_wconf 92' lang='lat'><strong>,</strong></span> <span class='ocrx_word' id='word_1_521' title='bbox 1072 3338 1188 3400; x_wconf 82' lang='lat' dir='ltr'><strong>quin</strong></span> <span class='ocrx_word' id='word_1_522' title='bbox 1236 3340 1382 3387; x_wconf 77' lang='lat' dir='ltr'><strong>ea&#39;am</strong></span> <span class='ocrx_word' id='word_1_523' title='bbox 1425 3339 1474 3386; x_wconf 78' lang='lat' dir='ltr'><strong>si</strong></span> <span class='ocrx_word' id='word_1_524' title='bbox 1505 3338 1659 3387; x_wconf 84' lang='lat' dir='ltr'><strong>virum</strong></span> <span class='ocrx_word' id='word_1_525' title='bbox 1694 3336 1891 3399; x_wconf 75' lang='lat' dir='ltr'><strong>boumn,</strong></span> <span class='ocrx_word' id='word_1_526' title='bbox 1939 3333 2037 3383; x_wconf 82' lang='lat' dir='ltr'><strong>sed</strong></span> <span class='ocrx_word' id='word_1_527' title='bbox 2065 3347 2163 3381; x_wconf 82' lang='lat' dir='ltr'><strong>aon</strong></span> <span class='ocrx_word' id='word_1_528' title='bbox 2195 3332 2273 3381; x_wconf 79' lang='lat' dir='ltr'><strong>ita</strong></span> 
     </span>
     <span class='ocr_line' id='line_1_49' title="bbox 112 3398 2278 3470; baseline 0.001 -23"><span class='ocrx_word' id='word_1_529' title='bbox 112 3401 132 3434; x_wconf 64' lang='grc' dir='ltr'>Ε</span> <span class='ocrx_word' id='word_1_530' title='bbox 176 3402 431 3451; x_wconf 80' lang='lat' dir='ltr'><strong>meritum:</strong></span> <span class='ocrx_word' id='word_1_531' title='bbox 466 3405 514 3454; x_wconf 80' lang='lat' dir='ltr'><strong>si</strong></span> <span class='ocrx_word' id='word_1_532' title='bbox 541 3405 749 3470; x_wconf 82' lang='lat' dir='ltr'><strong>denique</strong></span> <span class='ocrx_word' id='word_1_533' title='bbox 783 3406 979 3469; x_wconf 79' lang='lat' dir='ltr'><strong>aliquid</strong></span> <span class='ocrx_word' id='word_1_534' title='bbox 1009 3420 1108 3455; x_wconf 81' lang='lat' dir='ltr'><strong>non</strong></span> <span class='ocrx_word' id='word_1_535' title='bbox 1142 3413 1322 3457; x_wconf 79' lang='lat' dir='ltr'><strong>contra</strong></span> <span class='ocrx_word' id='word_1_536' title='bbox 1356 3422 1420 3456; x_wconf 80' lang='lat' dir='ltr'><strong>ac</strong></span> <span class='ocrx_word' id='word_1_537' title='bbox 1448 3405 1626 3456; x_wconf 78' lang='lat' dir='ltr'><strong>liberet</strong></span> <span class='ocrx_word' id='word_1_538' title='bbox 1655 3404 1844 3469; x_wconf 76' lang='lat' dir='ltr'><strong>sactum</strong></span> <span class='ocrx_word' id='word_1_539' title='bbox 1875 3402 2146 3460; x_wconf 82' lang='lat' dir='ltr'><strong>diceretur,</strong></span> <span class='ocrx_word' id='word_1_540' title='bbox 2181 3398 2278 3450; x_wconf 77' lang='lat' dir='ltr'><strong>sed</strong></span> 
     </span>
    </p>
   </div>
  </div>
 </body>
</html>
