2514 3928
261 216 385 279 282
810 216 960 278 pao
1005 216 1072 290 Q.
1114 214 1429 278 LIGARIO
1478 214 1790 278 oaAno.
2137 294 2143 301 ⁸
2318 224 2422 278 ss
2494 266 2495 269 γ

261 383 370 459 qui
395 400 510 445 vos
533 390 740 444 tantae
762 381 961 444 laudis
986 382 1319 444 occasione
1339 383 1698 460 privaverit.
1757 385 1859 445 IX.
1888 381 1991 445 26.
2017 384 2153 445 Sed
2181 385 2398 458 vide,

260 483 535 546 quaeso,
579 467 835 541 Caesar,
876 466 1284 528 constantiam
1317 467 1690 529 ornatissimi
1728 466 1838 527 viri
1869 469 1935 528 L.
1966 468 2392 542 Tuberoni&

267 567 451 627 quam
487 566 636 626 ego,
680 567 960 625 quamvls
1012 567 1150 626 lpse
1193 553 1545 626 probarem,
1594 558 1662 610 ut
1708 549 1932 625 probo,
1977 557 2185 611 tamen
2238 565 2405 611 non.

259 649 836 708 commemorarem,
883 634 998 694 nisi
1031 651 1069 693 a
1098 643 1157 695 te
1187 632 1623 708 cognovissem
1654 631 1713 692 in
1748 633 1956 707 primis
1990 649 2123 692 eam
2166 633 2394 694 virtu·

255 727 384 779 tem
411 717 614 777 solere
654 716 904 777 laudari.
996 717 1163 790 Quae
1196 716 1306 777 tuit
1332 716 1513 791 igitur
1539 731 1824 791 umquam
1853 713 1916 776 in
1945 717 2068 776 ullo
2098 715 2389 776 homine

259 807 428 862 tanta
458 798 844 862 constantia?
872 799 1275 861 constantiam
1305 800 1490 860 dico?
1514 800 1723 858 nescio
1755 815 1831 858 an
1866 799 2082 860 melius
2107 800 2383 874 patien-

261 882 404 945 tiam
435 882 669 958 possim
699 884 924 943 dicere.
1004 883 1238 956 Quotus
1268 884 1427 943 enim
1454 880 1616 943 istud
1657 881 1923 957 quisque
1954 881 2230 956 iecisset,
2274 892 2374 957 ut,

262 984 300 1027 a
323 967 547 1042 quibus
578 967 638 1026 in
663 963 1058 1027 dissensione
1085 964 1250 1026 civili
1275 982 1398 1026 non
1429 975 1598 1027 esset
1623 971 1928 1040 receptuS‚
1960 974 2125 1026 esset
2160 965 2371 1027 etiam

259 1067 402 1111 cum
433 1048 791 1110 crudelitate
818 1047 1107 1120 reiectus,
1139 1049 1219 1109 ad
1251 1065 1362 1110 eos
1401 1051 1576 1124 ipsos
1606 1048 1876 1108 rediret?
1900 1047 2102 1124 Magni
2135 1048 2369 1111 cuius-

259 1133 402 1193 dam
430 1130 613 1192 animi
641 1140 827 1207 atque
856 1133 991 1194 eius
1023 1131 1134 1192 viri
1162 1140 1287 1204 est,
1336 1149 1514 1206 quem
1557 1132 1638 1193 de
1659 1141 1947 1207 suscepta
1978 1147 2169 1192 causa
2205 1149 2365 1208 pro·

264 1214 592 1290 positaque
621 1215 924 1276 sententia
952 1217 1118 1277 nulla
1144 1215 1539 1288 contumelia,
1571 1215 1735 1276 nulla
1767 1215 1883 1289 vis,
1920 1216 2148 1276 nullum
2183 1215 2362 1291 peri·

264 1299 470 1358 culum
514 1296 716 1373 possit
744 1299 1075 1375 depellere.
1126 1296 1227 1360 27.
1259 1299 1338 1361 Ut
1366 1300 1526 1360 enim
1600 1305 1802 1360 cetera
1836 1298 2006 1374 paria
2032 1299 2359 1360 Tuberoni

263 1397 401 1442 cum
442 1382 608 1443 Varo
652 1380 939 1456 tuissent,
991 1384 1219 1457 honae,
1276 1381 1592 1457 nobilitaS,
1639 1383 1960 1457 splendor,
2010 1383 2352 1459 ingenium,

266 1481 426 1541 quae
467 1481 860 1542 nequaquam
893 1468 1165 1540 ruerunt,
1208 1466 1328 1527 hoe
1372 1474 1536 1527 certe
1578 1463 1972 1541 praecipuum
1998 1465 2351 1527 Tuberonis

266 1549 397 1623 suit,
435 1550 602 1624 quod
635 1549 798 1611 iusto
831 1566 966 1611 cum
998 1548 1254 1625 imperio
1284 1565 1363 1610 ex
1397 1557 1648 1610 senatus
1674 1552 1953 1611 consulto
1999 1551 2056 1609 in
2091 1549 2337 1623 provin·

263 1633 417 1692 ciam
463 1649 637 1694 suam
684 1641 958 1697 venerat.
1047 1634 1200 1694 Hinc
1229 1632 1570 1709 prohibitus
1600 1649 1720 1693 non
1750 1632 1827 1692 ad
1859 1632 2216 1707 Caesarem,
2260 1649 2348 1696 ne

265 1714 487 1792 iratus,
517 1732 639 1777 non
663 1717 941 1791 domum,
971 1733 1050 1776 ne
1081 1715 1278 1788 iners,
1332 1733 1451 1776 non
1495 1715 1553 1776 in
1588 1716 1852 1790 aliquam
1880 1716 2190 1791 regionem
2209 1761 2224 1787 ‚
2259 1731 2342 1778 ne

264 1800 678 1859 condemnare
720 1815 966 1859 causam
1009 1800 1201 1871 illam,
1236 1816 1416 1875 quam
1442 1808 1691 1861 secutus
1721 1807 1866 1873 erat,
1909 1799 2243 1860 videreturz
2270 1797 2336 1860 in

268 1880 691 1942 Macedoniam
722 1882 801 1942 ad
833 1881 938 1942 Cn.
968 1881 1240 1958 Pompeii
1270 1891 1469 1943 castra
1499 1882 1679 1954 venit,
1709 1881 1766 1941 in
1800 1897 1933 1942 eam
1964 1881 2159 1956 ipsam
2191 1898 2309 1963 cau

269 1981 428 2037 sam,
468 1981 507 2024 a
562 1981 687 2040 qua
738 1972 871 2028 erat
915 1966 1186 2027 reiectus
1227 1962 1466 2026 iniuria.
1568 1963 1671 2027 28.
1717 1964 1913 2040 Quid?
1970 1983 2157 2042 quum
2214 1964 2328 2030 ista

266 2064 366 2108 res
398 2045 541 2109 nihil
570 2048 1007 2111 commovisset
1033 2048 1168 2110 eius
1201 2048 1465 2109 animum
1486 2093 1502 2119 ,
1531 2048 1609 2108 ad
1643 2065 1822 2124 quem
1854 2049 2171 2123 veneratis,
2205 2050 2328 2108 lan·

265 2129 560 2206 guidiore,
582 2131 790 2205 credo,
819 2130 1021 2193 studio
1047 2132 1107 2192 in
1140 2148 1331 2193 causa
1358 2129 1587 2191 ruistis=
1610 2138 1838 2193 tantum
1862 2132 2046 2193 modo
2072 2132 2133 2192 in
2159 2148 2331 2207 prae-

265 2214 442 2275 sidiis
476 2214 679 2287 eratis,
708 2212 894 2275 animi
922 2230 1069 2276 vero
1094 2232 1132 2275 a
1154 2231 1344 2276 causa
1370 2215 1808 2276 abhorrebant=
1839 2231 1935 2288 an,
1966 2222 2032 2275 ut
2064 2216 2131 2276 fit
2154 2214 2214 2275 in
2245 2215 2329 2276 ci·

266 2297 490 2358 vilibus
516 2296 692 2358 bellis
721 2339 946 2358 ......
986 2299 1195 2360 necin
1241 2296 1418 2359 vobis
1451 2297 1645 2374 magis
1696 2314 1879 2373 quam
1932 2297 1989 2357 in
2042 2299 2332 2374 reliquis?

265 2395 483 2440 omnes
513 2380 673 2441 enim
698 2378 984 2443 vincendi
1008 2381 1209 2444 studio
1233 2382 1606 2442 tenebamur.
1656 2381 1836 2443 Pacis
1865 2380 2146 2456 equidem
2175 2398 2320 2442 sem·

261 2478 381 2539 -per
408 2470 624 2525 auctor
652 2461 756 2536 tui,
791 2465 903 2527 sed
923 2474 1051 2527 tum
1074 2480 1248 2526 sei-oz
1281 2463 1597 2527 eratenim
1629 2464 1905 2538 amentis,
1929 2481 2113 2541 quum
2138 2463 2323 2526 aciem

272 2545 542 2620 videreS,
587 2563 801 2623 pacem
846 2546 1136 2624 cogitare.
1223 2547 1480 2621 Omnes,
1511 2547 1781 2624 inquam,
1811 2547 2056 2609 vincere
2087 2548 2321 2609 voleba-

269 2647 438 2692 mus=
474 2640 535 2692 tu
575 2640 744 2693 certe·
769 2630 1128 2708 praecipue,
1159 2633 1262 2709 qui
1296 2630 1356 2692 in
1387 2648 1525 2693 eum
1557 2634 1758 2694 locum
1788 2647 2068 2704 veneras,
2094 2630 2193 2692 ubi
2219 2629 2316 2693 tibi

199 2740 210 2748 ·
266 2722 438 2776 esset
466 2717 866 2791 pereundum,
894 2714 1014 2778 nisi
1049 2715 1326 2778 vicisses.
1413 2715 1819 2791 Quamquam.
1860 2723 1929 2776 ut
1948 2731 2110 2776 nunc
2133 2730 2197 2775 se
2220 2730 2314 2775 res

268 2797 468 2871 habet,
502 2817 623 2861 non
653 2799 864 2862 dubito
894 2797 1038 2876 quin
1067 2800 1227 2861 hanc
1255 2800 1510 2860 salutem
1538 2807 1879 2874 anteponas
1908 2796 1992 2858 illi
2022 2796 2313 2859 victoriae.

269 2881 345 2941 X.
375 2882 477 2944 29.
502 2883 673 2944 Haec
700 2899 819 2959 ego
849 2900 970 2944 non
996 2882 1284 2953 dicerem,
1314 2882 1573 2955 Tubero,
1604 2881 1658 2943 si
1691 2888 1796 2942 aut
1815 2898 1931 2943 vos
1954 2879 2314 2942 constantiae

270 2973 513 3025 vestrae
540 2972 650 3026 aut
674 2967 995 3027 Caesarem
1026 2964 1309 3027 beneficii
1333 2965 1428 3026 sui
1461 2965 1814 3040 poeniteret.
1900 2964 2072 3025 Nunc
2103 2979 2312 3039 quaero

271 3055 471 3108 utrum
501 3055 740 3109 vestras
771 3047 1026 3109 iniuriae
1064 3064 1140 3108 an
1181 3045 1271 3108 rei
1316 3047 1596 3124 publicae
1639 3044 2121 3124 persequamini=
2160 3044 2311 3108 sirei

271 3129 590 3203 publicae,
622 3129 770 3205 quid
800 3131 879 3191 de
910 3138 1114 3191 vestra
1149 3132 1208 3190 in
1238 3127 1341 3190 illa
1370 3147 1560 3192 causa
1591 3129 2054 3207 perseverantia
2078 3145 2308 3206 respon·-

270 3210 537 3272 debitis?
578 3210 633 3272 si
676 3222 942 3285 vestras,
990 3212 1194 3274 videte
1235 3229 1314 3273 ne
1343 3215 1586 3287 erretis,
1628 3214 1730 3289 qui
1761 3213 2082 3275 Caesarem
2109 3211 2309 3274 vestris

270 3292 531 3356 inimicis
562 3293 775 3355 iratum
809 3296 940 3355 sore
972 3294 1214 3369 putetis,
1244 3314 1431 3372 quum
1459 3296 1760 3372 ignoverit
1784 3296 1934 3358 suis.

390 3378 608 3452 Itaque·
652 3393 795 3437 num
825 3376 927 3439 tibi
961 3378 1174 3440 videor
1212 3378 1275 3439 in
1310 3395 1498 3441 causa
1532 3378 1754 3455 Ligarii
1782 3395 1929 3441 esse
1959 3384 2310 3454 occupatus!

270 3473 413 3518 num
437 3458 515 3520 de
543 3458 679 3521 eius
711 3462 871 3524 tacto
902 3462 1149 3524 dicere?
1188 3460 1496 3539 Quidquid
1529 3461 1685 3535 dixi,
1715 3464 1794 3523 ad
1822 3479 2008 3522 unam
2039 3476 2306 3522 summam
