2514 3928
662 347 1056 400 pnoosumu
1089 347 1419 400 EDITIONIS
1456 347 1825 402 ssouNDAn.
2166 367 2282 404 mr
2381 328 2390 333 “

192 485 308 554 Ego
348 497 516 537 tamen
564 482 692 535 nihil
748 485 1048 535 mutandum
1109 499 1313 536 censeo.
1382 484 1506 552 Gap.
1546 488 1631 540 41.
1696 486 1745 548 5.
1786 488 1867 538 98.
1923 495 2088 539 autern
2139 491 2284 537 uncis

189 554 518 614 circumdedi,
555 551 607 616 5.
641 561 811 602 autem
848 552 962 604 100.
997 554 1049 603 vi
1078 568 1169 612 me,
1205 554 1269 612 vi,
1303 555 1503 620 inquam
1537 555 1750 618 scripsi,
1796 554 1937 618 qnod
1980 555 2116 604 idem
2162 569 2284 606 con-

191 621 311 672 lecit
347 619 594 670 Ernestus
638 618 842 685 Kiipke,
898 620 1018 682 quia
1071 633 1129 671 eo
1180 620 1373 670 ducunt
1411 621 1631 686 vestigia
1681 636 1813 684 quae
1855 632 1976 672 sunt
2018 621 2070 671 in
2115 622 2280 671 libris.

191 686 318 739 0011.
354 689 490 737 enim
523 686 921 751 TegernseensIs
957 686 1111 737 habet
1143 689 1193 738 vi
1222 689 1449 753 inquam,
1493 689 1645 738 ceteri
1688 688 1801 738 libri
1836 689 1943 739 fere
1976 690 2025 740 oi
2057 704 2157 741 me.
2204 689 2284 738 in-

193 771 358 821 quam,
397 765 454 804 ut
486 753 612 805 alter
646 754 898 814 librarius,
935 768 1093 816 quum
1128 755 1375 820 scriptum
1412 764 1549 805 esset
1580 756 1631 805 vi
1660 771 1751 813 me,
1786 759 1839 806 vt
1868 759 2083 823 inquam,
2122 755 2285 805 oculis

193 837 226 872 a
259 823 430 888 priore
471 822 519 872 vi
561 821 628 871 ad
672 821 929 886 posterius
972 822 1215 872 coniectis
1249 837 1327 873 me
1361 823 1413 872 vi
1446 822 1684 873 omisisse
1714 822 1965 882 videatur,
2001 823 2189 873 alteros
2225 837 2287 872 m

195 898 316 940 ante
348 902 579 954 inquam
615 889 1024 953 praetermisisse
1058 888 1323 956 probabile
1357 891 1440 940 sit.
1511 890 1645 938 Haec
1679 888 1786 940 fere
1828 889 2011 949 habui,
2057 904 2190 951 quae
2223 889 2289 939 de

191 956 293 1008 hac
328 957 556 1007 oratione
589 955 672 1005 hic
704 956 1016 1006 adnotarem.
1086 954 1215 1006 Nam
1249 966 1443 1018 cetera,
1488 970 1619 1019 quae
1664 956 1731 1006 ad
1764 957 2036 1007 verborum
2069 955 2292 1005 colloca-

191 1025 386 1075 tionem
429 1024 709 1090 pertinent,
754 1037 911 1086 qunm
953 1023 1197 1089 pleraque
1239 1038 1305 1074 ex
1351 1023 1659 1089 optimorum
1702 1023 1947 1074 librorum
1988 1023 2291 1073 anctoritate

189 1092 472 1142 constituta
505 1091 626 1151 sint,
661 1091 746 1139 hic
779 1092 1220 1141 commemoranda
1254 1106 1370 1141 esse
1405 1105 1508 1141 non
1542 1090 1793 1144 videntur.

327 1159 387 1208 In
423 1159 651 1209 oratione
680 1173 781 1222 pro
806 1157 864 1209 0.
885 1156 1097 1209 Rabirio
1113 1159 1367 1220 Postumo,
1407 1172 1564 1220 quum
1597 1158 1843 1208 librorum
1878 1173 2035 1208 mann
2068 1158 2290 1222 scripto·

193 1241 308 1276 rum
360 1225 490 1277 fides
543 1240 638 1276 nos
684 1224 909 1286 deficiat,
960 1224 1154 1275 lubrica
1195 1225 1474 1276 admodum
1515 1235 1668 1289 atque
1712 1227 1904 1276 incerta
1934 1235 2015 1276 est
2048 1225 2290 1275 emenda-

193 1295 268 1344 tio
304 1307 481 1344 eornm
514 1292 772 1355 locorum,
819 1293 909 1354 qni
948 1293 1095 1341 multi
1139 1307 1352 1356 prorsus
1395 1295 1619 1357 corrupti
1653 1294 1705 1343 in
1738 1309 1800 1343 ea
1835 1293 2064 1343 oratione
2097 1292 2292 1341 haben-

195 1369 299 1411 tur.
367 1359 562 1410 Eorum
596 1371 792 1418 autem,
831 1373 961 1419 quae
995 1373 1025 1406 a
1058 1373 1142 1407 me
1176 1373 1311 1407 nunc
1343 1370 1536 1407 mutata
1570 1368 1713 1418 sunt,
1759 1360 1885 1410 haec
1927 1359 2034 1410 fere
2066 1373 2292 1411 comme-

200 1427 491 1476 moratione
524 1425 683 1489 digna
714 1423 968 1475 videntur.
1036 1423 1163 1487 Cap.
1188 1427 1234 1473 1.
1279 1425 1327 1483 5.
1356 1427 1404 1473 1.
1451 1439 1585 1473 nunc
1618 1427 1827 1490 scripsi:
1887 1428 2022 1491 quod
2050 1427 2291 1490 fortunas

199 1507 342 1553 suas,
375 1491 624 1553 fundatas
651 1490 961 1555 praesertim
994 1496 1146 1554 atque
1181 1492 1365 1553 optime
1399 1493 1698 1540 constitutas
1737 1507 1886 1554 opes.
1927 1495 2174 1554 potestati
2203 1508 2293 1543 re-

201 1561 324 1625 giae
359 1558 652 1623 libidinique
685 1557 1003 1610 comiserit.
1074 1555 1213 1614 Quae
1256 1557 1510 1621 scriptura
1554 1572 1709 1617 quum
1751 1559 1805 1606 in
1841 1557 2014 1607 codice
2047 1558 2169 1622 fuit,
2213 1558 2294 1608 ia-

200 1627 324 1687 cile,
363 1627 408 1675 si
447 1625 562 1687 quis
599 1624 1082 1689 interpunctionem,
1121 1637 1252 1687 quae
1287 1625 1338 1673 in
1376 1623 1455 1674 his
1493 1623 1658 1673 verbis
1693 1622 1927 1674 facienda
1960 1633 2090 1682 erat,
2136 1625 2296 1689 negli-

198 1701 369 1760 geret,
419 1708 480 1742 ea
514 1692 801 1757 scripturae
833 1689 1176 1757 discrepantia
1209 1691 1330 1741 oriri
1365 1691 1559 1755 potuit,
1605 1706 1736 1754 quae
1776 1693 1828 1741 in
1882 1690 2023 1740 libris
2067 1691 2298 1754 habetur,

198 1762 253 1812 in
291 1760 482 1824 quibus
526 1760 713 1825 partim
748 1758 1087 1809 Accusativus
1127 1759 1369 1821 fortunas
1410 1774 1533 1810 suas
1574 1759 1762 1824 partim
1813 1757 2084 1808 Genetivus
2128 1759 2297 1822 fortu-

194 1820 301 1880 ⁸nae
334 1843 462 1878 suae
498 1827 719 1892 scriptus
763 1825 964 1890 legitur.
1037 1823 1162 1891 Cap.
1189 1828 1239 1876 2.
1286 1826 1333 1886 5.
1358 1828 1406 1877 3.
1453 1826 1640 1891 scripsi
1684 1840 1820 1876 nunc
1864 1841 2158 1891 quamquam
2200 1840 2296 1892 pro

201 1897 424 1962 quamvis
457 1919 522 1930 -
559 1909 619 1944 ea
655 1894 791 1944 enim
825 1893 978 1943 verba
1013 1907 1173 1958 quum
1207 1894 1526 1959 compendiis
1563 1901 1705 1943 erant
1738 1894 1948 1959 scripta,
1985 1892 2132 1944 facile
2165 1894 2298 1944 inter

203 1979 263 2015 se
296 1963 597 2013 commutari
630 1970 910 2028 potuerunt
942 1987 1008 1997 —·
1044 1971 1094 2011 et
1125 1962 1328 2013 viderat
1360 1976 1454 2027 pro
1490 1962 1691 2013 viderit.
1749 1962 1798 2023 5.
1823 1962 1873 2012 4.
1910 1977 2065 2013 curae
2099 1960 2165 2013 de
2186 1960 2297 2011 Ma—

204 2031 333 2081 nutii
378 2030 667 2080 coniectura
709 2028 896 2094 scripsi
942 2043 1037 2095 pro
1083 2030 1290 2093 culpae,
1336 2029 1475 2090 quod
1520 2030 1572 2078 in
1614 2028 1755 2079 libris
1793 2040 1885 2080 est.
1954 2028 2127 2095 Vulgo
2163 2044 2299 2079 nnnc

204 2103 338 2149 vitae
375 2098 439 2148 de
471 2096 742 2147 Hotomani
774 2097 1065 2145 coniectura
1099 2096 1302 2161 legitur.
1368 2096 1419 2156 5.
1445 2096 1492 2146 8.
1540 2094 1687 2156 Quod
1723 2098 1851 2145 male
1892 2098 2079 2147 cecidit
2110 2096 2297 2161 scripsi

205 2179 305 2231 pro
342 2163 496 2225 Quem
526 2167 654 2214 male
689 2164 889 2213 cecidit.
960 2161 1084 2228 Cap.
1108 2165 1160 2216 4.
1196 2164 1244 2224 5.
1270 2164 1321 2213 8.
1360 2163 1465 2225 fuit
1513 2177 1606 2226 pro
1648 2163 1833 2226 fuisset
1876 2164 2104 2228 reposui.
2174 2161 2281 2226 Gap

209 2235 260 2283 5.
298 2232 346 2292 5.
374 2232 454 2281 12.
499 2230 812 2295 Madvigium
858 2240 1106 2292 sequutus
1151 2244 1265 2278 sum
1310 2231 1362 2278 in
1405 2230 1571 2279 verbis
1609 2230 1976 2281 constituendis
2013 2229 2120 2279 his:
2178 2230 2296 2287 Illo,

206 2303 632 2429 settara?
659 2295 816 2430 ..23ss
837 2296 2302 2421 322532N32.51332.E235515szrtm}

247 2448 359 2483 uum
398 2434 456 2482 in
497 2448 605 2483 eum
646 2433 763 2483 lites
805 2434 1218 2491 aestimarentur,
1265 2432 1412 2479 cuius
1457 2431 1573 2481 vide
1615 2431 1985 2481 enarrationem
2030 2430 2130 2481 loci
2163 2430 2304 2495 apud

257 2500 469 2549 aiterum
521 2508 573 2549 et
621 2498 902 2559 Halmium,
961 2497 1066 2549 vol.
1102 2499 1163 2551 ΙΙ.
1219 2509 1350 2563 part.
1388 2498 1449 2550 II.
1496 2512 1551 2562 p.
1589 2500 1721 2549 1454
1744 2514 1833 2578 ες..
1895 2497 2017 2577 βαρ.
2044 2500 2091 2549 ’1.
2144 2498 2303 2558 §.16.

210 2567 1136 2699 {infimas}‘'taffisszisitsssstff
1158 2580 1446 2682 Sim?
1457 2565 1659 2683 ’1233ss
1685 2564 2076 2698 133..¹¹2{¹.ip⁰.3{·
2120 2579 2304 2682 w}

211 2704 372 2752 lectat
404 2702 735 2765 amplissimus
768 2701 1034 2763 dignitatis
1062 2700 1256 2764 gradus
1291 2726 1372 2758 —,
1414 2701 1484 2750 sit
1524 2701 1670 2750 simul
1708 2700 1860 2750 etiam
1903 2707 2000 2751 etc.
2069 2698 2127 2746 In
2159 2698 2303 2746 libris

213 2772 266 2819 si
296 2768 441 2817 deest
475 2778 525 2817 et
557 2774 636 2818 est
669 2780 766 2833 pro
801 2769 869 2818 sit
901 2766 1102 2833 legitur.
1157 2764 1282 2831 Cap.
1306 2766 1354 2816 8.
1390 2767 1437 2827 5.
1467 2767 1545 2815 19.
1581 2768 1632 2817 si
1660 2773 1782 2818 ante
1817 2766 1880 2816 de
1915 2764 2160 2829 Madvigii
2181 2779 2304 2814 cou-

217 2836 412 2885 iectura
444 2834 630 2900 scripsi
666 2848 761 2900 pro
796 2840 979 2893 stante,
1016 2832 1153 2896 quod
1187 2834 1239 2882 in
1276 2833 1419 2884 libris
1455 2842 1547 2887 est.
1618 2834 1666 2895 5.
1692 2836 1774 2885 21.
1812 2834 2023 2897 scripsit
2077 2847 2179 2882 non
2204 2831 2306 2882 Ga—

218 2902 347 2952 binii
393 2917 556 2954 comes
605 2905 686 2953 vel
730 2908 960 2953 sectator
1009 2917 1102 2953 nec
1145 2903 1218 2951 ad
1262 2900 1464 2952 Gabinii
1497 2910 1589 2950 etc.
1636 2902 1700 2951 de
1746 2900 1930 2949 Halmii
1972 2907 2022 2949 et
2062 2897 2307 2963 Madvigii

216 2970 418 3020 ratione
458 2983 554 3034 pro
599 2985 713 3020 num
758 2969 960 3020 Gabinii
1002 2984 1165 3021 comes
1206 2971 1286 3019 vel
1325 2969 1589 3020 sectator?
1658 2968 1842 3033 Negat.
1912 2967 2032 3019 Non
2065 2967 2194 3019 enim
2238 2968 2312 3017 ad

221 3035 429 3087 Gabinii
460 3045 550 3087 etc.
618 3036 796 3086 Paullo
835 3047 953 3101 post
985 3037 1316 3089 contenderet
1346 3050 1442 3102 pro
1476 3037 1813 3087 contenderat
1850 3036 2102 3087 revocavi.
2145 3034 2201 3097 5.
2224 3036 2305 3085 22.

220 3105 272 3154 ei
301 3116 399 3168 pro
440 3105 547 3154 eius
581 3118 715 3153 nunc
748 3103 899 3155 edidi.
969 3101 1094 3170 Cap.
1120 3106 1170 3156 9.
1206 3104 1254 3165 5.
1277 3105 1359 3154 23.
1394 3103 1611 3154 Athenis
1646 3102 1833 3152 seclusi
1867 3111 1917 3153 et
1944 3108 2181 3167 gesserat
2213 3114 2306 3165 pro

221 3172 508 3236 digesserat
557 3171 727 3237 recepi
777 3172 842 3221 de
885 3170 1085 3223 Graevii
1137 3170 1402 3220 sententia.
1474 3167 1597 3235 Gap.
1623 3171 1703 3221 10.
1740 3169 1790 3231 5.
1817 3170 1899 3220 26.
1951 3185 2058 3220 cum
2107 3168 2308 3219 Graeca

217 3238 363 3302 palla
405 3238 594 3303 scripsi
637 3251 731 3303 pro
772 3254 880 3289 cum
921 3240 1129 3298 mitella,
1185 3250 1287 3299 quo
1328 3235 1452 3286 mihi
1489 3236 1827 3301 corruptelae,
1880 3250 2011 3299 quae
2059 3236 2112 3284 in
2164 3233 2306 3283 libris

221 3314 360 3364 snnt,
396 3304 582 3354 ducere
614 3305 928 3356 videbantur.
999 3304 1056 3367 5.
1077 3304 1160 3355 28.
1213 3305 1403 3368 scripsi
1446 3306 1533 3369 qai
1569 3304 1833 3367 pecuniam
1882 3304 2072 3366 regiam
2121 3301 2310 3365 redigit

222 3386 316 3437 pro
352 3373 442 3437 qui
472 3388 508 3423 a
539 3387 677 3437 reye.
747 3370 1119 3437 Compendium
1153 3372 1437 3434 scripturae
1470 3384 1628 3419 causa
1660 3369 1997 3433 corruptionis
2032 3365 2199 3416 fuisse
2231 3368 2308 3414 vi-

220 3438 386 3487 detur.
458 3437 582 3505 Gap.
618 3441 702 3491 11.
748 3439 797 3499 5.
829 3441 912 3491 29.
966 3454 1029 3488 ac
1070 3436 1219 3488 liberi
1261 3437 1324 3487 de
1366 3436 1610 3501 Madvigii
1655 3443 1705 3484 et
1747 3433 2068 3484 Mommsenii
2116 3431 2312 3480 ratione

220 3506 411 3571 scripsi
453 3520 549 3572 pro
593 3522 739 3572 quam
778 3505 945 3555 liberi.
1013 3506 1061 3566 5.
1088 3508 1171 3558 30.
1219 3505 1451 3554 decumas
1491 3505 1855 3567 imperatarum
1889 3498 2212 3562 pecuniarum
2248 3494 2314 3540 de
