2514 3928
317 295 451 360 322
621 295 699 354 IN
722 295 806 354 M.
841 293 1244 354 ANTONIUM
1277 290 1559 352 ORATIO
1589 291 2012 352 PHILIPPICA
2038 292 2115 351 11.
2352 300 2412 358 20

332 448 450 508 Cur
495 444 624 506 ludi
659 437 1047 521 Apollinares
1092 443 1433 506 Incredibili
1473 444 1552 504 M.
1594 443 1764 506 Bruti
1793 445 2027 506 honore
2071 444 2414 506 celebrati?

331 530 451 590 Cur
479 528 838 605 provinciae
870 530 1058 589 Bruto
1079 575 1095 603 ,
1135 528 1349 589 Cassio
1381 528 1605 589 datae?
1639 544 1748 587 cur
1778 537 2145 603 quaestores
2181 529 2416 590 additi?

328 629 440 673 cur
487 614 821 689 legatorum
868 627 1156 673 numerus
1203 618 1465 673 auctus?
1543 613 1751 686 Atque
1791 611 1946 672 haec
1986 618 2123 671 acta
2170 627 2291 686 per
2337 622 2412 673 te.

237 713 250 722 ²
327 697 459 756 Non
501 695 683 772 igitur
730 695 1094 756 homicidas,
1164 693 1457 771 Sequitur
1498 703 1563 756 ut
1603 694 1963 755 liberatores
2011 702 2116 755 tuo
2164 694 2412 768 iudicio,

330 781 578 856 quando
626 779 873 856 quidem
932 779 1173 840 tertium
1226 777 1375 838 nihil
1425 786 1629 854 potest
1673 793 1837 839 esse.
1921 774 2237 855 32-Quid
2286 786 2415 840 est?

329 881 472 925 num
506 864 807 926 conturbo
838 867 940 924 te?
1008 862 1139 923 Non
1172 861 1331 922 enim
1367 864 1632 923 fortasse
1665 859 1847 935 satiS,
1886 877 2046 936 quae
2077 859 2414 923 diiunctius

328 946 640 1021 dicuntur,
670 946 973 1022 intelligis.
1030 943 1155 1005 Sed
1186 953 1386 1006 tamen
1418 945 1572 1028 llaec
1602 960 1839 1007 summa
1868 951 1965 1005 cst
1992 944 2416 1005 conclusionis

331 1046 533 1091 meae:
569 1028 858 1103 quoniam
889 1029 1129 1088 scelere
1158 1045 1196 1089 a
1220 1036 1282 1090 te
1313 1029 1551 1090 liberati
1580 1036 1756 1104 sunt,
1793 1031 1870 1090 ab
1902 1030 2126 1109 eodem
2159 1032 2414 1105 amplis·

331 1113 500 1174 simis
529 1111 820 1188 praemiis
844 1111 1242 1187 dignissimos
1267 1114 1591 1175 iudicatos.
1646 1114 2003 1189 Itaqueiam
2026 1120 2257 1174 retexo
2285 1130 2413 1174 ora-

332 1196 563 1257 tionem
593 1212 811 1256 meam.
900 1196 1174 1257 Scribam
1205 1198 1288 1257 ad
1319 1199 1488 1267 illos,
1526 1206 1625 1275 ut,
1658 1198 1713 1259 si
1745 1198 1850 1275 qui
1889 1200 2049 1259 forte
2081 1198 2264 1271 quod
2295 1214 2336 1257 a
2367 1206 2417 1257 ιε

334 1280 477 1342 mihi
513 1280 821 1341 obiectum
854 1289 952 1341 est
984 1290 1284 1354 quaerent
1313 1282 1475 1343 sitne
1508 1299 1738 1355 verum,
1773 1300 1849 1343 ne
1881 1282 1978 1344 cui
2008 1289 2270 1357 negent.
2325 1283 2418 1341 Et·
2466 1339 2467 1344 ,

335 1360 496 1422 enim
524 1380 746 1424 vereor
777 1379 855 1424 ne
885 1372 992 1424 aut
1021 1365 1277 1424 celatum
1309 1379 1406 1423 me
1436 1362 1555 1424 illis
1591 1362 1747 1438 Ipsis
1800 1380 1921 1424 non
1953 1363 2295 1424 honestum
2326 1373 2424 1427 aut

331 1445 646 1508 invitatum
686 1446 992 1523 refugisse
1045 1447 1186 1506 mihi
1234 1446 1314 1507 sit
1357 1446 1794 1522 turpissimum.
1879 1447 2045 1521 Quae
2091 1446 2265 1508 enim
2327 1467 2421 1509 res

330 1543 670 1615 umquam,
694 1532 849 1606 proh
880 1539 1092 1591 sancte
1121 1530 1420 1606 luppiter!
1465 1548 1585 1592 non
1616 1531 1800 1592 modo
1832 1529 1890 1591 in
1922 1531 2038 1590 hac
2066 1531 2263 1607 urbe,
2316 1534 2422 1595 sed

332 1613 392 1675 in
447 1616 729 1676 omnibus
771 1616 948 1675 terris
992 1622 1088 1675 est
1130 1623 1306 1690 gesta
1345 1614 1579 1675 maior?
1632 1631 1792 1690 quac
1835 1613 2210 1690 gloriosior?
2264 1634 2421 1692 quac

332 1698 812 1761 commendatior
868 1698 1178 1759 hominum
1230 1697 1561 1761 memoriae
1604 1700 2059 1773 sempiternae?
2126 1700 2193 1758 In
2241 1700 2420 1761 huius
2466 1767 2467 1788 χ

330 1799 427 1842 me
457 1790 521 1843 tu
554 1780 795 1843 consilii
827 1781 1187 1843 societatem
1217 1788 1527 1858 tamquam
1570 1781 1629 1843 in
1662 1798 1888 1857 equum
1919 1781 2253 1842 Troianum
2289 1801 2419 1845 cum
2466 1801 2467 1804 ¹

331 1864 711 1942 principibus
759 1864 1065 1926 includis?
1149 1865 1251 1927 33.
1296 1867 1428 1927 Non
1473 1882 1728 1927 recuso=
1784 1882 1901 1941 ago
1947 1864 2126 1926 etiam
2167 1869 2418 1941 gratias,

333 1966 585 2024 quoquo
622 1949 824 2010 animo
860 1948 1031 2011 facis,
1090 1948 1282 2011 Tanta
1316 1949 1478 2011 enim
1508 1968 1610 2012 res
1640 1958 1763 2024 εει,
1798 1957 1862 2011 ut
1890 1948 2185 2010 invidiam
2218 1951 2416 2023 istam,
2466 1984 2467 2003 κ

335 2050 519 2109 quam
564 2042 627 2094 tu
670 2035 726 2093 in
771 2050 867 2093 me
915 2032 1009 2094 vis
1050 2036 1390 2107 concitare,
1441 2052 1577 2095 cum
1631 2036 1813 2101 laude
1864 2052 1986 2095 non
2038 2049 2409 2111 comparem

334 2117 492 2192 Quid
519 2117 680 2177 enim
711 2117 949 2179 beatius
983 2118 1132 2191 illis,
1158 2125 1340 2193 'quos
1392 2125 1453 2180 tu
1496 2121 1795 2194 expulsos
1841 2135 1877 2178 a
1910 2127 1965 2179 te
1997 2118 2339 2192 praedicas
2367 2126 2419 2179 et

330 2202 678 2275 relegatos?
709 2200 813 2277 qui
844 2203 1019 2262 locus
1050 2211 1146 2263 est
1171 2211 1279 2263 aut
1307 2210 1428 2263 tam
1457 2203 1738 2264 desertus
1762 2213 1864 2262 aut
1892 2211 2010 2262 tam
2044 2199 2419 2263 inhumanus

335 2283 440 2357 qui
470 2283 638 2357 illos,
690 2301 874 2358 quum
920 2285 1329 2356 accesserint,
1374 2303 1498 2347 non
1542 2285 1740 2346 adfari
1779 2294 1964 2360 atque
1998 2294 2307 2360 appetere
2342 2286 2419 2346 vi-

333 2368 589 2427 deatur?
625 2366 731 2442 qui
758 2366 1038 2428 homines
1069 2377 1188 2429 tam
1220 2380 1498 2445 agrestes
1531 2369 1636 2445 qui
1667 2385 1754 2441 se,
1790 2386 1976 2444 quum
2001 2385 2114 2431 eos
2151 2386 2423 2445 aspexe-

329 2448 478 2523 rint,
512 2466 635 2510 non
667 2451 991 2512 maximum
1029 2451 1276 2528 cepisse
1315 2453 1471 2515 vitae
1503 2456 1761 2514 fructum
1792 2459 2043 2529 putent?
2076 2469 2241 2528 quac
2271 2469 2423 2514 vero

330 2542 453 2597 tam
494 2532 812 2596 immemor
855 2534 1217 2611 posteritas,
1268 2553 1428 2613 quae
1472 2546 1589 2599 tam
1638 2536 1911 2613 ingratae
1952 2535 2191 2597 litterae
2238 2553 2425 2612 repe·
2466 2608 2467 2615 χ

330 2618 591 2695 rientur,
644 2635 809 2695 quae
858 2635 1069 2681 eorum
1125 2620 1380 2696 gloriam
1433 2638 1556 2682 non
1607 2618 2068 2681 immortalitatis
2121 2618 2467 2680 memoria'

333 2711 829 2781 prosequantur?
872 2705 962 2765 Tu
996 2721 1141 2766 vero
1171 2704 1414 2765 ascribe
1445 2721 1541 2765 me
1574 2705 1752 2765 talem
1783 2705 1840 2764 in
1865 2719 2208 2764 numerum.
2258 2704 2428 2764 XIV.

330 2786 433 2852 34.
469 2787 594 2857 Sed
630 2806 815 2849 unam
851 2805 978 2849 rem
1012 2805 1233 2848 vereor
1265 2805 1342 2848 ne
1374 2805 1493 2850 non
1524 2789 1772 2863 probes.
1842 2787 1908 2849 Si
1939 2785 2100 2847 enim
2135 2786 2430 2858 fuissem,

331 2888 452 2932 non
488 2874 689 2932 solum
719 2888 959 2947 regem,
1008 2874 1122 2934 sed
1151 2871 1334 2933 etiam
1359 2887 1617 2948 regnum
1643 2871 1722 2931 de
1751 2888 1818 2932 re
1854 2871 2099 2946 publica
2130 2871 2432 2932 sustulis-

334 2970 494 3014 sem:
541 2963 633 3026 et,
678 2957 730 3016 si
773 2974 949 3018 meus
995 2955 1170 3017 stilus
1214 2953 1315 3015 ille
1354 2954 1599 3028 fuisset,
1643 2965 1709 3015 ut
1740 2954 1988 3028 dicitur,
2030 2952 2432 3025 mihicrede,

333 3053 455 3096 non
511 3039 709 3099 solum
759 3056 946 3100 unum
998 3048 1227 3112 actum,
1282 3039 1394 3098 sed
1434 3046 1618 3099 totam
1671 3040 1930 3099 fabulam
1982 3035 2437 3099 confecissem.

335 3119 712 3197 Quamquam
755 3122 808 3182 si
854 3123 1114 3183 interfici
1141 3123 1465 3184 Caesarem
1504 3123 1775 3182 voluisse
1818 3121 2044 3182 crimen
2078 3130 2205 3193 εει,
2255 3121 2439 3194 vide,

336 3221 603 3281 quaeso,
635 3205 893 3276 Antoni,
926 3205 1071 3280 quid
1106 3205 1210 3266 tibi
1241 3207 1506 3267 futurum
1537 3204 1645 3281 sit,
1679 3222 1859 3281 quem
1890 3214 1951 3266 et
1978 3205 2274 3265 Narbone
2313 3205 2442 3266 hoc

333 3287 654 3350 consilium
686 3305 823 3348 cum
848 3289 911 3349 C.
937 3288 1238 3350 Trebonio
1271 3291 1517 3365 cepisse
1547 3288 1930 3350 notissimum
1958 3297 2056 3350 est
2083 3297 2143 3349 et
2177 3289 2263 3351 ob
2293 3288 2441 3350 eius

339 3371 581 3432 consilii
625 3372 1014 3445 societatem,
1073 3389 1262 3447 quum
1307 3373 1747 3434 interficeretur
1791 3373 2044 3445 Caesar,
2106 3381 2239 3433 tum
2292 3381 2364 3433 te
2407 3390 2442 3432 a

332 3452 632 3518 Trebonio
669 3455 932 3517 vidimus
959 3455 1261 3517 sevocari.
1324 3457 1454 3532 Ego
1485 3464 1686 3518 autem
1720 3491 1793 3502 -
1829 3455 1969 3517 vide
1999 3472 2186 3532 quam
2218 3465 2441 3519 tecum

334 3553 508 3615 agam
540 3557 661 3602 non
699 3538 969 3602 inimice!
996 3575 1078 3584 -
1111 3541 1277 3616 quod
1307 3540 1466 3602 bene
1498 3540 1778 3617 cogitasti
1807 3539 2159 3616 aliquando,
2197 3541 2442 3602 laudm
