2514 3928
841 322 1007 386 CAP.
1039 332 1305 395 38-·40.
1349 328 1402 393 3.
1429 331 1698 388 82—87.
2238 322 2328 385 33·

233 484 446 540 ceretv
493 474 837 554 principem
867 474 1127 538 civitatis
1163 478 1324 537 t'erro
1357 477 1684 537 obsessum
1719 483 1995 537 teneret?
2057 476 2225 541 Haec
2255 486 2321 538 ut

234 562 487 623 efficere
533 569 780 636 posset,
833 577 991 638 quae
1034 559 1167 620 fieri
1210 560 1331 621 nisi
1376 559 1562 620 armis
1606 576 1915 635 oppressa
1958 576 2026 619 re
2071 558 2318 634 publica

234 647 402 707 nullo
440 645 625 706 modo
657 652 966 720 poterant,
1009 642 1272 716 idcirco,
1307 645 1491 704 credo
1511 689 1526 717 ,
1556 660 1800 704 manum
1831 641 1949 704 sibi
1980 643 2042 702 P.
2075 641 2319 706 Sestius

235 738 296 790 et
323 729 542 805 copias
579 729 971 804 comparavit.
996 764 1080 775 —
1105 729 1187 788 At
1219 729 1492 788 nondum
1525 735 1655 788 erat
1684 736 2015 788 maturumz
2047 728 2318 788 nondum

234 830 336 875 res
365 812 506 888 ipsa
536 813 613 873 ad
651 811 784 874 eius
814 811 981 874 modi
1015 812 1325 888 praesidia
1358 812 1526 872 viros
1557 812 1758 872 bonos
1789 810 2313 887 compellebat,—

235 896 400 958 Pulsi
423 914 541 958 nos
565 913 838 968 eramus,
870 913 990 958 non
1025 895 1274 957 omnino
1299 894 1417 957 ista
1442 912 1627 956 manu
1652 897 1804 969 sola,
1832 895 1944 956 sed
1968 903 2169 956 tamen
2195 911 2317 955 non

235 976 371 1042 sine
395 981 543 1042 ista:
575 997 688 1042 vos
717 979 880 1042 taciti
907 982 1294 1044 maerebatis,
1375 979 1478 1043 85.
1507 981 1760 1056 Captum
1784 987 1916 1040 erat
1939 981 2136 1040 lorum
2154 996 2318 1040 anno

235 1064 574 1140 superiore,
593 1065 748 1125 aede
772 1064 1042 1126 Castoris
1069 1073 1376 1140 tamquam
1402 1080 1545 1125 arce
1569 1063 1775 1141 aliqua
1791 1080 1828 1123 a
1846 1062 2118 1140 fugitivis
2136 1079 2320 1125 occu-

237 1158 409 1224 pata:
442 1147 752 1209 silebatur.
807 1147 1022 1210 Omnia
1044 1149 1359 1210 hominum
1390 1164 1578 1224 quum
1600 1156 1876 1225 egestate
1899 1155 2026 1208 tum
2056 1148 2320 1209 audacia

235 1232 610 1308 perditorum
639 1234 923 1305 clamore,
952 1248 1277 1306 concursu,
1302 1233 1382 1306 vi,
1408 1249 1589 1293 manu
1613 1233 2013 1309 gerebantur:
2045 1234 2316 1308 perfere-

232 1316 414 1377 batis.
482 1315 874 1390 Magistratus
908 1315 1153 1390 templis
1182 1316 1595 1391 pellebantur=
1644 1316 1746 1376 alii
1772 1316 2019 1377 omnino
2049 1316 2217 1378 aditu
2244 1328 2314 1377 ae

235 1403 369 1460 loro
390 1397 901 1473 prohibebanu1r=
930 1415 1111 1459 nemo
1128 1399 1478 1458 resistebat.
1510 1399 1892 1461 Gladiatores
1915 1416 1991 1459 ex
2016 1402 2314 1479 praetoris

235 1483 530 1542 comitatu
546 1480 995 1556 comprehensi,
1019 1480 1084 1539 in·
1106 1489 1388 1542 senatum
1413 1480 1765 1553 introducti,
1786 1483 2079 1556 confessi,
2102 1485 2162 1543 in
2187 1484 2310 1543 vin·

236 1567 335 1625 cla
361 1563 625 1625 coniecti
644 1581 682 1624 a
704 1563 931 1625 Milone
948 1611 962 1638 ,
993 1565 1203 1626 emissi
1226 1582 1264 1624 a
1287 1563 1588 1626 Serrano:
1619 1565 1845 1625 mentio
1868 1566 2052 1626 nulla.
2091 1566 2313 1627 Forum

231 1647 604 1725 corporibus
635 1648 857 1710 civium
885 1651 1302 1710 Romanorum
1335 1657 1713 1710 constratum
1756 1650 1950 1710 caede
1992 1658 2291 1711 nocturna

232 1751 354 1796 uon
381 1733 568 1794 modo
593 1734 760 1793 nulla
783 1750 946 1794 nova
973 1732 1277 1809 quaestio,
1293 1734 1407 1795 sed
1432 1733 1611 1795 etiam
1627 1741 1850 1795 ,vetera
1874 1732 2099 1795 iudicia
2116 1735 2311 1795 subla-

235 1828 310 1878 ta.
353 1817 686 1878 Tribunum
713 1819 911 1893 plebis
940 1819 1078 1894 plus
1101 1816 1315 1893 viginti
1341 1817 1696 1879 vulneribus
1720 1817 1995 1893 acceptis
2020 1818 2315 1880 iacentem

231 1901 788 1978 moribundumque
806 1901 1074 1963 vidistis:
1101 1901 1354 1963 alterius
1374 1902 1592 1963 tribuni
1611 1902 1826 1979 plebis,
1846 1901 2034 1962 divini
2048 1902 2314 1982 hominis

226 2020 312 2032 --
329 1987 526 2047 dicam
549 1986 707 2048 enim
730 1989 894 2062 quod
921 1986 1120 2049 sentio
1146 1996 1206 2049 et
1230 1988 1398 2063 quod
1423 2003 1660 2048 mecum
1685 1986 1953 2049 sentiunt
1969 1993 2183 2049 omnes
2218 2017 2318 2054 —-‚

226 2069 449 2141 divini,
486 2070 712 2146 insigni
754 2072 1050 2146 quadam,
1090 2070 1392 2143 inaudita,
1442 2087 1606 2132 nova
1648 2071 2066 2147 magnitudine
2110 2071 2314 2143 animi,

225 2153 556 2231 gravitate,
593 2156 718 2215 fide
749 2155 1036 2231 praediti,
1068 2157 1287 2216 domus
1319 2165 1415 2217 est
1444 2165 1799 2231 oppugnata
1825 2158 2017 2228 l'err0,
2057 2155 2315 2229 facibuS,

227 2238 509 2300 exercitu
547 2237 861 2299 Clodiano.
947 2240 1069 2299 XL.
1097 2238 1199 2301 86.
1242 2240 1319 2300 Et
1348 2247 1411 2300 tu
1453 2239 1743 2300 hocloco
1779 2241 1996 2301 laudas
2026 2240 2318 2306 Milouem

224 2333 288 2385 et
330 2321 464 2383 iure
511 2323 746 2384 laudas.
840 2322 1028 2398 Quem
1079 2322 1236 2384 enim
1270 2340 1564 2398 umquam
1592 2322 1788 2384 virum
1833 2332 1950 2385 tam
1994 2322 2316 2384 immortali

225 2408 449 2468 virtute
501 2405 806 2468 vidimus?
863 2406 967 2483 qui
1011 2409 1178 2468 nullo
1226 2407 1502 2484 praemio
1541 2406 1861 2484 proposito
1901 2416 2146 2483 praeter
2176 2407 2316 2480 hoc,

224 2492 396 2568 quod
441 2490 561 2551 iam
605 2493 927 2553 contritum
973 2500 1034 2553 et
1078 2500 1493 2567 contemptum
1538 2500 1809 2567 putatur,
1869 2490 2160 2552 iudicium
2205 2492 2315 2551 bo-

225 2592 476 2650 norum,
514 2575 717 2635 omnia
748 2575 1048 2652 pericula,
1095 2592 1373 2637 summos
1406 2576 1684 2648 labores,
1731 2575 2133 2652 gravissimas
2170 2592 2314 2638 con·

227 2657 534 2721 tentiones
559 2658 1032 2736 inimicitiasque
1056 2660 1376 2735 suscepit?
1413 2659 1518 2735 qui
1549 2659 1695 2720 mihi
1726 2678 1887 2721 unus
1919 2677 1998 2720 ex
2030 2660 2314 2721 omnibus

227 2742 471 2805 civibus
505 2742 746 2804 videtur
777 2760 845 2803 re
876 2742 1200 2816 docuisse,
1235 2760 1360 2804 non
1397 2743 1633 2817 verbiS,
1664 2754 1725 2806 et
1755 2743 1905 2820 quid
1937 2753 2249 2819 oporteret
2278 2759 2315 2801 a

228 2825 683 2902 praestantibus
717 2826 863 2887 viris
899 2826 958 2885 in
995 2843 1063 2887 re
1092 2828 1342 2903 publica
1371 2826 1522 2888 fieri¹
1548 2834 1610 2888 et
1657 2828 1803 2903 quid
1829 2843 2093 2888 necesse
2118 2836 2314 2888 esset:

226 2920 517 2987 oportere
544 2909 858 2971 hominum
883 2910 1203 2972 audacium
1222 2957 1237 2984 ,
1268 2927 1636 2973 eversorum
1658 2912 1750 2973 rei
1780 2911 2064 2988 publicae
2095 2910 2312 2972 sceleri

227 2994 471 3070 legibus
508 3003 568 3055 et
606 2992 849 3055 iudiciis
889 2995 1209 3056 resistere:
1269 2996 1321 3056 si
1357 2996 1525 3071 leges
1570 3013 1694 3056 non
1728 2997 2034 3072 valerent,
2086 2995 2312 3056 iudicia

225 3097 349 3140 non
394 3087 635 3151 essent,
687 3078 740 3139 si
782 3095 884 3140 res
920 3078 1163 3154 publica
1195 3078 1256 3139 vi
1292 3096 1732 3156 consensuque
1766 3081 2092 3142 audacium
2126 3079 2312 3141 armis

227 3179 538 3239 oppressa
572 3171 932 3235 teneretur,
961 3162 1272 3238 praesidio
1317 3173 1377 3225 et
1405 3162 1604 3239 copiis
1648 3164 1896 3226 defendi
1934 3164 2114 3225 vitam
2152 3174 2211 3224 et
2238 3162 2313 3246 li-

224 3248 523 3308 bertatem
556 3262 820 3309 necesse
851 3263 1012 3308 esse.
1112 3248 1247 3309 Hoc
1278 3248 1505 3308 sentire
1536 3248 1897 3323 prudentiae
1938 3256 2063 3319 est,
2108 3248 2316 3307 facere

227 3329 632 3404 fortitudinis,
667 3340 728 3392 et
755 3329 981 3393 sentire
1008 3347 1157 3391 vero
1183 3340 1243 3391 et
1270 3333 1473 3392 facere
1506 3333 1817 3406 perfectae
1846 3325 2317 3403 cumulataeque

227 3414 486 3476 virtutis.
565 3412 667 3477 87.
734 3414 904 3477 Adiit
929 3416 1007 3475 ad
1031 3431 1158 3475 rem
1185 3414 1490 3489 publicam
1531 3413 1812 3476 tribunus
1862 3413 2061 3491 plebis
2145 3412 2315 3478 Milo,

226 3499 306 3558 de
336 3498 515 3560 cuius
541 3499 723 3560 laude
753 3500 928 3575 plura
950 3498 1146 3560 dicam
1164 3544 1179 3571 ,
1209 3515 1332 3559 non
1359 3514 1481 3573 quo
1505 3505 1610 3557 aut
1638 3498 1775 3574 ipse
1800 3497 1955 3557 haec
1984 3493 2104 3554 dici
2131 3507 2316 3565 quam

227 3581 568 3643 existimari
592 3582 759 3643 malit
781 3591 883 3643 aut
906 3599 1021 3658 ego
1045 3581 1209 3642 hunc
1235 3582 1433 3641 laudis
1450 3581 1709 3639 fructum
1728 3594 1989 3713 praegen
1999 3576 2038 3631 ti
2060 3573 2318 3627 libenter

321 3683 430 3725 cte.
460 3668 536 3728 ΙΙ.
571 3675 623 3726 3.
