2514 3928
313 220 456 284 450
602 218 679 277 m
710 219 788 277 M.
825 217 1221 279 ANTONJUM
1251 217 1538 279 emmo
1570 218 1989 277 PHJLIPPICA
2015 220 2176 279 xm.
2350 234 2449 287 ιω

331 371 385 433 si
424 372 668 432 Marcus
722 368 949 429 violare
1003 369 1349 441 conabitur,
1394 368 1564 429 Lucii
1621 387 1758 431 eum
1816 370 2116 431 sanctitas
2180 389 2233 431 a
2306 389 2439 434 see-

330 459 454 515 lere
498 452 829 513 revocabit.
918 452 1040 511 illis
1086 456 1261 513 locus
1305 453 1355 512 si
1400 452 1460 513 in
1505 453 1619 514 hae
1655 455 1802 514 urbe
1850 453 2056 527 suerit,
2109 455 2263 529 ipsi
2309 459 2442 516 urbi

330 541 504 598 loeus
547 553 666 596 non
711 537 842 597 erit.
932 535 1048 595 Ora
1105 538 1284 597 vobis
1343 552 1553 597 eorum
1618 539 1826 614 ponite
1868 546 2011 597 ante
2077 541 2330 600 oculos
2386 552 2438 600 et

329 620 591 680 maxime
634 620 1070 695 Antoniorum,
1119 620 1461 694 incessum,
1513 629 1860 697 aspectum,
1906 622 2182 694 vultum,
2254 625 2435 700 spiri·

336 716 490 776 tum,
536 706 724 763 latera
755 713 1030 779 tegentes
1062 702 1248 774 alios,
1276 710 1632 779 [sequentes
1678 704 1877 778 aliOS,]
1921 706 2083 764 alios
2129 724 2436 783 praegre-

328 790 565 848 dientes
610 786 863 849 amieos.
952 787 1140 861 Quem
1188 787 1308 846 vini
1364 786 1724 862 anhelitum,
1790 804 1944 863 quas
2004 793 2435 851 contumelias

331 874 460 932 sore
516 871 782 931 censetis
831 871 1153 945 minasque
1187 872 1546 931 verborum!
1610 871 1738 931 Nisi
1784 874 1936 931 forte
1967 888 2084 931 eos
2128 890 2271 948 pax
2304 874 2434 950 ipsa

331 956 540 1027 leniet,
581 952 995 1029 maximeque,
1033 972 1217 1029 quum
1251 955 1310 1014 in
1343 954 1505 1014 hune
1535 955 1807 1014 ordinem
1839 955 2149 1030 venerint,
2200 961 2431 1018 saluta·

331 1040 476 1098 bunt
505 1036 786 1111 benigne,
832 1037 1085 1097 comiter
1113 1039 1511 1113 appellabunt
1547 1056 1728 1098 unum
1762 1054 2078 1113 quemque
2121 1052 2430 1103 nostrum.

331 1123 427 1181 111.
444 1121 501 1181 5.
515 1120 647 1180 Non
668 1121 1091 1192 recordamini,
1116 1138 1226 1195 per
1250 1124 1405 1182 deos
1429 1122 1829 1182 immortales!
1856 1139 2015 1196 quas
2040 1122 2106 1182 in
2136 1141 2265 1187 eos
2293 1143 2422 1187 sen-

329 1205 547 1266 tentias
562 1202 881 1265 dixeritis?
920 1207 1075 1265 Acta
1097 1205 1175 1263 Μ.
1204 1205 1451 1266 Antonii
1481 1206 1846 1265 rescidistis=
1876 1207 2056 1280 leges
2080 1208 2426 1269 restitistis:

331 1304 442 1364 per
483 1287 603 1347 vim
645 1295 706 1347 et
755 1297 968 1348 contra
1015 1288 1295 1363 auspicia
1335 1292 1486 1349 latas
1530 1288 1921 1350 decrevistis=
1972 1289 2182 1351 totius
2221 1292 2425 1353 Italiae

326 1372 587 1433 dilectus
623 1370 1030 1432 excitavistis=
1078 1373 1373 1448 collegam
1417 1381 1476 1433 et
1513 1374 1808 1432 scelerum
1855 1372 2102 1433 socium
2152 1376 2422 1436 omnium

328 1456 564 1517 hostem
595 1455 992 1516 iudicavistis,
1066 1457 1210 1516 Cum
1245 1457 1361 1516 hoe
1395 1465 1553 1530 quae
1585 1473 1706 1530 pax
1738 1464 1942 1531 potest
1971 1472 2131 1518 esse
2152 1466 2188 1516 2
2218 1459 2422 1520 Hostis

331 1537 380 1593 si
430 1543 599 1593 esset
647 1543 969 1603 externuS,
1025 1535 1083 1594 id
1128 1535 1329 1611 ipsum
1364 1537 1468 1596 vix
1510 1539 1730 1598 talibus
1765 1540 1972 1613 sactiS,
2029 1545 2155 1602 sed
2207 1557 2422 1620 posset

329 1617 535 1692 aliquo
582 1618 799 1678 modo:
854 1618 1074 1689 maria,
1123 1628 1398 1691 montes,
1446 1622 1765 1697 regionum
1811 1625 2301 1699 magnitudines
2346 1630 2420 1690 in-

331 1725 661 1778 teressent:
731 1716 977 1779 odisses
1012 1733 1179 1789 eum,
1232 1732 1411 1791 quem
1457 1733 1576 1775 non
1611 1715 1874 1774 videres.
1961 1712 2040 1771 Hi
2097 1713 2169 1774 in
2234 1715 2418 1776 oeulis

327 1802 662 1862 haerebunt
682 1811 757 1873 et,
793 1817 978 1876 quum
1012 1798 1231 1868 licebit,
1268 1801 1324 1860 in
1359 1799 1654 1858 saucibus.
1715 1797 1946 1871 Quibus
1975 1796 2150 1857 enim
2191 1798 2418 1875 saeptis

328 1894 443 1945 tam
491 1885 785 1944 immanes
816 1886 1027 1944 beluas
1060 1884 1547 1944 e'ontinebimus?
1595 1884 1675 1941 At
1716 1883 1983 1940 incertus
2018 1882 2247 1943 exitus
2272 1878 2413 1956 ,belli

327 1976 437 2032 est.
483 1970 590 2029 Est
617 1970 862 2029 omnino
891 1970 1130 2029 sortium
1150 1969 1434 2039 virorum,
1453 1968 1664 2041 quales
1696 1982 1810 2026 vos
1838 1981 1980 2025 esse
2007 1963 2298 2038 debetis,
2312 1968 2416 2026 vir·

329 2065 512 2114 tutem
545 2065 954 2128 praestare-
978 2061 1204 2112 tantum
1236 2052 1393 2111 enim
1424 2058 1683 2124 possunt
1707 2083 1810 2122 —,
1845 2051 2132 2110 fortunae
2174 2053 2415 2127 culpam

332 2154 449 2197 non
496 2132 920 2197 extimesceress
1005 2136 1066 2197 6.
1114 2135 1232 2195 Sed
1285 2134 1571 2210 qnoniam
1604 2133 1828 2192 abhoc
1862 2130 2082 2192 ordine
2127 2151 2263 2194 non
2305 2137 2412 2194 for-

329 2221 517 2281 titudo
543 2221 759 2293 solum,
792 2235 1001 2279 verum
1026 2219 1201 2278 etiam
1234 2219 1530 2294 sapientia
1563 2218 2005 2291 postulatur—
2028 2233 2414 2293 quamquam

327 2303 426 2362 vix
461 2303 741 2362 videntur
773 2302 927 2362 haee
953 2317 1141 2377 posse
1174 2300 1430 2376 seiungi,
1459 2300 1851 2374 seiungamus
1885 2308 2087 2359 tamen
2109 2335 2225 2377 —,
2253 2301 2413 2362 sorti·

326 2387 472 2447 tudo
500 2385 789 2446 dimicare
813 2385 1005 2458 iubet,
1039 2385 1261 2446 iustum
1288 2385 1491 2446 odium
1521 2384 1802 2454 incendit,
1838 2383 1918 2442 ad
1941 2383 2409 2458 confligendum

325 2469 605 2544 impellit,
656 2477 838 2529 vocat
878 2471 953 2528 ad
1004 2469 1370 2545 perieulum:
1431 2467 1576 2544 quid
1623 2464 1961 2542 sapientia?
2019 2466 2406 2529 cautioribus

329 2554 511 2615 utitur
564 2552 869 2626 consiliis,
929 2551 987 2612 in
1042 2564 1357 2627 posterum
1420 2551 1727 2628 providet,
1787 2559 1883 2611 est
1940 2551 2107 2610 omni
2166 2551 2406 2632 ratione

326 2640 558 2698 tectior.
648 2635 800 2711 Quid
843 2636 1021 2711 igitur
1060 2644 1314 2696 censet?
1367 2636 1702 2711 parendum
1744 2640 1840 2694 est
1873 2634 2061 2706 enim,
2112 2644 2307 2709 atque
2331 2634 2404 2697 iffi

327 2724 618 2797 optimum
660 2720 1083 2793 iudicandum,
1129 2720 1295 2794 quod
1355 2719 1433 2780 sit
1475 2717 1927 2793 sapientissime
1984 2717 2399 2779 constitutum.

325 2804 390 2866 Si
422 2806 538 2865 hoc
581 2803 905 2881 praecipit,
953 2819 1029 2863 ne
1061 2802 1204 2877 quid
1251 2802 1370 2862 vita
1411 2801 1749 2862 existimem
1772 2800 2131 2875 antiquius,
2162 2817 2271 2861 ‘ne
2300 2802 2399 2862 de-

325 2902 569 2948 cernam
616 2885 833 2962 capitis
866 2887 1170 2963 pericula,
1221 2886 1444 2961 fugiam
1478 2902 1656 2945 omne
1700 2882 2055 2943 discrimen:
2109 2900 2397 2957 quaeram

327 2989 403 3031 ex
442 2988 543 3030 ea=
577 2972 872 3046 Etiamne,
907 2969 962 3031 si
984 2971 1112 3040 erit,
1147 2986 1332 3045 quum
1366 2969 1423 3028 id
1459 2971 1680 3040 secero,
1717 2967 2151 3027 serviendum?
2199 2966 2269 3027 Si
2293 2983 2392 3028 an·

328 3054 553 3126 nuerit,
594 3071 670 3113 ne
703 3071 819 3129 ego
869 3052 1226 3129 sapientiam
1272 3048 1476 3126 ist'am,
1525 3050 1803 3127 quamvis
1834 3050 1913 3110 sit
1955 3050 2219 3120 erudita,
2277 3066 2395 3112 noa

324 3137 589 3196 audiam.
678 3136 783 3195 Sin
817 3137 1234 3212 responderit,
1276 3144 1341 3196 tu
1373 3153 1517 3197 vero
1547 3135 1627 3195 ita
1661 3135 1842 3194 vitam
1878 3148 2235 3208 corpusque
2270 3148 2393 3195 ser·

325 3226 498 3287 vato,
545 3216 625 3276 ita
655 3218 959 3292 fortunas,
1006 3218 1087 3280 ita
1115 3236 1242 3279 rem
1279 3218 1656 3291 familiarem,
1692 3226 1757 3278 ut
1793 3217 1946 3278 haec
1975 3217 2252 3279 libertate
2286 3234 2391 3293 po·

328 3300 583 3359 steriora
614 3299 805 3358 ducas
849 3299 1055 3374 itaque
1085 3303 1180 3363 his
1215 3300 1296 3362 uti
1329 3301 1510 3374 velis,
1549 3300 1602 3361 si
1646 3300 1834 3360 libera
1877 3317 1942 3360 re
1974 3297 2218 3374 publica
2250 3316 2391 3375 pos-

324 3380 442 3451 sis,
491 3396 603 3438 nee
636 3396 745 3453 pro
776 3380 870 3440 his
898 3381 1266 3458 libertatem,
1304 3386 1412 3445 scd
1445 3401 1555 3459 pro
1599 3382 1872 3445 libertate
1916 3384 2068 3443 haec
2104 3380 2391 3456 proiicit:

309 3470 624 3532 ‘tamquam
665 3461 919 3536 pignora
949 3464 1236 3535 iniuriae,
1279 3478 1398 3528 tum
1443 3466 1778 3543 sapientiae
1820 3482 2029 3527 vocem
2059 3463 2280 3527 audire
2305 3463 2369 3527 vi
