2514 3928
235 175 316 235 62
488 174 562 233 IN
606 174 667 233 P.
710 173 1095 234 VATINIUM
1138 172 1444 233 TESTEM
1487 173 2084 236 INTERROGATIO.

237 328 383 388 tudo
416 327 858 401 contentioniS,
904 326 1172 387 studium
1201 324 1467 400 gloriae,
1517 337 1841 402 praestans
1888 328 2161 406 animus»,
2205 348 2307 392 ex-

235 412 466 472 cellens
503 410 787 485 nobilitas
820 410 1030 486 aliquo
1078 408 1456 486 impulisset,
1500 411 1669 485 quod
1700 411 1760 470 in
1794 412 1896 473 illo
1932 413 2064 476 viro
2095 424 2156 475 et
2187 423 2312 476 tum

237 495 554 558 terendum
586 504 754 556 esset
787 503 848 556 et
882 494 1414 567 maximistrebus,
1448 505 1856 570 quas·postea
1878 497 2102 571 gessit,
2135 499 2308 559 oblit-

235 579 582 652 terandum,
629 578 687 640 id
721 587 784 640 tu
816 579 953 655 tibi,
1001 579 1278 653 furcifer,
1321 593 1559 653 sumes,
1603 587 1664 640 et
1696 579 1922 642 Vatinii
1954 581 2206 643 latronis
2238 592 2312 642 ac

237 661 524 740 sacrilegi
555 681 675 724 vox
709 663 990 725 audietur
1019 664 1138 724 hoc
1170 662 1569 739 postulantis,
1611 671 1677 724 ut
1719 662 1881 724 idem
1923 665 2042 727 sibi
2085 682 2307 727 conce-

236 749 415 809 datur
438 749 602 822 quod
633 748 924 808 Caesari?
965 748 1093 807 Vll.
1122 746 1222 810 16.
1279 746 1384 806 Sic
1406 747 1564 807 enim
1590 763 1670 808 ex
1697 755 1757 808 te
1792 766 2046 824 quaero.
2099 750 2311 810 Tribu-

238 832 562 909 nusplebis
587 833 783 894 suisti:
801 832 1058 907 seiunge
1084 839 1141 892 te
1163 849 1202 891 a
1224 833 1513 892 consule=
1544 832 1818 908 collegas
1841 833 2106 894 habuisti
2138 832 2311 895 viros

237 919 427 979 fortes
482 933 728 978 novem.
802 917 897 976 Ex
942 915 1018 976 iis
1053 924 1178 977 tres
1221 923 1424 988 erant,
1478 932 1639 991 quos
1685 925 1746 977 tu
1785 916 2312 981 cotidie-'sciebas

238 1017 490 1062 servare
521 1001 600 1061 de
630 1002 836 1073 caelo,
880 1016 1039 1076 quos
1075 999 1409 1073 irridebaS,
1455 1016 1615 1075 quos
1649 1000 1921 1075 privatos
1951 1016 2095 1062 esse
2139 1000 2305 1061 dice-

236 1087 380 1161 bas,
422 1086 502 1146 de
534 1084 762 1161 quibus
794 1086 954 1146 duos
987 1091 1404 1160 praetextatos
1435 1085 1726 1145 sedentes
1760 1084 1965 1158 videS‚
2022 1092 2082 1146 te
2112 1084 2305 1164 [aedi-

237 1169 460 1248 liciam]
494 1176 867 1246 praetextam
902 1178 1135 1244 togam,
1184 1184 1368 1244 quam
1402 1169 1626 1229 frustra
1660 1169 2051 1242 confeceras,
2096 1168 2309 1230 vendi-

237 1254 441 1325 disse,
506 1254 743 1315 tertium
789 1255 914 1315 scis
945 1266 1028 1314 ex‘
1054 1253 1158 1314 illo
1195 1253 1461 1314 obsesso
1498 1261 1685 1329 atque
1719 1252 1970 1316 adflicto
1999 1255 2310 1316 tribunatu

235 1339 621 1400 consularem
661 1338 1080 1400 auctoritatem
1125 1335 1434 1398 hominem
1476 1354 1621 1398 esse
1663 1339 2129 1399 ‘adolescentem
2160 1354 2306 1400 con·

235 1431 530 1484 secutum.
594 1421 834 1499 Reliqui
880 1438 991 1483 sex
1034 1423 1307 1498 suerunt,
1384 1440 1420 1483 e
1470 1420 1694 1498 quibus
1735 1424 1949 1498 partim
2001 1423 2183 1498 plane
2225 1431 2308 1482 te·

235 1525 374 1569 cum
405 1505 780 1580 sentiebant,
814 1504 1025 1582 partim
1061 1506 1326 1567 medium
1354 1506 1679 1582 quemdam
1710 1523 1959 1567 cursum
1990 1509 2309 1568 tenebant2

236 1608 451 1654 omnes
481 1592 824 1652 habuerunt
843 1593 1015 1665 leges
1035 1591 1483 1667 promulgatas,
1516 1591 1577 1651 in
1614 1590 1709 1652 eis
1740 1592 1961 1652 multas
1997 1608 2171 1652 meus
2202 1607 2303 1650 ne·

234 1675 567 1751 cessarius,
595 1674 777 1736 etiam
807 1675 886 1734 de
926 1691 1062 1734 mea
1093 1673 1425 1748 sententia,
1470 1675 1532 1736 C.
1564 1674 1937 1748 CosconiuS,
1967 1673 2152 1737 iudex
2198 1690 2305 1734 no-

233 1769 392 1833 ster,
425 1776 606 1835 quem
639 1768 704 1820 tu
733 1757 1140 1835 disrumperis
1173 1775 1362 1835 quum
1392 1759 1737 1821 aedilicium
1764 1758 1959 1820 vides·
2013 1757 2114 1823 17.
2142 1760 2306 1820 Volo

237 1843 317 1904 uti
350 1842 493 1902 mihi
522 1844 910 1918 respondeas
946 1859 1088 1903 num
1120 1843 1262 1919 quis
1307 1859 1387 1903 ex
1416 1852 1542 1905 toto
1575 1844 1834 1919 collegio
1866 1845 2059 1919 legem
2093 1841 2172 1904 sit
2199 1860 2291 1902 au·

235 1945 343 1989 sus
377 1927 536 1987 ferre
566 1936 812 2004 praeter
843 1944 1030 1989 unum
1064 1935 1162 1990 te?
1213 1943 1374 2002 quae
1411 1935 1573 1990 tanta
1615 1927 1673 1988 in
1710 1936 1768 1989 te
1816 1927 1996 1989 suerit
2028 1926 2305 1994 audacia.

236 2028 394 2089 quae
429 2020 598 2073 tanta
628 2010 754 2084 vis,
808 2021 901 2083 ut,
942 2013 1112 2089 quod
1144 2029 1369 2073 novem
1398 2011 1485 2074 tui
1514 2013 1791 2088 collegae
1814 2012 1939 2074 'sibi
1974 2012 2305 2074 timendum

233 2113 378 2159 esse
411 2095 725 2169 duxerint,
772 2097 832 2156 id
866 2114 1026 2158 unus
1061 2106 1123 2158 tu
1170 2113 1448 2158 emersus
1479 2114 1514 2157 e
1547 2113 1773 2169 caeno,
1820 2095 2090 2159 omnium
2129 2095 2306 2156 facile

233 2181 519 2242 omnibus
549 2182 735 2242 rebus
760 2180 1037 2255 infimuS,
1070 2183 1616 2255 contemnendum,
1646 2180 2132 2257 despiciendum,
2173 2179 2306 2239 irri⁶

231 2266 500 2325 dendum
545 2273 838 2340 putares?
902 2284 1042 2328 num
1091 2282 1275 2341 quem
1324 2274 1467 2341 post
1513 2267 1722 2326 urbem
1780 2265 2086 2327 conditam
2141 2263 2305 2325 scias

232 2349 534 2410 tribunum
557 2350 761 2426 plebis
783 2349 991 2425 egisse
1006 2366 1142 2411 cum
1178 2350 1387 2424 plebe,
1437 2368 1620 2425 quum
1653 2358 1964 2411 constaret
1995 2357 2304 2409 servatum

230 2437 377 2495 esse
408 2434 488 2495 de
517 2436 737 2495 caelo?
801 2432 901 2497 18.
948 2432 1139 2495 Simul
1171 2434 1356 2494 etiam
1396 2433 1544 2494 illud
1593 2436 1736 2494 volo
1771 2433 1855 2494 uti
1897 2434 2303 2509 respondeaS,

233 2535 419 2595 quum
464 2527 523 2580 te
571 2518 814 2580 tribuno
849 2518 1046 2593 plebis
1078 2526 1250 2578 esset
1290 2518 1469 2579 etiam
1515 2526 1640 2579 tum
1682 2518 1742 2577 in
1792 2535 1859 2579 re
1907 2516 2151 2593 publica
2205 2518 2307 2576 lex

134 2645 155 2652 ,κ
232 2605 405 2664 Aelia
434 2613 495 2665 et
520 2603 726 2677 Fufia,
762 2619 923 2679 quae
959 2603 1127 2676 leges
1159 2618 1352 2677 saepe
1380 2620 1635 2664 numero
1668 2601 2028 2662 tribunicios
2062 2601 2303 2662 furores

230 2686 622 2750 debilitarunt
666 2695 726 2748 et
773 2695 1234 2763 represserunt,
1290 2703 1448 2762 quas
1493 2695 1706 2748 contra
1749 2694 1995 2761 praeter
2023 2694 2082 2746 te
2125 2700 2306 2745 nemo

216 2789 517 2847 umquam
550 2782 647 2833 est
678 2774 882 2833 facere
912 2779 1170 2833 conatus
1190 2789 1275 2815 -ὲ
1305 2786 1464 2845 quae
1490 2770 1736 2846 quidem
1755 2771 1924 2846 leges
1948 2786 2112 2830 anno
2145 2778 2306 2845 post,

228 2856 588 2917 sedentibus
634 2858 693 2916 in
730 2858 958 2932 templo
992 2856 1238 2916 duobus
1275 2872 1397 2915 non
1433 2854 1821 2926 consulibus,
1876 2855 1991 2916 sed
2034 2851 2308 2930 prodito-

138 2989 155 2994 „
228 2938 401 3001 ribus
432 2940 614 3000 huius
656 2939 918 3001 civitatis
962 2956 1038 3000 ac
1081 2939 1392 3016 pestibuS,
1440 2956 1740 3000 una-cum
1782 2938 2113 3015 auspiciis,
2167 2952 2309 2998 cum

228 3022 798 3097 intercessionibus,
836 3041 974 3085 curn
1006 3022 1171 3087 omni
1202 3023 1335 3085 iure
1369 3025 1613 3099 publico
1642 3022 2181 3098 conflagraverunt
2205 3056 2309 3096 -‚

228 3109 556 3183 ecquando
581 3108 878 3171 dubitaris
902 3117 1115 3170 contra
1145 3125 1253 3169 eas
1287 3109 1456 3185 leges
1480 3125 1617 3170 cum
1643 3108 1823 3184 plebe
1854 3122 2039 3183 agere
2068 3114 2129 3167 et
2160 3122 2311 3167 con-

229 3191 434 3253 cilium
477 3201 873 3256 convocare?
930 3210 1073 3254 num
1133 3210 1316 3269 quem
1363 3208 1441 3253 ex
1485 3192 1772 3254 omnibus
1789 3192 2072 3253 tribunos
2095 3189 2313 3265 plebis,

230 3275 603 3354 quicumque
641 3275 922 3339 seditiosi
965 3277 1241 3348 fue‘runt,
1295 3285 1415 3339 tam
1450 3278 1749 3338 audacem
1790 3273 2062 3335 audieris
2094 3271 2311 3347 ruisse,

232 3370 295 3422 ut
324 3378 614 3437 umquam
671 3370 886 3423 contra
921 3362 1119 3436 legem
1151 3361 1389 3422 Aeliam
1430 3369 1536 3422 aut
1562 3361 1796 3422 Fufiam
1840 3357 2166 3421 concilium
2203 3356 2310 3416 ad·

230 3453 521 3508 vocaret?
1309 3449 1316 3455 “
1617 3448 1622 3453 ’
