2514 3928
95 268 177 325 ιι
694 352 697 356 ἡ
766 258 932 319 cAP.
962 267 1158 320 3-—5.
1203 266 1255 325 s.
1285 270 1516 323 5—11.
1767 280 1773 285 ·
2072 263 2194 326 315

86 430 249 492 gem
279 428 375 471 me
404 426 693 485 umquam
717 411 799 471 ad
830 416 895 471 te
923 408 1077 471 istas
1108 409 1346 473 litteras
1373 409 1661 473 misisse?
1693 461 1698 466 .
1727 430 1850 487 quo
1895 429 1993 473 nne
2035 422 2191 474 teste

92 495 494 557 convincas?
555 493 652 552 An
701 492 1152 568 chirographo?
1191 495 1249 553 in
1285 511 1407 567 quo
1435 493 1625 555 habes
1655 494 1970 562 scientiam
2004 514 2185 572 quae-

91 590 406 642 stuosam.
446 574 560 650 Qui
597 574 847 650 possis?
896 574 1050 637 Sunt
1076 576 1235 637 enim
1268 576 1494 637 librarii
1525 594 1723 638 manu.
1780 580 1905 644 lam
1941 578 2187 642 invideo

91 661 402 737 magistro
434 669 569 730 tuo,
616 657 719 735 qui
753 666 809 719 te
837 666 1003 720 tanta
1035 661 1352 734 mercede,
1398 668 1684 735 quantam
1715 660 1830 721 iam
1863 664 2184 737 proferam,

97 745 256 806 nihil
291 760 512 820 sapere
544 742 779 822 doceat.
864 740 925 803 9.
962 742 1112 816 Quid
1151 743 1311 804 enim
1345 751 1441 804 est
1488 742 1686 804 minus
1732 760 1853 804 non
1884 743 2021 805 dico
2052 763 2181 806 ora·

91 828 291 900 toris,
322 828 435 887 sed
471 825 731 886 hominis
763 842 945 900 quam
979 826 1036 885 id
1073 825 1340 887 obiicere
1370 826 1760 898 adversario,
1807 827 1973 901 quod
2004 827 2104 889 ille
2134 829 2188 889 si

100 912 300 973 verbo
332 910 581 987 negarit,
618 907 858 984 longius
891 910 1177 985 progredi
1208 927 1328 971 non
1360 909 1566 985 possit,
1589 909 1694 985 qui
1730 909 2066 973 obiecerit?
2108 913 2187 972 At

89 1012 226 1071 ego
262 1012 382 1056 non
414 1010 602 1069 neg0,
649 1001 827 1069 teque
858 991 916 1052 in
948 992 1064 1057 isto
1098 995 1236 1069 ipso
1270 992 1571 1055 convinco
1623 1010 1741 1054 non
1788 993 2185 1054 inhumanita-

95 1079 184 1139 tis
216 1081 448 1151 solum,
494 1077 606 1138 sed
648 1075 826 1136 etiam
860 1076 1179 1137 amentiae.
1260 1078 1436 1151 Quod
1478 1076 1638 1138 enim
1669 1079 1921 1139 verbum
1955 1076 2013 1137 in
2052 1077 2185 1138 istis

101 1162 322 1224 litteris
366 1170 460 1222 est
505 1177 628 1220 non
675 1161 920 1234 plenum
954 1159 1372 1234 humanitatiS,
1415 1161 1634 1234 officii,
1678 1161 2188 1223 benevolentiae?

94 1245 301 1306 Omne
344 1254 545 1306 autem
580 1242 805 1303 crimen
835 1250 1002 1303 tuum
1034 1250 1155 1317 est,
1202 1244 1373 1318 quod
1402 1244 1479 1304 de
1514 1253 1572 1306 te
1601 1244 1660 1304 in
1690 1244 1787 1305 his
1822 1244 2030 1307 litteris
2062 1262 2181 1306 non

99 1330 266 1392 male
293 1326 660 1396 existimem,
698 1326 867 1401 quod
896 1324 1157 1388 scribam
1186 1335 1492 1402 tamquam
1523 1328 1601 1387 ad
1633 1326 1847 1401 civem,
1881 1338 2184 1403 tamquam

97 1413 186 1474 -ad
220 1413 447 1472 bonum
475 1408 703 1482 virum,
749 1425 871 1470 non
913 1416 1216 1485 tamquam
1261 1410 1341 1470 ad
1388 1411 1752 1474 sceleratum
1787 1420 1846 1470 et
1866 1412 2185 1472 latronem,

102 1497 187 1557 At
217 1512 335 1570 ego
371 1503 503 1555 tuas
538 1492 800 1565 litteraS,
851 1492 968 1554 etsi
1011 1491 1142 1552 iure
1183 1502 1460 1577 poteram
1504 1511 1541 1554 a
1585 1501 1644 1553 te
1692 1492 2052 1568 lacessituS,
2097 1503 2180 1555 ta-

106 1596 249 1641 men
282 1595 400 1639 non
442 1578 775 1652 proferam:
808 1574 1030 1651 quibus
1062 1576 1219 1652 petis
1255 1586 1320 1639 ut
1355 1577 1456 1637 tibi
1490 1593 1600 1652 per
1631 1593 1728 1638 me
1761 1576 1941 1639 liceat
1973 1593 2181 1654 quem-

101 1664 249 1723 dam
294 1663 371 1722 de
418 1660 635 1722 exsilio
678 1659 1005 1733 reducere,
1050 1658 1423 1737 adiurasque
1474 1660 1533 1721 id
1580 1670 1635 1721 tc
1686 1659 1873 1721 invito
1915 1677 2013 1720 me
2062 1678 2182 1723 non

103 1763 252 1807 esse
273 1747 608 1840 facturum,
645 1744 832 1822 idque
860 1760 896 1804 a
927 1761 1020 1808 me
1050 1743 1358 1822 impetras,
1413 1743 1565 1826 Quid
1598 1745 1756 1804 enim
1789 1760 1886 1806 rne
1916 1743 2185 1819 interpo-

106 1845 314 1890 nerem
343 1827 637 1890 audaciae
667 1837 833 1899 tuae,
887 1845 1065 1903 quam
1112 1843 1313 1904 neque
1359 1829 1690 1890 auctoritas
1732 1826 1912 1890 huius
1956 1828 2185 1889 ordinis

107 1930 307 1990 neque
339 1911 703 1979 existimatio
756 1911 963 1988 populi
996 1911 1253 1973 Romani
1296 1929 1497 1988 neque
1543 1912 1711 1988 leges
1739 1913 1898 1974 ullae
1929 1923 2186 1989 possent

106 2000 440 2058 coercere?
527 1996 624 2057 10.
653 1999 882 2057 Verum
912 2005 1109 2059 tamen
1147 1996 1294 2072 quid
1329 2005 1457 2061 erat
1491 1997 1658 2072 quod
1691 2013 1787 2057 me
1817 2011 2101 2072 rogareS,
2131 1995 2182 2055 si

108 2089 239 2141 erat
273 2081 357 2153 is,
396 2081 473 2140 de
504 2096 627 2155 quo
660 2080 958 2155 rogabas,
990 2079 1267 2141 Caesaris
1298 2081 1432 2156 lege
1462 2081 1799 2141 reduetus?
1855 2079 1979 2141 Sed
2018 2072 2184 2138 vide·

108 2163 252 2224 licet
283 2179 477 2225 meam
512 2161 762 2238 gratiam
799 2162 983 2224 voluit
1012 2179 1173 2237 esse,
1202 2164 1260 2222 in
1296 2179 1419 2239 quo
1453 2180 1528 2227 ne
1558 2158 1754 2240 iffi->ius
1789 2163 2032 2240 quidem
2066 2162 2186 2222 ulta

106 2263 253 2308 esse
295 2252 531 2321 poterat
560 2246 694 2320 lege
728 2248 866 2307 lata.

274 2331 350 2388 V.
394 2330 515 2391 Sed
553 2347 739 2407 quum
763 2329 922 2402 mihi,
956 2342 1163 2408 patres
1194 2328 1560 2407 conscripti,
1591 2338 1652 2392 et
1680 2347 1794 2406 pro
1822 2345 1921 2391 me
1953 2326 2184 2404 aliquid

105 2421 181 2491 et·
198 2412 255 2473 in
291 2412 371 2472 M.
405 2413 733 2482 Antonium
765 2416 950 2475 multa
979 2413 1241 2477 dicenda
1273 2414 1422 2488 sint,
1451 2415 1705 2477 alterum
1739 2423 1880 2491 peto
1913 2430 1950 2472 a
1988 2412 2178 2483 vobiS‚

103 2506 173 2558 ut
215 2513 310 2559 me
352 2513 466 2573 pro
508 2515 603 2558 me
646 2496 942 2561 dicentem
983 2498 1279 2574 benig-ne,
1323 2499 1576 2565 alterum
1617 2496 1755 2574 ipse
1795 2497 2056 2557 efficiam
2101 2504 2184 2566 ut,

105 2591 318 2647 eontra
346 2581 511 2641 iilum
541 2598 727 2657 quum
758 2582 986 2655 dicam,
1033 2589 1259 2642 attente
1292 2580 1576 2643 audiatis.
1643 2580 1836 2642 Simul
1863 2578 2011 2642 illud
2039 2594 2181 2639 oro:

106 2663 163 2724 si
196 2681 391 2727 meam
440 2682 628 2741 quum
666 2666 726 2725 in
770 2664 935 2731 omni
975 2666 1099 2727 vita
1140 2672 1267 2727 tum
1311 2663 1371 2724 in
1403 2663 1667 2725 dicendo
1699 2659 2180 2724 moderationem

106 2748 589 2843 modestiamque
618 2748 966 2824 cognostis,
1000 2766 1077 2810 ne
1106 2765 1205 2810 me
1226 2747 1448 2830 hodie,
1483 2763 1669 2842 quum
1698 2744 1830 2820 isti,
1859 2753 1926 2805 ut
1955 2759 2173 2818 provo·

103 2830 294 2901 cavit,
329 2833 746 2907 respon-dem,
795 2831 1047 2894 oblitum
1089 2848 1233 2895 esse
1273 2829 1499 2908 putetis
1532 2829 1671 2891 mei.
1735 2830 1869 2890 Non
1903 2826 2176 2889 tractabo

104 2921 171 2976 ut
198 2916 545 2976 consulem=
609 2933 686 2976 ne
728 2917 829 2976 ille
885 2915 1127 2992 quidem
1172 2931 1270 2976 me
1318 2923 1387 2977 ut
1424 2914 1829 2975 consularem.
1899 2909 2030 2973 Etsi
2079 2907 2180 2971 ille

106 2999 267 3058 nullo
297 2999 483 3060 modo
516 3001 761 3074 consul,
808 3001 906 3061 vet
954 3001 1122 3076 quod
1168 2998 1250 3063 ita
1294 2997 1440 3062 vivit
1466 2999 1566 3059 vel
1602 2997 1770 3073 quod
1803 2997 1880 3058 ita
1909 3011 2036 3055 rem
2065 3011 2175 3070 pu

106 3078 321 3143 blicam
360 3083 515 3157 gerit
555 3083 648 3143 vel
699 3083 864 3158 quod
907 3082 990 3149 ita
1033 3084 1228 3149 factus
1272 3091 1399 3144 est·
1445 3097 1562 3160 ego
1605 3081 1739 3142 sine
1780 3082 1903 3143 ulla
1937 3086 2181 3139 contro--

110 3165 304 3227 versia
333 3165 706 3231 consularis.
787 3163 884 3231 11
918 3167 998 3229 Ut
1023 3165 1203 3247 igitur
1223 3166 1640 3241 intelligeretis
1669 3166 1911 3242 qualem
1940 3162 2080 3239 ipse
2110 3177 2180 3220 se

109 3249 417 3310 consulem
461 3249 880 3326 profiteretur,
926 3248 1149 3311 obiecit
1188 3249 1334 3311 mihi
1366 3252 1749 3311 consulatum
1780 3254 2001 3316 meum.
2067 3242 2178 3316 Qui

109 3333 457 3395 consulatus
472 3333 663 3395 verbo
692 3350 888 3409 meus,
919 3342 1124 3408 patres
1152 3331 1505 3409 conscripti,
1532 3349 1600 3397 re
1631 3340 1838 3394 vester
1860 3329 1986 3390 suit.
2019 3324 2178 3400 Quid

109 3412 263 3475 enim
310 3432 426 3490 ego
470 3416 788 3491 constitui,
832 3416 983 3494 quid
1019 3416 1220 3492 gessi,
1267 3416 1416 3492 quid
1461 3415 1561 3492 egi
1601 3414 1722 3476 nisi
1751 3430 1830 3474 ex
1862 3409 2046 3471 huius
2081 3422 2180 3466 or·

107 3494 261 3560 dinis
298 3496 575 3574 consilio,
608 3500 985 3574 auctoritate,
1018 3499 1362 3561 sententia?
1397 3500 1566 3559 Haec
1597 3504 1666 3560 tu
1691 3497 1877 3556 homo
1909 3487 2186 3566 sapiens,
