2514 3928
193 246 288 301 127
868 242 1031 302 CAP-
1066 253 1257 304 1—2.
1302 248 1353 308 S.
1386 252 1577 304 1—5.
2127 238 2252 301 425

183 388 246 450 in
279 407 395 451 nos
422 408 602 467 quam
632 398 692 450 ln
720 391 960 453 hostem
992 391 1295 468 supplicia
1326 392 1674 453 meditatum
1717 401 1972 455 mortem
2001 403 2252 455 naturae

184 489 449 548 poenam
491 481 660 549 putat
700 489 876 547 esse,
921 472 1274 535 iracundiae
1323 482 1618 548 tormenta
1667 483 1852 552 atque
1899 477 2249 540 cruciatum.

184 555 395 630 Qualis
428 556 609 633 igitur
635 556 829 619 hostis
860 558 1179 618 habendus
1203 564 1300 618 est
1331 558 1413 631 is,
1453 573 1492 617 a
1521 575 1645 633 quo
1677 560 1906 619 victore
1936 560 1989 620 si
2021 559 2250 621 crucia·

183 648 283 701 tus
323 638 509 713 absit,
550 656 715 701 mors
756 639 815 700 in
853 639 1135 701 beneficii
1175 648 1346 715 parte
1376 647 1764 701 numeretur?
1844 642 1918 701 ΙΙ.
1949 642 2135 716 Quam
2173 644 2252 704 ob

180 738 348 796 rem,
392 731 598 798 pat-es
639 721 1002 799 conscripti,
1045 739 1416 799 quamquam
1460 722 1767 783 hortatore
1795 741 1918 783 non
1952 727 2144 799 egetis
2169 759 2256 771 --

180 806 304 882 ipsi
335 805 496 865 enim
525 814 731 868 vestra
760 817 981 882 sponte
1012 806 1331 867 exarsistis
1362 807 1439 866 ad
1470 804 1765 866 libertatis
1796 808 2255 882 recuperandae

179 887 574 965 cupiditatem
601 921 703 962 --,
735 897 935 951 tamen
968 906 1042 950 eo
1068 888 1298 949 maiore
1326 888 1528 949 animo
1560 888 1891 964 studioque
1920 889 2255 951 libertatem

105 969 132 984 ⁸
179 971 519 1044 defendite,
572 989 696 1047 quo
737 971 968 1034 maiora
1012 972 1331 1048 proposita
1370 969 1546 1033 victis
1601 971 1907 1048 supplicia
1946 972 2254 1035 servitutis

172 1054 424 1116 videtis.
485 1054 546 1116 4.
578 1056 644 1114 In
676 1055 926 1116 Galliam
961 1055 1183 1117 invasit
1208 1055 1531 1127 Antonius,
1568 1054 1627 1115 in
1664 1054 1875 1114 Asiam
1909 1055 2252 1116 Dolabella:

174 1140 237 1197 in
270 1138 530 1199 alienam
562 1147 821 1215 uterque
847 1138 1246 1215 provinciam.
1313 1138 1504 1199 Alteri
1536 1154 1606 1199 se
1632 1137 1859 1199 Brutus
1890 1137 2118 1200 obiecit
2144 1138 2253 1198 im-

180 1230 513 1297 petumque
547 1222 798 1284 lurentis
828 1231 1012 1297 atque
1041 1219 1244 1283 omnia
1277 1222 1566 1281 divexare
1607 1236 1681 1281 ac
1712 1219 1976 1295 diripere
2006 1221 2253 1296 cupien-

181 1303 258 1363 tis
289 1304 452 1365 vitae
477 1321 627 1365 suae
661 1307 934 1380 periculo
967 1303 1300 1381 colligavit,
1345 1319 1683 1379 progressu
1722 1303 1944 1377 arcuit,
1986 1320 2025 1364 a
2053 1304 2247 1371 reditu

179 1388 536 1448 refrenavit=
584 1388 852 1449 obsideri
900 1404 971 1449 se
1011 1404 1237 1463 passus
1281 1403 1360 1447 ex
1393 1396 1653 1460 utraque
1688 1395 1859 1462 parte
1893 1387 2251 1450 constrinxit

179 1469 533 1532 Antonium.
620 1472 790 1532 Alter
817 1470 879 1531 in
911 1470 1120 1531 Asiam
1151 1468 1385 1545 irrupit.
1473 1470 1634 1531 Cur?
1686 1468 1772 1544 Si,
1802 1470 1956 1533 utin
1990 1469 2251 1550 Syriam,

181 1554 430 1629 patebat
465 1559 563 1609 via
587 1561 650 1612 et
672 1562 838 1612 certa
870 1571 1073 1628 neque
1096 1556 1310 1628 longa:
1340 1555 1454 1626 sin,
1493 1558 1561 1611 ut
1580 1552 1667 1611 ad
1692 1552 2066 1627 Trebonium,
2102 1551 2250 1626 quid

183 1646 349 1707 opus
375 1633 488 1692 ruit
509 1648 646 1693 cum
681 1636 923 1711 legione
957 1638 1302 1712 praemisso
1329 1636 1534 1695 Marso
1572 1634 1946 1710 nescioquo
1971 1634 2249 1709 Octavi0‚

184 1718 495 1786 scelerato
510 1718 746 1778 latrone
761 1727 948 1794 atque
962 1720 1164 1795 egenti
1180 1721 1207 1779 ‘l
1232 1717 1338 1793 qui
1355 1719 1758 1793 popularetur
1769 1734 1977 1794 agros,
1993 1725 2252 1778 vexaret

184 1798 375 1859 urbes
399 1817 524 1861 non
549 1802 625 1860 ad
652 1818 827 1877 spem
855 1802 1325 1864 constituendae
1354 1801 1443 1861 rei
1468 1800 1793 1873 familiaris,
1831 1812 2013 1876 quam
2038 1808 2251 1861 tenere

184 1897 322 1941 eum
350 1898 541 1958 posse
563 1894 793 1960 negant
810 1887 915 1960 qui
937 1895 1164 1947 norunt
1179 1918 1253 1931 -
1273 1884 1416 1945 mihi
1439 1885 1598 1945 enim
1619 1884 1717 1944 hic
1728 1893 1982 1946 senator
2000 1884 2248 1961 ignotus

184 1973 284 2025 est
305 1999 409 2038 —,
438 1968 553 2027 sed
582 1969 661 2027 ad
694 1979 1081 2045 praesentem
1107 1978 1353 2047 pastum
1377 1968 1758 2029 mendiciatis
1791 1985 1961 2029 suae.
2008 1974 2068 2029 5.
2094 1969 2247 2030 Con-

186 2057 440 2109 secutus
484 2058 594 2110 est‘
622 2052 936 2112 Dolabella
978 2057 1143 2115 nulla
1190 2052 1545 2128 suspitione
1567 2051 1727 2111 belli.
1806 2052 1952 2125 Quis
1978 2051 2154 2111 ‘enim
2189 2049 2251 2110 id

187 2134 471 2207 putaret?
502 2133 767 2195 Secutae
787 2138 1233 2198 collocutiones
1256 2134 1766 2199 familiarissimae
1788 2150 1924 2194 culn
1939 2133 2249 2194 Trebonio

187 2218 677 2292 complexusque
715 2233 991 2280 summae
1024 2219 1494 2281 benevolentiae
1531 2218 1670 2278 salsi
1714 2217 1950 2278 indices
2004 2216 2250 2278 exstite-

185 2310 332 2361 runt
359 2300 419 2359 in
451 2314 663 2361 amore
687 2302 1003 2364 simulato:
1037 2305 1364 2380 dexterae,
1397 2301 1732 2377 quaelidei
1761 2292 1954 2362 testes
1986 2315 2130 2361 esse
2152 2316 2251 2360 so-

190 2383 410 2454 lebant,
442 2392 587 2444 sunt
608 2385 870 2461 perfidia
901 2394 960 2446 et
988 2391 1225 2448 scelere
1262 2377 1557 2446 violatae:
1596 2393 1934 2446 nocturnus
1968 2382 2250 2445 introitus

191 2465 515 2543 Zmyrnam
547 2470 725 2542 quasi
750 2471 808 2530 in
834 2469 1101 2531 hostium
1125 2471 1360 2541 urbem,
1385 2485 1544 2543 quae
1568 2477 1666 2530 est
1687 2468 2124 2529 fidissimorum
2149 2482 2252 2526 an·

189 2549 802 2629 tiquissimorumque
832 2553 1176 2614 sociorum:
1212 2567 1556 2628 oppressus
1587 2551 1958 2612 Trebonius:
1993 2550 2048 2610 si
2076 2558 2144 2610 ut
2174 2549 2253 2609 ab

194 2647 301 2703 eo,
343 2631 449 2706 qui
476 2641 686 2707 aperte
716 2631 914 2694 hostis
944 2642 1145 2706 esset,
1187 2633 1500 2694 incautus=
1548 2630 1603 2694 si
1629 2641 1697 2693 ut
1723 2633 1802 2693 ab
1832 2649 1907 2693 eo
1926 2677 1941 2704 ,
1971 2632 2075 2706 qui
2107 2631 2261 2695 civis

195 2713 375 2775 etiam
416 2722 541 2775 tum
574 2715 843 2791 speciem
873 2714 1155 2793 haberet,
1196 2715 1402 2778 miser.
1484 2716 1577 2775 Ex
1612 2732 1735 2790 quo
1767 2712 2041 2774 nimirum
2074 2715 2258 2774 docu—

196 2803 458 2857 mentum
500 2813 614 2857 nos
651 2814 875 2874 capere
916 2799 1155 2859 fortuna
1191 2797 1386 2861 voluit
1419 2799 1566 2875 quid
1608 2805 1778 2859 esset
1807 2796 1982 2859 victis
2013 2797 2263 2858 extime-

196 2881 511 2940 scendum.
598 2880 989 2942 Consularem
1036 2880 1343 2943 hominem
1384 2881 1692 2943 consulari
1733 2879 1987 2957 imperio
2017 2879 2268 2956 provin-

196 2963 348 3023 ciam
376 2960 589 3023 Asiam
630 2963 1002 3025 obtinentem
1034 2964 1332 3027 Samiario
1376 2964 1576 3027 exsuli
1607 2965 1878 3027 tradiditz
1921 2963 2267 3025 interficere

196 3053 438 3121 captum
481 3047 682 3107 statim
724 3045 945 3121 noluit,
986 3064 1064 3108 ne
1102 3047 1313 3120 nimiS‚
1359 3050 1576 3122 credo,
1622 3050 1680 3108 in
1711 3048 1966 3110 victoria
1997 3047 2263 3108 liberalis

196 3126 522 3189 videretur.
610 3129 805 3202 Quum
836 3131 1160 3192 verborum
1204 3131 1587 3192 contumeliis
1623 3133 1915 3208 optimum
1948 3130 2144 3191 virum
2174 3128 2261 3190 in-

195 3218 368 3272 cesto
411 3227 519 3273 ore
552 3212 915 3285 lacerasset,
959 3222 1082 3274 turn
1113 3214 1476 3276 verberibus
1504 3230 1577 3274 ac
1606 3214 1919 3276 tormentis
1956 3210 2262 3289 quaestio·

199 3310 334 3354 nem
370 3292 582 3356 habuit
610 3295 908 3371 pecuniae
938 3296 1234 3372 publicae,
1268 3296 1456 3372 idque
1484 3313 1597 3373 per
1621 3298 1890 3358 biduum.
1959 3296 2106 3355 Post
2133 3309 2260 3353 cer-

197 3376 433 3437 vicibus
463 3378 672 3441 fractis
702 3387 886 3453 caput
914 3378 1190 3451 abscidit,
1222 3378 1413 3454 idque
1440 3380 1712 3440 adfixum
1740 3377 1966 3459 gestari
1995 3377 2175 3437 iussit
2202 3374 2259 3434 in

197 3458 353 3535 pilo=
377 3458 678 3536 reliquum
705 3477 932 3537 corpus
954 3469 1209 3523 tractum
1232 3471 1419 3534 atque
1441 3463 1725 3522 laniatum
1753 3458 1974 3520 abiecit
1993 3457 2053 3518 in
2077 3471 2261 3517 mare.
