2514 3928
143 287 214 335 27
787 280 955 339 CAP.
990 288 1224 339 15—18.
1266 288 1317 350 S.
1349 287 1588 339 38—44.
2103 276 2223 339 325

149 446 344 509 selius
369 463 493 522 qua
517 447 670 507 facie
696 446 894 520 suerit,
928 465 1050 523 qua
1078 456 1331 517 statura,
1367 463 1489 521 quo
1517 445 1869 522 municipio,
1897 461 2019 520 qua
2046 444 2223 505 tribu.

147 531 307 592 Nihil
331 532 484 602 scio,
511 530 733 606 inquiS,
763 532 878 592 nisi
906 547 1066 607 quae
1088 531 1345 608 praedia
1361 530 1654 590 habuerit.
1689 532 1748 589 Is
1772 530 1954 605 igitur
1977 531 2223 589 fratrem

149 615 548 674 exheredans
579 620 641 675 te
675 615 939 676 faciebat
962 616 1276 676 heredem.
1345 615 1410 674 In
1439 617 1660 674 multas
1689 621 2014 689 praeterea
2044 630 2226 689 pecu·

148 699 287 758 nias
313 697 829 782 alienissimorum
854 697 1168 761 hominum
1195 697 1259 757 vi·
1279 698 1494 759 eiectis
1518 697 1684 758 veris
1711 697 2058 764 heredibus,
2086 706 2227 756 tam-

158 800 345 859 quam
376 783 556 844 heres
588 789 784 857 esset,
815 783 1055 843 invasit.
1142 781 1245 843 42.
1279 782 1656 858 Quamquam
1684 781 1803 841 hoc
1835 781 2094 840 maxime
2123 784 2227 841 ad-

157 866 415 928 miratus
447 884 612 940 sum,
655 865 1020 927 mentionem
1059 874 1119 927 te
1147 865 1551 927 hereditatum
1581 881 1801 925 ausum
1833 881 1975 925 esse
2007 865 2226 938 facere,

158 968 348 1025 quum
384 951 517 1025 ipse
552 949 945 1011 hereditatem
979 949 1169 1025 patris
1199 967 1322 1010 non
1356 947 1620 1010 adisses.

282 1034 469 1095 Xvfl.
505 1035 672 1094 Haec
704 1040 766 1091 ut
799 1032 1152 1109 colligereS,
1184 1033 1366 1093 homo
1397 1031 1841 1106 amentissime,
1884 1040 1972 1093 tot
2002 1031 2135 1091 dies
2166 1030 2226 1091 in

155 1115 356 1177 aliena
399 1116 540 1177 villa
581 1115 979 1176 declamasti?
1023 1133 1393 1191 quamquam
1424 1124 1483 1177 tu
1517 1116 1791 1191 quidem,
1834 1123 1899 1175 ut
1942 1116 2023 1175 tui
2062 1115 2227 1175 fami-

155 1198 467 1260 liarissimi
490 1199 789 1275 dictitant,
824 1197 948 1258 vini
977 1198 1332 1271 exhalandi,
1370 1216 1492 1260 non
1514 1198 1736 1273 ingenii
1761 1198 2020 1259 acuendi
2041 1216 2226 1259 causa

158 1284 493 1342 declamast
560 1285 641 1342 At
676 1298 826 1342 vero
869 1281 1124 1341 adhibes
1168 1282 1290 1341 ioci
1322 1298 1512 1343 causa
1541 1282 1894 1356 magistrum
1931 1282 2224 1357 suffragio

159 1375 264 1426 tuo
296 1374 357 1425 et
386 1374 803 1440 compotorum
831 1372 1069 1425 tuorum
1099 1364 1422 1436 rhetorem,
1454 1365 1553 1425 cui
1586 1364 1949 1425 concessisti
1978 1375 2044 1425 ut
2077 1366 2134 1424 in
2165 1372 2224 1425 te

159 1464 321 1523 quae
354 1447 535 1509 vellet
562 1447 810 1522 diceret,
840 1449 1069 1508 salsum
1094 1449 1340 1508 omnino
1364 1447 1689 1520 hominem,
1725 1447 1836 1508 sed
1861 1448 2110 1508 materia
2143 1449 2222 1507 fa·

158 1531 295 1591 cilis
329 1538 425 1591 est
448 1530 508 1590 in
539 1539 595 1592 te
617 1529 767 1592 etin
797 1539 937 1593 tuos
968 1532 1128 1592 dicta
1153 1531 1376 1592 dicere.
1410 1530 1570 1591 Vide
1593 1540 1792 1591 autem
1819 1531 1965 1606 quid
1997 1530 2230 1592 intersit

156 1612 317 1675 inter
341 1623 399 1674 te
417 1623 477 1675 et
502 1631 682 1675 avum
710 1623 897 1676 tuum.
936 1615 1043 1674 Ille
1072 1614 1301 1676 sensim
1330 1614 1573 1676 dicebat
1599 1615 1766 1691 quod
1795 1630 2021 1675 causae
2046 1616 2227 1690 prod-

157 1706 358 1758 esset=
400 1706 463 1759 tu
509 1699 734 1759 cursim
781 1698 935 1759 dicis
978 1697 1195 1759 aliena.
1283 1696 1383 1760 43.
1428 1702 1511 1758 At
1554 1705 1780 1773 quanta
1818 1714 2056 1758 merces
2086 1698 2228 1758 rhe-

163 1780 275 1841 lori
299 1782 436 1841 data
469 1789 593 1842 est!
654 1781 896 1853 Audite,
929 1780 1149 1856 audite,
1181 1792 1385 1859 patres
1412 1781 1762 1856 conscripti,
1795 1790 1854 1841 et
1875 1781 2230 1857 cognoscite

157 1868 244 1924 rei
278 1864 558 1940 publicae
586 1867 853 1926 vulnera.
883 1867 1038 1926 ‘Duo
1067 1866 1229 1925 milia
1250 1865 1524 1942 iugerum
1555 1864 1755 1941 campi
1782 1866 2058 1926 Leontini
2085 1864 2228 1925 Sex.

120 1948 372 2017 ,Clodio
400 1948 626 2010 rhetori
655 1948 990 2025 adsignasti
1018 1958 1079 2011 et
1108 1948 1352 2025 quidem
1395 1949 1712 2023 immunia,
1758 1957 1824 2010 ut
1865 1950 2078 2025 populi
2108 1951 2225 2010 Ro·

158 2031 323 2091 mani
352 2041 517 2093 tanta
558 2034 841 2093 mercede
888 2033 1034 2092 nihil
1078 2050 1298 2109 sapere
1340 2033 1630 2094 disceres,
1692 2034 1847 2093 Num
1877 2034 2056 2094 etiam
2090 2033 2225 2105 hoc,

162 2115 346 2176 homo
392 2115 831 2189 audacissime,
871 2131 947 2175 ex
991 2116 1272 2177 Caesaris
1317 2116 1809 2178 commentariis?
1864 2116 1989 2178 Sed
2031 2115 2227 2176 dicam

160 2197 281 2262 alio
337 2199 475 2258 loco
522 2207 582 2259 et
623 2200 701 2259 de
738 2199 1037 2260 Leontino
1080 2216 1227 2275 agro
1278 2211 1337 2260 et
1384 2203 1461 2261 de
1497 2202 1829 2276 Campan0,
1898 2218 2056 2276 quos
2115 2201 2229 2259 iste

162 2297 347 2356 agros
392 2289 637 2358 ereptos
679 2282 766 2343 rei
798 2283 1078 2357 publicae
1108 2283 1478 2358 turpissimis
1522 2285 1998 2361 possessoribus
2032 2283 2227 2358 inqui·

161 2365 345 2426 navit.
396 2365 520 2425 lam
551 2365 738 2439 enim,
772 2366 1058 2441 quoniam
1083 2367 1433 2428 criminibus
1465 2367 1598 2428 eius
1629 2369 1776 2428 satis
1806 2367 2120 2444 respondi,
2153 2367 2230 2425 de

159 2447 297 2523 ipso
328 2449 719 2511 emendatore
743 2459 802 2510 et
832 2459 1177 2512 correctore
1208 2459 1419 2512 nostro
1451 2453 1750 2526 quaedam
1779 2451 2040 2512 dicenda
2070 2458 2231 2511 sunt.

158 2533 282 2592 Nec
316 2532 475 2592 enim
512 2534 712 2594 omnia
747 2533 1089 2609 effundam,
1132 2542 1226 2608 ut,
1271 2534 1325 2594 si
1369 2536 1618 2610 saepius
1660 2535 2093 2595 decertandum
2133 2535 2233 2605 sit,

159 2625 227 2677 ut
253 2617 399 2690 erit,
444 2633 686 2692 semper
726 2634 927 2679 novus
960 2617 1228 2678 veniam:
1267 2635 1451 2694 quam
1483 2619 1827 2679 facultatem
1856 2617 2001 2677 mihi
2037 2616 2227 2677 multi-

160 2699 307 2760 tudo
339 2699 515 2761 istius
547 2699 829 2762 vitiorum
867 2712 1384 2777 peccatorumque
1417 2701 1682 2776 largitur.

279 2783 490 2843 XVIII.
535 2783 637 2845 44.
669 2786 862 2865 Visne
892 2784 1071 2861 igitur
1092 2793 1151 2846 te
1178 2784 1579 2861 inspiciamus
1610 2802 1645 2844 a
1676 2791 1913 2860 puero?
1963 2781 2237 2861 Sic‚opi*

159 2882 301 2926 nor:
334 2883 371 2925 a
407 2867 707 2943 principio
738 2868 1063 2929 ordiamur.
1142 2868 1424 2929 Tenesne
1457 2867 1748 2928 memoria
1779 2874 2231 2942 praetextatum-

159 2955 220 3010 te
258 2949 630 3011 decoxisse?
666 2951 889 3024 PatriS,
929 2949 1202 3026 inquies,
1242 2951 1362 3013 ista
1395 2952 1576 3027 culpa
1605 2959 1716 3012 est.
1778 2951 2081 3012 Concedo.
2131 2951 2238 3011 Et—

161 3030 280 3092 nim
314 3042 410 3094 est
444 3034 684 3109 pietatis
718 3037 899 3110 plena
943 3034 1242 3105 defensio.
1307 3036 1464 3096 Illud
1496 3046 1696 3096 tamen
1731 3034 2026 3096 audaciae
2068 3044 2227 3109 tuae,

160 3117 325 3191 quod
369 3117 588 3178 sedisti
632 3118 690 3178 in
738 3118 1223 3194 quattuordecim
1277 3118 1622 3193 ordinibuS,
1671 3136 1855 3194 quum
1887 3128 2057 3180 esset
2095 3120 2237 3192 lege

157 3198 387 3261 Roscia
415 3201 852 3263 decoctoribus
885 3211 1088 3262 certus
1120 3203 1295 3262 locus
1317 3205 1757 3278 [constitutus],
1775 3203 2056 3278 quamvis
2091 3203 2232 3277 quis

159 3281 436 3361 fortunae
469 3284 645 3357 vitio,
676 3301 798 3345 non
834 3301 948 3345 suo
982 3285 1352 3346 decoxisset.
1406 3285 1734 3362 Sumpsisti
1764 3285 2014 3356 virilem,
2048 3301 2233 3358 quam-

161 3369 356 3426 statim
390 3367 744 3429 muliebrem
770 3379 972 3443 togam
999 3368 1342 3429 reddidisti.
1400 3369 1615 3430 'Primo
1649 3371 1898 3442 vulgare
1928 3376 2227 3426 scortum:

160 3457 323 3509 certa
353 3448 563 3526 flagitii
596 3468 861 3524 merceS,
899 3468 1011 3511 nec
1042 3468 1116 3511 ea
1145 3468 1368 3528 parvaz
1402 3454 1513 3513 sed
1534 3453 1651 3513 cito
1678 3449 1856 3510 Curio
1887 3447 2229 3519 intervenit,

161 3530 263 3604 qui
293 3540 351 3593 te
386 3535 783 3595 ameretricio
824 3546 1085 3611 quaestu
1127 3534 1383 3607 abduxit
1423 3544 1483 3595 et
1524 3545 1830 3606 tamquam
1879 3529 2092 3588 stolam
2124 3529 2217 3585 dc.-
