2514 3928
241 254 277 309 9
623 206 631 214 ’
870 247 1035 306 CAP.
1065 257 1101 308 8
1118 249 1192 292 —'-
1218 259 1302 309 lo.
1335 255 1386 315 s.
1422 255 1682 312 19—22„
2191 249 2313 312 307

246 396 326 460 sit
348 396 479 458 iure
504 399 868 458 damnatus?
894 397 996 458 22.
1015 398 1143 458 Sed
1170 398 1315 473 quid
1356 401 1529 474 plura
1553 402 1630 461 de
1653 403 1787 476 lege
1819 401 2112 477 disputo?
2142 402 2318 478 quasi

244 498 391 543 vero
435 480 499 540 id
541 490 754 555 agatur
779 490 859 548 ,ut
891 479 1215 557 quisquam
1253 491 1564 557 provocet.
1652 484 1720 543 ld
1750 485 1977 560 agitur,
2014 485 2077 546 id
2113 488 2319 561 fertur,

244 581 322 626 ne
368 563 507 639 quis
538 564 782 626 omnino
825 581 1112 640 umquam
1156 565 1291 627 istis
1325 566 1563 641 legibus
1596 584 1740 628 reus
1773 570 1896 629 fiat.
1988 570 2133 643 Quis
2157 570 2319 631 enim

243 656 347 709 aut
374 655 695 709 accusator
725 657 845 709 tam
880 665 1093 710 amens
1121 649 1465 725 reperietur
1505 650 1607 725 qui
1642 668 1747 711 reo
1774 654 2178 714 condemnato
2211 655 2319 714 ob·

242 731 342 792 iici
390 748 459 792 se
491 732 851 793 multitudini
886 734 1226 794 conductae
1274 732 1418 794 velit
1457 741 1567 795 aut
1595 732 1781 794 iudex
1815 734 1920 811 qui
1957 752 2124 796 reum
2148 738 2312 799 dam·

242 832 388 876 nare
421 817 668 889 audeat,
714 824 777 877 ut
799 817 937 892 ipse
949 815 1028 876 ad
1052 831 1282 891 operas
1308 821 1768 879 mercennarias
1797 821 1999 879 statim
2013 822 2320 895 protraha—

243 907 381 960 tur?
406 900 540 960 Non
585 900 763 975 igitur
786 900 1142 975 provocatio
1173 900 1290 961 ista
1322 903 1456 975 lege
1487 901 1694 975 datur,
1726 903 2030 962 sed‘duae
2063 905 2321 963 maxime

243 985 545 1044 salutares
575 985 747 1059 leges
784 983 1310 1059 quaestionesque
1336 986 1642 1046 tolluntur.
1711 983 1867 1059 Quid
1897 995 1993 1046 est
2019 986 2185 1046 aliud
2214 988 2318 1047 ad·

241 1066 473 1128 hortari
503 1068 929 1129 adolescentes
947 1113 962 1140 ,
992 1076 1060 1128 ut
1087 1068 1445 1140 turbulenti,
1475 1076 1542 1129 ut
1567 1067 1865 1141 seditiosi,
1898 1078 1962 1131 ut
1988 1069 2320 1145 perniciosi

247 1151 415 1211 cives
455 1149 641 1211 velint
680 1157 868 1211 esse?
906 1150 1096 1224 Quam
1142 1159 1346 1212 autem
1385 1153 1466 1212 ad
1506 1159 1740 1227 pestem
1770 1155 1936 1214 furor
1964 1154 2320 1216 tribunicius

246 1237 471 1310 impelli
492 1251 616 1295 non
637 1236 863 1311 poterit
884 1236 979 1296 his
1003 1237 1247 1297 duabus
1273 1238 1742 1311 quaestionibus
1768 1239 1847 1297 de
1869 1238 1929 1297 vi
1951 1247 2010 1298 et
2034 1238 2314 1298 maiesta-

239 1320 323 1381 ‘tis
357 1318 656 1380 sublatis?
700 1321 800 1379 23.
822 1320 998 1393 Quid,
1015 1321 1196 1395 quod
1220 1321 1558 1395 obrogatur
1571 1321 1811 1395 legibus
1826 1321 2126 1389 Caesaris,
2155 1337 2316 1395 quae

243 1402 458 1466 iubent
487 1402 560 1474 ei,
593 1401 697 1477 qui
727 1403 809 1463 de
832 1403 912 1476 vi,
944 1404 1218 1478 itemque
1249 1406 1322 1473 ei,
1358 1404 1462 1479 qui
1493 1404 1831 1464 maiestatis
1860 1405 2186 1464 damnatus
2219 1405 2316 1475 sit,

244 1501 410 1562 aqua
451 1494 512 1546 et
558 1484 683 1561 igni
729 1484 1053 1546 interdici?
1081 1486 1305 1561 quibus
1336 1502 1522 1561 quum
1555 1485 1916 1561 provocatio
1953 1488 2146 1559 datur,
2173 1504 2323 1548 non-

247 1586 324 1630 ne
362 1577 501 1630 acta
554 1569 833 1630 Caesaris
886 1568 1359 1630 rescinduntur?
1413 1568 1582 1643 Quae
1637 1569 1885 1645 quidem
1928 1587 2076 1645 eg0,
2121 1579 2324 1646 patres

151 1669 154 1674 ·
248 1652 601 1727 conscripti,
636 1652 739 1727 qui
775 1652 877 1712 illa
905 1669 1237 1727 numquam
1263 1654 1538 1728 probavi,
1570 1661 1766 1713 tamen
1794 1654 1876 1713 ita
1898 1654 2325 1714 conservanda

248 1736 618 1798 concordiae
659 1752 850 1796 causa
892 1737 1218 1798 arbitratus
1262 1754 1396 1798 sum
1418 1782 1432 1807 ,
1464 1744 1532 1797 ut
1562 1754 1683 1797 non
1717 1737 1921 1810 modo,
1961 1754 2117 1812 quas
2145 1737 2325 1796 vivus

249 1820 419 1896 leges
459 1820 683 1881 Caesar
719 1819 974 1893 tulisset,
1007 1819 1404 1881 infirmandas
1431 1820 1549 1881 hoc
1574 1828 1846 1896 tempore
1877 1837 2000 1881 non
2033 1829 2326 1895 putarem,

251 1904 362 1964 sed
394 1920 471 1962 ne
495 1902 629 1963 illas
655 1905 920 1980 quidem,
951 1917 1105 1980 quas
1138 1912 1282 1980 post
1303 1912 1557 1966 mortem
1583 1905 1862 1964 Caesaris
1889 1906 2160 1980 prolatas
2183 1919 2328 1964 esse

252 1994 314 2047 et
341 1987 499 2046 fixas
536 1985 775 2046 videtiS.
1403 2021 1410 2028 -

379 2068 453 2127 X.
487 2066 587 2128 24.
618 2071 709 2130 De
744 2069 960 2130 exsilio
991 2073 1223 2131 reducti
1261 2089 1297 2130 a
1326 2080 1594 2133 mortuo=
1643 2071 1856 2133 civitas
1901 2072 2042 2132 data
2071 2088 2195 2130 non
2227 2088 2325 2132 so·

255 2153 379 2212 lum
409 2151 684 2226 singulis,
717 2153 831 2212 sed
854 2152 1198 2214 nationibus
1222 2163 1282 2214 et
1305 2155 1638 2231 provinciis
1662 2153 1968 2216 universis
1997 2171 2033 2215 a
2059 2162 2328 2214 mortum

255 2233 731 2297 immunitatibus
783 2235 1030 2296 infinitis
1077 2238 1318 2298 sublata
1362 2238 1685 2314 vectigalia
1727 2255 1764 2298 a
1802 2246 2065 2299 mortuo.
2163 2237 2326 2312 Ergo

254 2318 408 2380 haec
441 2336 595 2392 uno,
628 2335 839 2380 verum
876 2320 1106 2395 optimo
1143 2328 1392 2382 auctore
1424 2323 1609 2384 domo
1646 2324 1879 2398 prolata
1909 2321 2327 2383 defendimus=

253 2418 364 2464 eas
398 2403 595 2479 legeS‚
640 2419 795 2478 quas
826 2403 964 2479 ipse
995 2405 1173 2466 nobis
1205 2404 1692 2481 inspectantibus
1721 2405 2024 2478 recitavit,
2061 2421 2327 2480 pronun·

253 2486 456 2562 tiavit,
483 2484 634 2557 tulit,
666 2486 889 2562 quibus
905 2487 1043 2548 latis
1070 2488 1443 2564 gloriabatur
1470 2491 1686 2564 eisque
1714 2488 1952 2563 legibus
1976 2506 2105 2549 rem
2134 2487 2330 2562 publi·

254 2587 387 2631 cam
412 2570 706 2632 contineri
733 2572 997 2645 putabat,
1021 2573 1100 2632 de
1115 2570 1480 2648 provincii&
1512 2575 1590 2633 de
1620 2571 1881 2643 iudiciis,
1906 2587 2032 2644 eaS,
2063 2573 2330 2644 inquam,

256 2653 534 2715 Caesaris
558 2656 729 2728 leges
754 2671 887 2726 nOS‚
925 2655 1027 2728 qui
1052 2655 1438 2716 defendimus
1469 2664 1604 2716 acta
1634 2653 1937 2727 CaesariS,
1968 2653 2332 2714 evertendas

256 2745 581 2813 putamus?
623 2734 725 2798 25.
773 2740 867 2797 Ac
908 2738 986 2797 de
1022 2738 1118 2799 his
1152 2748 1350 2800 tamen
1391 2738 1661 2814 legibuS,
1712 2753 1872 2812 quae
1919 2737 2334 2812 promulgatae

254 2829 413 2896 sunt,
445 2824 658 2883 saltem
695 2820 866 2895 queri
900 2837 1261 2896 possumus=
1293 2824 1370 2883 de
1397 2822 1492 2895 iis,
1530 2839 1688 2896 quae
1710 2819 1830 2881 iam
1852 2822 2010 2882 latae
2033 2821 2335 2892 dicuntur,

254 2922 331 2965 ne
370 2905 521 2966 illud
545 2903 810 2978 quidem
852 2904 1036 2966 licuit.
1125 2908 1271 2967 illae
1314 2906 1472 2967 enim
1518 2906 1652 2965 sine
1692 2905 1815 2965 ulla
1847 2904 2332 2980 promulgatione

255 2989 413 3049 latae
454 2996 598 3050 sunt
636 2996 777 3049 ante
824 3006 1005 3063 quam
1050 2990 1335 3065 scriptae.
1426 2991 1664 3064 Quaero
1707 2996 1908 3050 autem
1942 2988 2090 3063 quid
2119 2988 2197 3050 sit
2225 3003 2334 3048 cur

253 3080 358 3134 aut
385 3089 502 3149 ego
530 3080 637 3133 aut
672 3071 997 3147 quisquam
1026 3082 1330 3145 vestrum,
1376 3081 1583 3148 patres
1616 3072 1977 3148 conscripti,
2021 3073 2201 3133 bonis
2233 3069 2333 3130 tri-

252 3156 433 3217 bunis
478 3155 643 3232 plebi
707 3157 879 3230 leges
915 3158 1108 3217 malas
1152 3166 1396 3218 metuat.
1484 3157 1736 3217 Paratos
1769 3156 2065 3216 habemus
2103 3153 2210 3230 qui
2242 3152 2331 3213 in·-

255 3242 605 3302 tercedant=
665 3246 915 3315 paratos
973 3239 1077 3314 qui
1118 3258 1242 3302 rem
1291 3240 1594 3315 publicam
1629 3238 1926 3314 religione
1973 3238 2332 3298 defendant:

255 3325 434 3385 vacui
456 3332 620 3385 metu
655 3338 797 3383 esse
827 3322 1142 3386 debemus.
1201 3326 1365 3399 Quas
1398 3333 1462 3386 tu
1498 3322 1660 3394 mihi,
1693 3323 1909 3398 inquit,
1945 3316 2335 3382 intercessio·

257 3421 399 3480 nes,
431 3423 585 3483 quas
614 3406 988 3481 religiones?
1029 3408 1153 3470 Eas
1183 3407 1446 3478 scilicet,
1480 3407 1702 3481 quibus
1724 3405 1815 3466 rei
1848 3404 2130 3480 publicae
2164 3399 2334 3460 salus

258 3488 619 3552 continetur.
704 3487 1078 3565 Negligimus
1119 3491 1237 3554 ista
1281 3499 1341 3552 et
1369 3489 1549 3550 nimis
1583 3487 1931 3629 antiqugglc
1955 3484 2138 3577 stulta
2169 3479 2330 3539 duci—
