2514 3928
317 270 443 332 390
577 269 652 330 m
683 269 764 328 M.
795 268 1199 329 ANTONIUM
1230 268 1514 329 οΒΑΤιο
1542 255 1967 330 ΡΗιιιΡΡιοΑ
1994 270 2123 330 νιι.
2328 273 2408 337 92

319 419 516 482 fatalis
552 434 767 493 casm,
809 427 876 479 ut
905 418 987 479 ita
1018 416 1248 493 dicam,
1283 438 1465 496 quem
1493 421 1772 495 tulimuS,
1813 429 2063 497 quoquo
2093 423 2287 484 modo‘
2321 425 2403 483 fe-

315 503 545 564 rendus
578 500 707 562 fuit.
792 502 966 563 Nunc
996 500 1050 564 si
1092 502 1232 579 quis
1276 504 1414 577 erit,
1460 505 1573 566 erit
1614 504 2010 566 voluntarius.
2097 506 2403 581 Populum

314 587 658 646 Romanum
688 586 919 646 servire
949 587 1047 654 fas
1078 603 1201 648 non
1237 596 1360 648 est=
1408 606 1589 664 quem
1618 589 1680 649 di
1709 589 2076 650 immortales
2108 589 2400 651 omnibus

315 669 599 744 gentibus
627 667 928 745 imperare
960 672 1300 732 voluerunt.
1389 672 1515 733 Res
1544 672 1604 732 in
1638 681 1975 734 extremum
2006 678 2101 733 est
2127 674 2403 735 adducta

316 751 661 814 discrimen.
749 754 840 814 De
883 752 1159 818 libertate
1204 756 1566 818 decernitur.
1654 759 1776 818 Aut
1823 757 2077 817 vincatis
2131 766 2400 833 oportet,

316 834 609 913 QuiriteS,
653 838 820 913 quod
861 838 1142 912 profecto
1189 846 1249 899 et
1282 840 1508 915 pietate
1537 848 1742 901 vestra
1770 849 1830 902 et
1861 850 2026 901 tanta
2059 841 2403 903 concordia

316 920 810 997 consequemini,
843 930 947 982 aut
981 921 1227 998 quidvis
1257 923 1466 999 potius
1504 941 1687 1002 quam
1715 923 2016 985 serviatis.
2075 924 2260 985 Aliae
2297 942 2403 987 na-

316 1002 512 1147 &loges
556 1003 910 1068 servitutem
954 1006 1080 1081 pati
1112 1017 1401 1081 possunt,
1452 1009 1664 1084 populi
1704 1010 1961 1069 Romani
2005 1016 2100 1069 est
2141 1010 2405 1086 propria

437 1097 581 1148 rtaS·
753 1107 756 1114 '

904 1408 991 1489 Μ
1047 1403 1326 1488 'ruttn
1377 1406 1802 1488 clcssltoNlS

422 1560 515 1655 ΙΝ
576 1559 681 1653 Μ.
739 1558 1765 1799 ΑΝΤΟΝΙΙὲΙὲΡἙίΑΤΙΟ
1726 1561 2267 1710 PffluPPtcA

1408 1709 1577 1801 ΜΛ.

1010 2024 1684 2088 ARGUMENTUM.

408 2155 572 2214 Quum
608 2155 790 2220 legati,
841 2170 988 2218 quem
1026 2155 1094 2204 ad
1125 2154 1333 2205 modum
1366 2154 1419 2202 in
1455 2153 1718 2218 superiore
1745 2151 1972 2202 oratioue
2008 2152 2259 2203 traditum
2299 2165 2399 2215 est,

310 2223 377 2274 nd
409 2222 477 2271 Μ.
519 2225 794 2275 Antonium
828 2224 1047 2289 profecti
1080 2232 1251 2274 essent
1287 2236 1563 2286 eorumque
1588 2221 1779 2271 reditus
1815 2227 2217 2287 exspectaretur,
2262 2224 2400 2274 rete-

310 2292 453 2342 rebat
487 2292 757 2354 aliquando
794 2293 845 2343 in
875 2298 1054 2345 senatu
1082 2289 1136 2340 G.
1171 2293 1338 2342 Pansa
1371 2289 1548 2341 consul
1576 2290 1642 2340 de
1667 2291 1746 2340 via
1784 2290 1956 2355 Appia
1980 2298 2031 2337 et
2063 2288 2130 2338 de
2166 2289 2398 2350 Moneta,

310 2360 544 2410 tribunus
574 2358 749 2440 ‘plebis
792 2360 854 2410 de
884 2360 1149 2426 Lupercis.
1219 2360 1294 2410 Ibi
1322 2360 1388 2409 M.
1427 2357 1601 2409 Cicero
1650 2360 1837 2409 veritus
1862 2372 1927 2406 ne
1962 2356 2087 2420 quid
2123 2357 2400 2425 languoris

311 2429 622 2493 exspectatio
654 2428 875 2478 adferret
903 2428 1105 2492 animis,
1139 2443 1233 2478 suo
1268 2428 1380 2493 loeo
1416 2428 1715 2478 sententiam
1742 2434 1951 2492 rogatus
1984 2425 2099 2487 hac,
2136 2442 2275 2489 quae
2315 2430 2399 2479 in·

307 2496 392 2546 fra
434 2498 623 2563 scripta
661 2504 764 2556 est,
808 2499 1033 2548 oratione
1078 2466 1178 2548 froc
1218 2488 1412 2548 studuit
1456 2496 1686 2557 efficere,
1732 2508 1798 2546 ne
1831 2501 2092 2545 senatore·
2124 2494 2297 2557 leuius
2334 2498 2401 2548 de

308 2566 379 2616 Μ.
415 2566 621 2619 Antonii
668 2567 892 2619 consiliis
942 2567 1219 2618 iudicarent
1262 2573 1313 2617 et
1358 2567 1654 2626 remissius,
1705 2580 1854 2629 quam
1901 2565 2014 2630 ipsc
2052 2570 2110 2614 et
2153 2565 2195 2615 ii
2229 2566 2399 2623 niveo,

307 2634 397 2697 qui
430 2635 543 2685 eius
575 2644 747 2703 partes
779 2637 1147 2702 sequebantur,
1180 2634 1388 2686 vellent.

417 2753 479 2810 r1.
510 2750 567 2812 1.
596 2751 807 2811 Parvis
831 2751 908 2811 de
938 2751 1143 2824 rebuS‚
1174 2751 1287 2810 sed
1310 2750 1572 2811 fortasse
1596 2746 1966 2809 necessariis
1988 2747 2403 2822 consulimur,

308 2844 514 2910 patres
550 2834 903 2910 conscripti.
989 2835 1080 2894 De
1119 2834 1324 2911 Appia
1367 2833 1468 2892 via
1507 2841 1569 2893 et
1615 2835 1694 2892 de
1714 2831 1965 2894 Moneta
2008 2833 2262 2904 consul,
2314 2832 2404 2892 de

306 2916 601 2993 Lupercis
641 2919 918 2979 tribunus
963 2916 1162 2993 plebis
1201 2919 1405 2978 refert.
1492 2916 1753 2990 Quarum
1794 2926 1995 2975 rerum
2040 2913 2154 2974 etsi
2186 2913 2403 2974 facitis

308 2999 636 3075 explicatio
664 3001 922 3075 videtur,
955 3011 1154 3064 tamen
1185 3001 1423 3061 animus
1456 3001 1697 3060 aberrat
1726 3015 1763 3058 a
1797 2996 2098 3058 sententia
2120 3006 2401 3073 suspen-

309 3098 418 3143 sus
461 3082 626 3143 curis
666 3083 1019 3147 maioribus.
1105 3085 1390 3147 Adducta
1420 3092 1516 3145 est
1548 3084 1737 3155 enim,
1786 3090 1993 3157 patres
2028 3081 2400 3156 conscripti,

304 3181 408 3225 res
438 3168 516 3224 in
527 3163 854 3223 maximum
876 3167 1214 3239 periculum
1248 3172 1311 3226 et
1342 3166 1402 3224 in
1428 3158 1766 3225 extremum
1791 3180 1989 3241 paene
2033 3159 2400 3225 discrimen.

308 3247 444 3306 Non
488 3245 622 3306 sine
665 3262 853 3307 causa
892 3250 1227 3324 legatorum
1249 3249 1474 3325 [istam]
1493 3249 1848 3311 missionem
1899 3248 2147 3324 semper
2189 3247 2396 3320 timui,

305 3344 645 3425 numquam
664 3330 952 3405 probavi.
984 3350 1243 3407 quorum
1267 3335 1502 3395 reditus
1527 3333 1676 3415 quid
1697 3332 1777 3394 sit
1797 3330 2150 3393 adlaturus
2132 3345 2394 3406 ignoro,

307 3410 689 3487 exspectatio
726 3412 973 3485 quidem
1004 3427 1295 3490 quantum
1330 3418 1578 3479 adferat
1622 3416 1937 3515 languoris
1977 3413 2201 3475 animis
2242 3414 2400 3490 quis

309 3510 425 3553 non
457 3495 660 3554 videt?
711 3496 841 3553 Non
893 3497 1051 3557 enim
1094 3515 1163 3557 se
1200 3510 1410 3562 tenent
1449 3499 1519 3573 ii,
1572 3496 1679 3577 qui
1718 3508 1993 3560 senatum
2043 3498 2258 3558 dolent
2306 3499 2403 3559 ad
