2514 3928
70 315 174 370 10⁷
682 307 845 368 CAP.
877 314 1140 369 34-37,
1184 313 1236 373 S.
1265 313 1338 367 84
1357 312 1539 368 —90.
2022 309 2148 371 205

65 458 276 520 sertim
298 465 421 520 tam
439 456 608 518 bona
629 455 690 514 in
722 470 929 530 causa,
961 473 1308 531 numquam,
1342 474 1465 533 quo
1529 459 1715 520 ceteri
1745 474 1937 534 saepe
1956 458 2118 520 abun
2130 493 2146 501 ·‹

63 542 316 616 dar'unt,
368 541 435 600 id
476 537 622 599 mihi
668 537 790 612 ipsi
829 537 1124 599 auxilium
1168 555 1369 603 meum
1410 542 1740 604 defuissete
1786 539 1975 602 armis
2018 541 2149 617 fuit,

62 623 254 685 armis
279 669 296 698 ‚
349 622 619 697 inquam,
669 619 779 681 l'uit
820 620 1267 683 dimicandumz
1316 622 1540 696 quibus
1583 641 1622 685 a
1650 623 1847 687 servis
1882 632 2068 700 atque
2109 643 2147 686 a

65 723 393 768 servorum
446 703 704 765 ducibus
757 706 1008 766 caedem
1065 704 1200 765 fieri
1249 715 1503 769 senatus
1556 714 1617 768 et
1692 709 1990 770 bonorum
2056 709 2147 769 rei

65 788 352 865 publicae
402 787 725 849 exitiosum
776 787 1013 850 fuisset.
1060 867 1062 869 ‚
1118 787 1220 851 88.
1272 789 1454 849 Vinci
1504 800 1702 852 autem
1741 790 2055 866 improbos
2110 809 2148 852 a

65 871 251 933 bonis
294 873 488 933 fateor
532 870 727 933 fuisse
769 874 1180 947 praeclarum,
1225 871 1282 933 si
1324 873 1504 933 finem
1548 882 1671 934 tum
1723 874 2008 934 vincendi
2061 874 2148 933 vi-

65 957 305 1016 derem=
350 956 558 1034 [quem
598 956 872 1031 profecto
906 973 1029 1017 non
1063 955 1393 1034 videbam]
1447 956 1566 1018 Ubi
1602 954 1763 1017 enim
1804 955 1947 1016 mihi
1971 972 2147 1031 prae·

66 1048 166 1101 sto
210 1038 470 1101 fuissent
503 1048 608 1100 aut
630 1041 963 1101 tamarortes
987 1040 1311 1115 consuleS‚
1336 1057 1517 1117 quam
1546 1040 1614 1100 L.
1641 1039 1935 1117 OpimiuS,
1967 1056 2149 1113 quam

63 1122 130 1183 C.
160 1121 419 1198 Marius,
453 1140 635 1199 quam
661 1124 730 1182 L.
759 1121 1038 1198 Flaccu8‚
1067 1122 1290 1198 quibus
1321 1123 1582 1185 ducibus
1622 1122 1942 1200 improbos
1978 1122 2147 1185 cives

60 1223 165 1266 res
195 1207 442 1283 publica
475 1205 618 1267 vicit
645 1207 910 1278 armatiS,
957 1214 1085 1278 aut,
1131 1205 1185 1267 si
1216 1207 1414 1269 minus
1452 1209 1672 1281 forteS,
1704 1216 1766 1269 at
1790 1215 1988 1268 tamen
2028 1215 2147 1268 tam

61 1290 224 1363 iusti,
258 1307 442 1365 quam
470 1291 535 1348 P.
565 1289 827 1360 MuciuS,
861 1288 966 1363 qui
996 1305 1180 1360 arma,
1214 1307 1373 1364 quae
1402 1293 1678 1365 privatus
1706 1292 1770 1350 P.
1805 1291 2013 1367 Scipio
2046 1308 2145 1351 ce-

66 1380 257 1447 perat,
291 1388 365 1432 ea
385 1372 475 1430 Ti.
501 1372 778 1432 Graccho
805 1369 1168 1446 interempto
1198 1371 1329 1432 iure
1359 1373 1588 1447 optimo
1612 1383 1854 1449 sumpta
1874 1390 2016 1435 esse
2041 1375 2147 1435 de·

42 1454 299 1515 Tendit?
343 1455 528 1515 Esset
570 1452 752 1528 igitur
794 1455 1188 1528 pugnandum
1221 1470 1358 1514 cum
1393 1455 1781 1516 consulibus=
1828 1456 1974 1515 nihil
2006 1456 2145 1516 dico

67 1535 365 1613 amplius,
415 1537 535 1596 nisi
572 1536 740 1599 illud:
767 1535 1058 1597 victoriae
1089 1544 1335 1597 nostrae
1363 1552 1585 1612 graves
1614 1538 2005 1598 adversarios
2043 1556 2147 1613 pa·

64 1629 267 1692 ratOS‚
318 1619 594 1681 interitus
624 1621 824 1680 nullos
855 1636 999 1680 esse
1027 1621 1257 1680 ultores
1299 1619 1602 1680 videbam.
1688 1618 1788 1680 89.
1817 1621 2002 1680 Hisce
2032 1636 2147 1695 ego

62 1704 312 1775 auxiliis
344 1705 559 1766 salutis
590 1719 763 1763 meae
787 1702 841 1763 si
869 1703 1099 1764 idcirco
1130 1701 1315 1776 defui,
1349 1703 1495 1778 quia
1523 1703 1690 1763 nolui
1713 1702 2021 1774 dimicare,
2056 1705 2142 1763 ra·

64 1789 259 1861 tebor‚
290 1788 353 1848 id
377 1787 547 1864 quod
572 1787 834 1860 viS‚·non
857 1786 1002 1847 mihi
1025 1785 1333 1859 auxilium,
1360 1787 1474 1846 sed
1490 1803 1586 1846 me
1602 1786 1828 1848 auxilio
1844 1785 2148 1846 defuisse:

65 1870 159 1932 sin
193 1876 413 1947 autem,
449 1889 571 1947 quo
595 1872 828 1932 maiora
857 1870 1060 1932 studia
1085 1870 1144 1930 in
1175 1887 1275 1930 me
1307 1870 1606 1931 bonorum
1638 1870 1901 1944 suerunt,
1930 1868 2050 1930 hoc
2071 1868 2147 1929 iis

64 1954 260 2031 magis
290 1957 732 2018 consulendum
763 1963 826 2016 et
857 1955 1232 2031 parcendum
1271 1954 1497 2030 putavi,
1535 1961 1597 2015 tu
1626 1953 1685 2014 id
1716 1953 1776 2014 in
1812 1970 1911 2014 me
1938 1970 2148 2029 repre-

66 2037 307 2112 hendiS‚
340 2040 509 2114 quod
541 2039 608 2113 Q,
631 2039 874 2099 Metello
907 2038 1069 2098 laudi
1102 2040 1305 2098 datum
1337 2043 1433 2099 est
1458 2036 1767 2113 hodieque
1789 2046 1885 2098 est
1906 2045 1965 2097 et
1986 2053 2146 2097 sem-

67 2136 181 2197 per
212 2123 340 2181 erit
384 2120 684 2180 maximae
713 2121 987 2195 gloriae?
1019 2136 1228 2195 quem,
1260 2129 1328 2181 ut
1367 2127 1545 2196 potes
1575 2137 1653 2180 ex
1682 2119 1884 2182 multis
1913 2119 2145 2194 audire,

69 2202 176 2278 qui
213 2208 339 2262 tum
367 2203 722 2279 adsuerunt,
766 2211 1005 2264 constat
1044 2202 1420 2265 invitissimis
1453 2204 1601 2263 viris
1643 2204 1822 2265 bonis
1856 2202 2144 2274 cessisse,

67 2302 185 2346 nec
215 2284 408 2346 fuisse
437 2286 685 2346 duqum
715 2284 863 2361 quin
900 2287 1288 2347 contentione
1322 2295 1382 2348 et
1409 2286 1593 2348 armis
1623 2285 1906 2363 superior
1929 2295 2147 2362 posset

67 2385 232 2430 esse.
315 2370 480 2446 Ergo
511 2369 611 2430 ille
643 2386 831 2445 quum
860 2387 1068 2444 suum,
1112 2387 1233 2431 non
1281 2388 1469 2446 quum
1500 2379 1751 2432 senatus
1788 2371 2012 2430 sactum
2039 2370 2143 2429 de-

67 2452 360 2523 fenderet,
397 2469 586 2529 quum
617 2455 1130 2528 perseverantiam
1163 2456 1501 2515 sententiae
1532 2470 1700 2527 suae,
1734 2471 1856 2515 non
1887 2455 2142 2514 salutem

63 2537 151 2596 rei
182 2535 468 2611 publicae
501 2535 883 2612 retinuisset,
924 2546 1125 2597 tamen
1167 2538 1248 2597 ob
1278 2536 1439 2598 illam
1470 2554 1751 2611 causam,
1798 2538 1965 2613 quod
1996 2536 2144 2596 illud

63 2619 471 2682 voluntarium
506 2622 729 2681 vulnus
750 2623 1024 2696 accepit,
1052 2620 1426 2682 iustissimos
1462 2622 1728 2682 omnium
1765 2620 2146 2680 Metellorum

68 2711 128 2764 et
165 2704 541 2764 clarissimos
582 2702 925 2778 triumphos
966 2704 1161 2778 gloria
1191 2711 1254 2763 et
1279 2704 1460 2764 laude
1491 2705 1842 2777 superavit,
1890 2703 2058 2776 quod
2089 2710 2148 2762 et

66 2788 205 2847 illos
228 2786 404 2862 ipsos
434 2786 924 2862 improbissimos
950 2786 1119 2846 cives
1150 2786 1408 2846 interfici
1436 2788 1645 2860 noluit,
1678 2794 1842 2847 etue
1874 2785 2013 2859 quis
2035 2784 2145 2844 bo-

69 2886 186 2929 nus
234 2870 502 2931 interiret
546 2870 606 2930 in
649 2872 864 2931 eadem
902 2871 1094 2930 caede
1134 2868 1432 2945 providit=
1471 2884 1587 2943 ego
1631 2868 1813 2929 tantis
1860 2866 2146 2944 periculis

67 2954 406 3029 propositis
450 2971 658 3029 quum,
688 2952 745 3014 si
773 2952 974 3015 victus
1004 2969 1241 3028 essem,
1288 2950 1567 3013 interitus
1596 2952 1722 3017 rei,
1735 2953 2045 3028 publicae,
2093 2951 2147 3012 si

70 3036 393 3110 vicissem,
436 3036 671 3097 infinita
698 3036 1004 3097 dimicatio
1041 3045 1389 3112 pararetur,
1430 3036 1864 3110 committerem
1888 3044 1957 3097 ut
1984 3037 2145 3098 idem

72 3121 342 3195 perditor
368 3120 458 3180 rei
490 3118 776 3195 publicae
808 3118 1188 3193 nominarer,
1219 3120 1322 3195 qui
1355 3127 1633 3181 servator
1664 3119 1964 3182 fuissem?
2039 3163 2044 3169 .

194 3203 491 3263 XXXVII.
522 3202 624 3264 90.
653 3203 912 3263 Mortem
941 3201 1040 3262 m‘e
1071 3203 1347 3264 timuisse
1378 3203 1555 3267 dicis,
1596 3236 1680 3250 —-
1723 3205 1855 3280 Ego
1887 3221 2035 3264 vero
2066 3219 2145 3264 ne

71 3285 574 3347 immortalitatem
624 3285 871 3361 quidem
927 3292 1139 3347 contra
1185 3303 1314 3347 rem
1362 3287 1666 3363 publicam
1722 3287 2145 3363 accipiendam

24 3431 29 3434 .
71 3376 364 3445 putarem,
396 3370 620 3430 nedum
643 3369 833 3430 emori
857 3385 993 3429 cum
1019 3368 1288 3443 pernicie
1310 3371 1397 3430 rei
1421 3371 1705 3447 publicae
1724 3374 1962 3430 vellem.
1992 3371 2142 3429 Nam

69 3451 171 3527 qui
206 3469 319 3527 pro
351 3469 420 3513 re
449 3452 693 3528 publica
723 3454 905 3513 vitam
941 3452 1262 3515 ediderunt
1300 3485 1388 3498 --
1424 3454 1565 3514 licet
1604 3469 1702 3514 me
1743 3452 2024 3526 desipere
2054 3449 2143 3508 di-

68 3534 218 3597 catis
249 3570 363 3611 -‚
408 3553 738 3612 numquam
781 3536 1127 3598 mehercule
1169 3553 1281 3598 eos
1310 3546 1563 3599 mortem
1590 3535 1792 3611 potius
1825 3546 2006 3606 quam
2034 3529 2126 3587 im-

2380 2867 2473 3033 licii.

2384 2333 2514 2838 §initamini
2396 2168 2494 2262 Ui·
2401 1692 2514 2103 mittin-:m
2423 1203 2514 1631 tumtum

2485 2851 2499 3035 ΜΛ
