2514 3928
281 267 403 334 190
821 268 969 330 pao
1002 268 1116 329 cu.
1148 265 1471 327 PLANcm
1506 265 1812 327 ORATIO.
1960 226 1965 232 ’
2298 272 2378 330 92

278 421 563 485 volumus
600 436 780 497 quam
812 419 1106 498 plurimos
1140 419 1467 494 gratiosos.
1515 417 1862 478 Decuriatio
1895 415 2222 490 tribulium,
2254 417 2370 476 de·

278 502 531 578 scriptio
551 503 779 579 populi,
805 502 1098 577 suffragia
1122 501 1441 577 largitione
1463 500 1749 562 devincta
1772 501 2157 561 severitatem
2182 516 2372 560 sena-

279 595 376 647 tus
421 595 482 648 et
518 586 819 648 bonorum
864 587 1127 647 omnium
1173 585 1294 646 vim
1339 601 1413 645 ac
1440 584 1716 644 dolorem
1746 583 2105 645 excitarunt.
2193 583 2376 643 Haec

278 670 453 742 doce,
489 671 641 730 haec
671 670 894 745 profer,
931 669 1382 742 huc‘incumbe,
1404 667 1773 738 Laterensis,
1799 665 2158 727 decuriasse
2186 666 2373 726 Plan·

281 752 470 824 cium,
514 753 984 829 conscripsisse,
1012 761 1397 827 sequestrem
1440 751 1661 822 luisse,
1704 750 2167 825 pronuntiasse,
2206 748 2375 808 divi—

282 836 470 898 sisse=
492 843 617 897 tum
631 835 896 896 mirabor
917 844 973 897 te
988 835 1063 895 iis
1077 838 1263 897 armis
1278 835 1383 908 uti,
1405 849 1567 910 quae
1592 834 1695 894 tibi
1712 836 1810 893 lex
1834 834 2034 905 dabat,
2062 831 2370 893 noluisse.

278 919 622 980 'tribulibus
652 922 812 980 enim
854 917 1156 978 iudicibus
1188 935 1308 979 non
1345 919 1530 977 modo
1563 917 1948 977 severitatem
1990 916 2261 986 illorum,
2309 914 2371 976 si

280 1003 396 1063 ista
431 1016 578 1063 vera
610 1011 778 1072 sunt,
824 1002 937 1063 sed
981 1016 1057 1061 ne
1089 1002 1292 1062 vultus
1336 1001 1583 1077 quidem
1618 1001 1780 1060 serre
1817 1015 2167 1075 possemus.
2254 996 2370 1061 46.

280 1086 451 1146 Hanc
483 1094 547 1146 tu
578 1085 875 1146 rationem
901 1086 1341 1160 quumtugeris
1375 1099 1688 1159 quumque
1711 1098 1827 1144 eos
1857 1082 2096 1144 iudices
2127 1082 2367 1142 habere

280 1168 583 1241 nolueriS,
627 1182 884 1243 quorum
925 1167 984 1228 in
1016 1168 1196 1229 huius
1237 1167 1459 1228 delicto
1504 1182 1689 1242 quum
1730 1165 1984 1228 scientia
2019 1165 2368 1227 certissima

280 1261 405 1312 tum
434 1252 613 1312 dolor
640 1251 1215 1328 gravissimusesse
1257 1250 1565 1323 debuerit,
1609 1249 1757 1325 quid
1798 1250 1967 1325 apud
2007 1250 2124 1310 hos
2165 1248 2365 1324 dices,

284 1334 388 1410 qui
416 1336 531 1396 abs
561 1343 621 1396 te
650 1334 814 1397 taciti
854 1334 1173 1410 requirunt
1211 1350 1324 1395 cur
1365 1333 1482 1394 sibi
1538 1334 1657 1395 hoc
1715 1334 1920 1394 oneris
1966 1331 2365 1408 imposueris,

280 1434 389 1479 cur
431 1435 499 1480 se
532 1418 917 1495 potissimum
959 1418 1293 1494 delegeris,
1334 1433 1444 1478 cur
1488 1417 1756 1492 denique
1799 1433 1871 1476 se
1918 1416 2192 1476 divinare
2232 1431 2357 1475 ma-

270 1498 465 1564 lueris
498 1519 678 1578 quam
708 1519 854 1575 eos,
896 1501 1005 1577 qui
1038 1504 1289 1573 scirent,
1335 1499 1648 1563 iudicare?
1688 1500 1841 1561 XIX.
1870 1501 2002 1575 Ego
2031 1499 2358 1573 Plancium,

278 1586 645 1657 Laterensis,
681 1594 742 1644 et
769 1585 971 1660 ipsum
995 1585 1328 1659 gratiosum
1357 1598 1501 1644 esse
1535 1585 1673 1644 dico
1705 1591 1766 1645 et
1795 1583 2087 1645 habuisse
2111 1583 2176 1644 in
2201 1580 2348 1660 peti·

283 1667 446 1730 tione
466 1668 692 1730 multos
715 1668 975 1744 cupidos
997 1668 1094 1728 sui
1114 1665 1455 1742 gratiosos.
1493 1685 1652 1743 quos
1684 1677 1747 1729 tu
1781 1666 1835 1726 si
1857 1669 2110 1729 sodales
2143 1683 2359 1740 vocas,

279 1750 619 1812 officiosam
663 1751 985 1811 amicitiam
1028 1750 1273 1810 nomine
1314 1749 1601 1826 inquinas
1631 1748 1991 1812 criminosoe
2039 1749 2165 1822 sin,
2210 1750 2360 1828 quia

277 1832 529 1907 gratiosi
559 1832 708 1905 sint,
737 1833 1127 1895 accusandos
1162 1842 1372 1908 putas,
1422 1834 1547 1895 noli
1575 1833 1778 1895 mirari
1820 1840 1877 1895 te
1915 1835 2011 1907 id,
2057 1835 2225 1910 quod
2255 1843 2358 1896 tua

279 1914 541 1991 dignitas
566 1917 904 1990 postularit,
928 1917 1326 1992 repudiandis
1348 1919 1754 1992 gratiosorum
1767 1916 2048 1981 amicitiis
2071 1935 2192 1980 non
2209 1934 2358 1980 esse

277 2000 655 2060 adsecutum.
739 1998 840 2063 47.
883 2000 1032 2060 Nam
1058 2009 1123 2061 ut
1168 2017 1286 2077 ego
1330 2002 1525 2062 doceo
1566 2004 1901 2078 gratiosum
1943 2019 2086 2064 esse
2131 2000 2192 2061 in
2240 2019 2354 2062 sua

280 2082 435 2144 tribu
463 2082 802 2155 Plancium,
834 2083 1234 2159 quod‘multis
1268 2083 1530 2160 benigne
1560 2085 1797 2157 fecerit,
1833 2102 1942 2162 pro
1974 2085 2176 2147 multis
2206 2101 2355 2160 spo-

280 2166 589 2243 ponderit,
630 2166 693 2227 in
729 2184 952 2242 operas
981 2167 1276 2241 plurimos
1312 2168 1501 2242 patris
1535 2169 1892 2232 auctoritate
1927 2177 1992 2231 et
2019 2168 2211 2245 gratia
2242 2168 2353 2229 mi-

279 2249 444 2322 serit,
478 2250 645 2324 quod
675 2250 944 2325 denique
975 2250 1260 2311 omnibus
1296 2250 1520 2313 officiis
1553 2269 1663 2327 per
1692 2268 1780 2325 se,
1813 2269 1922 2328 per
1956 2262 2208 2328 patrem,
2238 2268 2355 2328 per

278 2331 542 2393 maiores
575 2349 727 2395 suos
758 2340 945 2396 totam
976 2333 1281 2395 Atinatem
1311 2336 1755 2409 praefecturam
1798 2334 2354 2412 comprehenderit,

277 2414 368 2476 sic
397 2424 459 2476 tu
489 2417 645 2479 doce
676 2423 1058 2492 sequestrem
1092 2416 1317 2490 ruisse,
1360 2418 1637 2494 largitum
1669 2436 1843 2493 esse,
1879 2417 2355 2495 conscripsisse,

279 2497 526 2562 tribules
557 2499 992 2562 decuriavisse.
1054 2501 1228 2575 Quod
1261 2501 1315 2561 si
1342 2518 1461 2570 non
1495 2510 1703 2578 potes,
1746 2466 1872 2564 no’li
1901 2504 2115 2564 tollere
2143 2518 2222 2563 ex
2254 2517 2358 2562 or·

277 2581 420 2645 dine
442 2592 653 2645 nostro
675 2582 1109 2656 liberalitatem,
1141 2583 1267 2645 noli
1289 2585 1649 2647 maleficium
1676 2594 1889 2661 putare
1911 2602 2055 2647 esse
2076 2583 2355 2690 gratiam,

278 2668 401 2729 noli
433 2668 882 2731 observantiam
915 2666 1156 2730 sancire
1188 2685 1410 2765 poena.

399 2752 615 2828 Itaque
649 2752 1044 2814 haesitantem
1090 2762 1155 2814 te
1187 2751 1248 2813 in
1293 2751 1412 2813 hoc
1452 2751 1884 2814 sodaliciorum
1913 2750 2204 2813 tribuario
2235 2750 2352 2813 cri-

278 2834 439 2896 mine
467 2838 543 2896 ad
577 2853 959 2899 communem
990 2834 1251 2898 ambitus
1283 2850 1531 2897 causam
1560 2833 1898 2908 contulisti,
1938 2834 1998 2895 in
2038 2852 2161 2910 qua
2188 2832 2354 2895 desi·

277 2932 496 2977 namus
524 2919 858 2993 aliquando
877 2965 892 2992 ‚
924 2916 979 2979 si
1012 2918 1283 2989 videtur,
1326 2918 1559 2993 vulgari
1587 2926 1650 2982 et
1682 2926 2018 2994 pervagata
2046 2918 2351 2979 declama-

278 2996 444 3060 tione
476 3003 868 3062 contendere.
929 2999 1032 3061 Sic
1061 2998 1221 3062 enim
1255 3007 1455 3062 tecum
1485 3017 1625 3077 ago.
1686 3002 1789 3065 48.
1827 3001 2018 3076 Quam
2049 2999 2155 3064 tibi
2186 3016 2350 3061 com·

276 3083 522 3142 modum
571 3090 695 3152 est,
744 3082 961 3142 tribum
1007 3098 1190 3142 unam
1231 3082 1463 3159 deligas
1498 3092 1563 3146 tu
1595 3086 1785 3158 doce,
1837 3086 1900 3145 id
1935 3085 2104 3160 quod
2138 3084 2350 3156 debes»,

278 3180 387 3239 per
420 3180 601 3239 quem
628 3173 1045 3240 sequestrem,
1095 3184 1219 3242 quo
1257 3166 1529 3229 divisore
1558 3178 1848 3245 corrupta
1877 3168 1983 3230 sit=
2019 3184 2168 3243 ego,
2204 3166 2258 3229 si
2284 3164 2353 3228 id

276 3247 479 3306 facere
520 3263 640 3307 non
691 3248 996 3323 potueriS‚
1026 3252 1224 3326 quod,
1266 3260 1333 3314 ut
1373 3250 1582 3327 opinio
1625 3269 1762 3313 mea
1792 3254 1933 3325 fert,
1976 3269 2054 3311 ne
2092 3247 2355 3325 incipies

277 3329 556 3424 quidem,
588 3346 701 3406 per
736 3347 917 3406 quem
946 3332 1146 3398 tulerit
1174 3336 1436 3397 docebo.
1522 3335 1713 3398 Estne
1743 3336 1895 3399 haec
1926 3351 2073 3398 vera
2100 3341 2353 3396 conten-

275 3410 402 3473 tio?
425 3412 703 3487 placetne
741 3413 831 3474 sic
859 3414 1002 3491 agi?
1026 3417 1180 3479 Num
1210 3435 1466 3496 possum
1496 3419 1689 3495 magis
1714 3420 1936 3495 pedem
1957 3416 2261 3489 conferre,
2285 3421 2359 3480 ut

273 3492 470 3570 aiunt,
516 3504 620 3557 aut
649 3498 904 3574 propius
927 3502 1270 3564 accedere?
1324 3500 1479 3577 Quid
1511 3509 1724 3563 taces?
1751 3499 1913 3579 quid
1956 3497 2363 3562 dissimulasti
