2514 3928
920 279 1299 332 PROOEMIUM
1335 278 1660 333 EDITORIS.
2278 291 2338 329 11

231 421 555 488 particulam,
594 421 740 470 cuius
776 418 1028 485 permulta
1063 421 1115 468 in
1151 418 1294 468 libris
1321 432 1475 468 manu
1505 417 1708 482 scriptis
1745 417 1896 466 etiam
1923 415 2220 467 melioribus
2252 432 2340 468 ve·

229 491 393 555 stigia
429 498 720 547 cernuntur,
770 495 1083 538 commutare
1129 503 1241 536 cum
1289 485 1509 551 simplici
1544 501 1669 549 non,
1715 485 1832 534 vide
1878 500 2010 549 quae
2056 485 2340 550 disputavit

235 559 528 624 Madvigius
572 559 638 607 ad
680 557 940 607 Ciceronis
974 558 1036 606 de
1063 559 1152 614 fin.
1194 556 1284 606 lib.
1324 556 1388 606 112
1428 571 1542 619 cap.
1584 557 1633 604 5.
1673 556 1723 616 5.
1768 553 1851 605 10.
1889 569 1944 619 p.
1988 553 2104 606 153.
2144 561 2194 603 et
2238 568 2336 620 ego

222 629 288 677 dn
310 627 471 688 libro,
495 627 583 689 qui
615 627 930 676 inscribitur:
957 626 1248 691 Nachmi'qe
1278 642 1331 678 u.
1358 623 1777 688 Berichtiqemqen
1800 639 1863 673 zu
1886 624 2109 675 Oicem's
2128 623 2334 686 Disput.

240 695 447 746 Tuscul.
486 710 536 760 p.
574 695 656 747 10.
728 695 780 756 5.
813 695 930 746 135.
972 695 1217 745 audacior
1250 695 1327 744 fui
1362 708 1516 756 quam
1545 691 1603 744 C.
1641 691 1872 743 Halmius
1907 702 1957 741 et
1987 693 2160 757 recepi
2197 692 2338 741 Mad·

234 765 366 829 vigii
394 765 759 815 coniecturam
795 779 940 830 quam
977 764 1114 830 quod
1139 765 1214 819 sie
1242 766 1437 822 statuit,
1474 762 1666 812 omnino
1699 763 2011 812 consularem
2043 763 2196 826 leqem
2229 763 2338 809 nul-

220 836 333 883 lam
360 839 569 895 putare.
610 833 848 883 Probavit
881 841 1082 898 praeter
1099 831 1529 896 Wesenbergium
1569 831 1721 881 etiam
1755 831 1970 880 Iacobus
2003 829 2039 884 l.
2065 846 2112 880 c.
2134 844 2188 895 p.
2212 829 2334 880 725.

236 917 351 952 eam
388 905 746 953 coniecturam.

371 970 508 1020 Haec
539 970 695 1020 habui
721 986 854 1033 quae
881 971 944 1020 de
975 971 1201 1021 oratione
1226 969 1469 1021 Sestiana
1497 969 1732 1030 dicerem,
1763 969 1813 1016 in
1843 983 1943 1031 qua
1968 982 2338 1034 recognoscen-

220 1039 317 1103 da,
352 1048 408 1088 ut
438 1041 565 1101 dixi,
602 1041 822 1088 maxime
852 1038 906 1090 C.
938 1039 1191 1090 Halmium
1227 1048 1434 1089 secutus
1471 1052 1603 1102 sum,
1634 1053 1783 1101 quem
1821 1036 2059 1087 eumdem
2096 1038 2249 1085 etiam
2287 1037 2338 1085 in

222 1110 646 1173 interrogatione,
674 1124 805 1171 quae
841 1108 973 1159 hanc
997 1111 1278 1159 orationem
1312 1109 1523 1173 excipit,
1553 1109 1605 1158 in
1628 1108 1692 1160 P.
1733 1109 1987 1158 Vatinium
2018 1106 2338 1171 potissimum

234 1179 419 1243 ducem
444 1185 594 1240 atque
626 1185 879 1228 auctorem
907 1177 1083 1237 habui,
1122 1178 1184 1228 de
1208 1192 1311 1241 qua
1342 1191 1602 1243 perpauca
1630 1176 1728 1226 hoc
1757 1176 1869 1226 loco
1895 1174 2341 1226 commemoranda
2417 1218 2423 1223 .

238 1246 488 1296 videntur.
529 1245 657 1295 Nam
687 1262 804 1311 cap.
838 1249 890 1298 7.
924 1247 976 1307 5.
1008 1246 1093 1297 16.
1128 1248 1283 1296 etiarn
1313 1261 1449 1295 nunc
1483 1247 1544 1294 de
1576 1245 1826 1294 vocabulo
1863 1245 2159 1303 aediliciam,
2198 1242 2337 1306 quod

225 1313 457 1363 Orellius
495 1323 546 1362 et
567 1313 798 1362 Halmius
830 1314 1179 1372 defenderunt,
1216 1315 1463 1371 dubitavi,
1496 1315 1633 1376 quod
1658 1314 1879 1367 indicavi
1911 1329 1987 1366 eo.
2022 1313 2159 1376 quod
2189 1311 2338 1361 uncis

226 1381 572 1430 ⁴circumdedi.
627 1381 743 1429 Alia
774 1381 970 1430 leviora
1003 1389 1142 1440 sunt,
1173 1382 1231 1429 ut
1266 1381 1407 1442 quod
1436 1395 1549 1444 cap.
1587 1380 1639 1430 8.
1671 1383 1722 1443 5.
1765 1381 1846 1431 19.
1886 1382 2094 1431 retinui:
2127 1381 2333 1443 Quaero

240 1450 394 1498 etiam
426 1448 555 1496 illud
587 1462 658 1498 ιω
693 1453 761 1500 te.
817 1447 955 1497 Illud
989 1446 1467 1498 commemoratione
1500 1449 1665 1512 magis
1700 1451 1935 1513 dignum,
1986 1449 2123 1513 quod
2160 1449 2334 1499 locum

233 1517 588 1580 desperatum,
628 1516 713 1578 qui
746 1516 936 1582 legitur
969 1531 1084 1581 cap.
1118 1516 1183 1567 10
1232 1516 1287 1578 5.
1327 1518 1435 1582 25„
1468 1517 1545 1567 sio
1578 1517 1852 1566 iuvandum
1882 1519 2073 1580 putavi,
2109 1528 2164 1567 ut
2199 1517 2338 1580 quod

242 1585 393 1635 facile
424 1593 637 1649 propter
666 1584 949 1634 litterarum
974 1584 1362 1636 similitudinem
1396 1585 1558 1636 omitti
1587 1583 1753 1650 potuit
1772 1585 2058 1634 Pronomen
2087 1594 2196 1636 tuos
2220 1594 2339 1649 post

222 1656 404 1704 oeulos
439 1653 696 1718 adderem,
729 1662 836 1703 tum
871 1661 1036 1703 autem
1064 1669 1158 1718 pro
1191 1656 1390 1704 Vatinii
1415 1654 1712 1714 scriberem,
1744 1653 1880 1715 quod
1910 1655 2079 1718 ipsum
2110 1657 2160 1703 in
2198 1654 2339 1703 libris

239 1733 317 1772 est
364 1723 565 1780 Vatini,
604 1731 660 1772 ut
707 1721 882 1772 Cicero
927 1724 1196 1788 scripsisse
1229 1725 1486 1774 videatur:
1527 1724 1594 1777 L.
1623 1723 1911 1782 Domitium,
1951 1726 2089 1773 euius
2123 1724 2340 1786 difficiles

232 1801 286 1842 et
312 1792 556 1855 splendor
581 1792 1012 1857 praesu-inqebat,
1049 1793 1220 1852 erede,
1253 1795 1425 1844 oeulos
1454 1801 1584 1853 tum,
1625 1792 1828 1855 Vatini,
1862 1807 2004 1857 quem
2040 1799 2094 1843 tu
2124 1799 2343 1855 propter

231 1876 475 1911 commune
493 1860 656 1910 odium
677 1862 727 1910 in
746 1861 901 1912 bonos
921 1862 1129 1913 oderas.
1161 1862 1339 1912 Paullo
1356 1871 1474 1926 post
1490 1877 1583 1926 pro
1599 1869 1719 1912 unte
1738 1863 1993 1926 aliquanto
2009 1862 2213 1926 leepius
2233 1861 2269 1912 l.
2286 1876 2335 1915 c.

233 1945 284 1995 p.
313 1929 399 1985 ll.
426 1929 582 1980 scribi
604 1930 764 1981 voluit
791 1931 988 1982 tandem
1008 1932 1295 1997 aliquando.
1346 1930 1473 1997 Cap.
1502 1931 1583 1985 15.
1611 1931 1662 1994 5.
1688 1929 1772 1983 36.
1798 1932 1951 1981 etiam
1974 1945 2104 1981 nunc
2134 1931 2337 1981 obtinui

234 2000 577 2049 coniecturam
630 1998 830 2058 Orellii,
879 2014 979 2063 qua
1025 2001 1116 2050 ille
1160 2016 1254 2065 pro
1301 2001 1548 2051 librorum
1587 2002 1911 2051 auctoritate:
1962 2002 2049 2066 qui
2077 2016 2335 2066 numquam

227 2074 323 2118 auc
350 2069 522 2119 sunum·
553 2070 748 2119 consilii
769 2067 1175 2134 qubernau‘onem
1206 2071 1418 2133 auferre
1453 2077 1663 2120 conatus
1697 2076 1793 2129 est,
1831 2070 2147 2119 scribendum
2183 2078 2338 2140 piua-

232 2138 338 2186 vit:
377 2138 464 2201 qui
489 2152 745 2202 numquam
762 2173 776 2196 ,
811 2146 865 2187 ut
901 2144 982 2201 tu,
1017 2139 1187 2189 summi
1215 2140 1413 2190 consilii
1432 2138 1842 2203 quom-nationem
1876 2139 2088 2203 auferre
2120 2146 2336 2189 conatus

231 2211 332 2255 est.
404 2205 532 2255 Nam
579 2205 704 2269 quid
744 2206 973 2271 languidi
1018 2207 1146 2256 haec
1180 2210 1467 2259 coniectura
1504 2207 1689 2258 habeat
1733 2207 1895 2258 fateor
1929 2223 2011 2258 me
2046 2223 2147 2258 non
2185 2206 2330 2256 intel·

230 2271 412 2339 ligere.
490 2271 592 2325 Sed
637 2274 771 2325 mala
808 2284 977 2325 tamen
1026 2277 1242 2341 suspitio
1289 2275 1343 2327 C.
1384 2277 1439 2326 F.
1474 2275 1750 2326 Hei-manni
1784 2291 1884 2327 non
1926 2284 2032 2342 est,
2080 2278 2166 2339 qui
2216 2281 2336 2325 ante

232 2358 327 2408 pro
359 2350 452 2393 aue
487 2343 809 2394 scribendum
849 2345 1082 2398 coniecit.
1141 2346 1402 2396 Postremo
1439 2360 1780 2396 commemoro
1816 2361 1899 2396 me
1933 2360 1998 2396 ne
2033 2345 2089 2398 G.
2122 2346 2178 2393 F.
2206 2343 2333 2393 Her-

232 2412 408 2461 manni
444 2412 649 2475 quidem
687 2414 1030 2477 disputatione
1065 2413 1341 2463 adductum
1380 2429 1522 2474 esse,
1559 2423 1613 2464 ut
1647 2416 1831 2478 verba,
1864 2430 1994 2478 quae
2029 2423 2147 2463 sunt
2183 2414 2235 2462 in
2274 2411 2334 2461 li·

231 2481 365 2530 bris:
405 2495 545 2545 quem
591 2488 644 2531 tu
677 2498 822 2531 rmum
851 2482 1201 2545 improbiorem*
1227 2498 1341 2534 esse
1371 2499 1514 2549 quam
1545 2490 1595 2534 te
1626 2485 1883 2548 nmquam
1921 2484 2055 2534 soles
2088 2480 2335 2544 conlita-2⁹,

232 2552 525 2613 incorrupta
568 2565 680 2599 esse
724 2558 973 2615 putarem.
1048 2550 1238 2615 Scri-psi
1282 2552 1440 2617 igitur
1475 2568 1588 2602 cum
1629 2551 1802 2602 multis
1847 2552 2039 2602 criticis
2072 2566 2170 2601 non
2209 2564 2334 2599 nun-

225 2634 378 2684 quam
411 2632 505 2682 pro
531 2634 803 2683 numquam.
876 2619 1011 2670 Illud
1041 2621 1177 2681 quod
1208 2621 1499 2672 adiunctum
1531 2630 1607 2671 est
1633 2637 1779 2671 unum
1808 2620 1936 2671 mihi
1964 2635 2133 2671 veram
2161 2632 2332 2670 emen-

228 2686 388 2737 dandi
430 2687 565 2735 viam
593 2686 937 2739 demonstrare
973 2688 1192 2739 videtur.

374 2756 540 2805 Etiam
582 2757 635 2806 in
679 2757 935 2816 oratione,
974 2772 1102 2819 quae
1146 2758 1401 2821 sequitur,
1439 2758 1681 2809 Caeliana
1716 2757 2125 2823 recognoscenda
2160 2755 2337 2805 videor

230 2824 363 2873 mihi
400 2824 670 2889 diligenter
697 2840 811 2876 esse
835 2834 1088 2885 versatu8‚
1128 2841 1433 2890 quamquam
1470 2842 1632 2889 neque
1656 2826 1845 2876 Bakii
1881 2824 2335 2884 emendationibus,

230 2908 363 2954 quas
393 2892 478 2942 ille
514 2894 778 2958 proposuit
811 2896 863 2945 in
890 2894 1551 2960 Scholicisvhypomnematis
1578 2896 1680 2945 vol.
1719 2895 1809 2947 ΙΙΙ.
1846 2909 1902 2959 p.
1940 2894 2045 2946 285
2082 2909 2213 2957 sqq.,
2248 2907 2334 2942 ne-

229 2976 332 3024 que
361 2959 412 3009 S.
440 2962 480 3015 1.
509 2963 569 3014 E.
599 2963 792 3013 Rau-ii
829 2965 1259 3025 adnotationibus,
1296 2980 1422 3028 quas
1458 2964 1546 3015 ille
1578 2965 1628 3013 in
1668 2965 1943 3015 Van'arum
1976 2965 2232 3015 lectionum
2263 2962 2338 3011 ad
2402 2961 2408 2972 ¹

228 3031 492 3081 Ciceronis
521 3034 777 3083 orationes
797 3032 939 3083 libris
977 3034 1177 3083 duobus
1213 3049 1371 3099 supra
1394 3034 1614 3085 laudatis
1650 3034 1934 3098 proposuit,
1971 3047 2155 3097 magno
2181 3045 2335 3095 opere
2400 3034 2404 3040 '

234 3115 315 3149 me
338 3114 454 3149 esse
488 3100 717 3151 adiutum
742 3100 918 3162 fateor,
949 3102 1042 3152 sed
1076 3102 1316 3152 libentius
1351 3104 1404 3150 in
1439 3102 1506 3151 iis
1536 3102 1974 3152 emendationibus
2009 3103 2161 3151 etiam
2197 3113 2335 3148 nunc
2375 3098 2404 3174 ,J

230 3170 570 3233 acquievisse,
609 3185 735 3233 quas
767 3171 1056 3237 propositas
1093 3173 1157 3222 ab
1191 3172 1231 3221 Ι.
1262 3169 1323 3222 Ν.
1363 3168 1624 3236 Madvigio
1661 3170 1714 3220 in
1750 3169 1932 3235 Opuse.
1963 3169 2135 3220 Aead.
2163 3167 2332 3229 prior.

231 3252 285 3302 p·
324 3237 430 3289 390
467 3253 583 3302 sqq.
630 3241 733 3288 iam
777 3241 1041 3305 superiore
1088 3240 1310 3290 editione
1351 3254 1466 3289 mea
1507 3254 1642 3288 eram
1692 3248 1915 3292 secutus.
1989 3240 2068 3287 Ac
2111 3237 2333 3300 primum
2395 3284 2399 3291 ,

232 3307 439 3369 quidem
483 3307 622 3369 quod
650 3307 840 3358 Bakius
877 3308 912 3359 l.
943 3325 987 3358 c.
1021 3323 1134 3373 cap.
1173 3307 1224 3357 1.
1264 3309 1313 3369 5.
1358 3307 1405 3357 1.
1443 3308 1626 3367 verba,
1666 3322 1796 3370 quae
1832 3309 1884 3356 in
1921 3314 2146 3355 extrema
2172 3304 2223 3364 5.
2262 3301 2336 3351 le·
2393 3349 2397 3357 .

232 3386 451 3440 guntur:
483 3390 573 3425 vos
603 3376 879 3427 laboriosos
908 3376 1160 3427 existimet
1185 3402 1252 3412 --
1277 3376 1431 3424 liceat
1464 3389 1591 3430 esse,
1622 3376 1801 3439 reponi
1834 3373 1996 3422 voluit
2019 3379 2135 3437 post
2161 3369 2332 3430 verba,
2391 3400 2396 3432 f

233 3458 362 3505 quae
396 3443 538 3493 haud
567 3442 716 3509 longe
761 3461 792 3493 a
829 3445 1082 3511 principio
1121 3444 1384 3508 leguntur:
1434 3457 1579 3491 unum
1614 3442 1707 3491 Ιιοο
1739 3441 1969 3491 iudicium
2008 3442 2331 3496 exerceatur,
2390 3475 2394 3496 ζ

235 3512 337 3562 iam
384 3528 451 3563 ex
493 3512 592 3562 h‘ac
629 3528 825 3563 summa
874 3511 1088 3563 audacia
1132 3523 1444 3575 cognoscere
1493 3510 1685 3572 poteris
1726 3508 1872 3556 cuius
1917 3507 2059 3553 modi
2110 3501 2333 3555 reliquae
