2514 3928
865 103 1030 162 CAP.
1068 112 1222 164 10'-
1247 109 1329 163 13.
1374 108 1427 169 s.
1460 110 1720 165 mim-29.
2257 101 2328 163 ll

243 257 474 319 rettulit
512 265 889 332 senatusque
933 256 1222 332 frequens
1263 264 1498 316 vestem
1544 271 1653 330 pro
1696 271 1830 314 mea
1867 255 2064 315 salute
2101 266 2330 315 mutan-

243 342 390 402 dam
428 340 686 400 censuit.

212 480 213 485 ,
418 425 545 485 Xll.
575 421 677 484 27.
722 423 768 484 Ο
795 425 955 484 diem
987 425 1183 495 illum,
1221 422 1487 493 iudieeS,
1523 424 1829 483 funestum
1861 422 2100 483 senatui
2125 423 2331 483 bonis·

248 526 371 587 que
405 507 719 582 omnibus,
762 509 849 568 rei
889 507 1176 584 publicae
1210 509 1587 579 luctuosum,
1632 505 1777 566 mihi
1812 507 1891 565 ad
1927 507 2329 567 domesticum

246 608 588 655 maerorem
642 608 924 668 gravem,
988 592 1068 652 ad
1122 592 1499 667 posteritatis
1553 589 1906 651 memoriam
1957 591 2330 665 gloriosum!

164 714 171 719 -
247 677 405 752 Quid
447 675 607 737 enim
651 675 978 752 quisquam
1026 684 1232 750 potest
1275 691 1351 735 ex
1388 674 1551 734 omni
1594 674 1888 734 memoria
1923 691 2165 735 sumere
2199 674 2329 735 illu-

246 762 464 831 strius,
504 776 688 836 quam
720 777 982 836 pro-uno
1015 759 1150 820 cive
1180 769 1242 820 et
1272 760 1471 820 bonos
1504 774 1718 841 omnes
1755 758 1990 833 privato
2018 775 2329 819 consensu

244 855 305 907 et
328 845 682 907 universum
708 853 986 905 senatum
1016 843 1262 920 publico
1289 843 1546 904 consilio
1572 851 1844 903 mutasse
1864 849 2138 903 vestem?
2168 859 2328 918 quae

243 929 496 1004 quidem
539 937 661 989 tum
697 929 947 989 mutatio
982 945 1104 989 non
1149 926 1605 1004 deprecationis
1639 935 1733 987 est
1763 943 1951 987 causa
1983 928 2170 1000 facta,
2215 927 2328 988 sed

246 1015 467 1075 luctus.
561 1014 753 1088 Quem
799 1013 956 1072 enim
997 1014 1430 1088 deprecarere,
1495 1028 1679 1087 quum
1713 1027 1925 1071 omnes
1957 1018 2169 1072 essent
2196 1026 2326 1071 sor-

244 1096 436 1158 didati
487 1112 798 1170 quumque
839 1097 956 1156 hoc
1004 1095 1154 1156 satis
1195 1104 1365 1157 esset
1406 1094 1565 1170 signi
1607 1111 1750 1179 esse
1796 1095 2169 1170 improbum,
2225 1094 2329 1169 qui

248 1188 481 1240 mutata
523 1188 695 1239 veste
736 1196 859 1239 non
904 1187 1113 1240 esset?
1166 1180 1298 1240 Hac
1341 1179 1675 1240 mutatione
1704 1180 1894 1240 vestis
1927 1180 2113 1250 facta,
2162 1187 2328 1240 tanto

253 1262 315 1321 in
359 1265 524 1321 luctu
559 1261 849 1334 civitatis,
896 1262 1293 1340 omitto‘quid
1338 1264 1439 1322 ille
1473 1262 1782 1334 tribuum,
1831 1264 2093 1322 omnium
2130 1279 2326 1322 rerum

253 1344 1147 1422 divinarumfflumanarumque
1181 1347 1444 1423 praed0,
1484 1345 1728 1417 fecerit,
1764 1346 1868 1419 qui
1903 1347 2128 1406 adesse
2158 1346 2326 1406 nobi-

248 1429 523 1490 lissimos
555 1430 1013 1504 adolescenteS,
1058 1430 1533 1493 honestissimos
1570 1429 1811 1505 equites
1846 1432 2187 1501 RomanoS,
2224 1430 2329 1489 de-

247 1522 604 1590 precatores
657 1516 870 1576 salutis
920 1531 1096 1577 meae
1145 1515 1396 1576 iusserit
1440 1531 1679 1590 eosque
1723 1530 2046 1589 operarum
2082 1528 2328 1573 suarum

244 1597 559 1679 gladiiset
586 1599 894 1674 lapidibus
927 1599 1250 1660 obiecerit:
1288 1600 1366 1659 de
1389 1599 1751 1659 consulibus
1784 1600 2033 1674 loquor,
2069 1613 2326 1674 quorum

243 1682 366 1743 fide
410 1699 513 1743 res
546 1683 793 1758 publica
836 1681 944 1744 niti
976 1682 1202 1744 debuit.
1291 1681 1391 1745 28.
1438 1683 1837 1744 Exanimatus
1883 1684 2087 1743 evolat
2121 1699 2199 1742 ex
2231 1698 2325 1742 se·

244 1775 419 1838 natu,
457 1783 579 1827 non
611 1767 814 1827 minus
845 1768 1199 1843 perturbato
1231 1767 1435 1827 animo
1468 1776 1652 1844 atque
1686 1767 1885 1837 vultu,
1920 1783 2101 1841 quam
2134 1767 2185 1826 si
2220 1785 2326 1827 an-

241 1850 337 1911 nis
369 1859 512 1910 ante
546 1851 765 1925 paucis
795 1850 855 1909 in
889 1849 1259 1910 creditorum
1290 1860 1656 1912 conventum
1687 1850 2031 1911 incidisset:
2066 1852 2329 1911 advocat

238 1933 596 1996 contionem
614 1979 629 2004 ‚
663 1933 853 1994 habet
882 1931 1219 2002 orationem
1240 1936 1420 1994 talem
1444 1937 1693 2010 consul,
1731 1937 1972 2011 qualem
1996 1952 2326 2011 numquam

244 2016 505 2078 Catilina
533 2015 734 2077 vietor
759 2016 1109 2077 habuisset=
1162 2033 1365 2077 errare
1404 2018 1716 2091 homineS,
1770 2020 1821 2079 si
1857 2022 2035 2081 etiam
2072 2029 2195 2081 tum
2230 2036 2327 2079 se·

240 2110 454 2162 natum
485 2099 759 2175 aliquid
742 2118 803 2160 in
827 2118 893 2161 re
918 2100 1161 2175 publica
1190 2118 1383 2178 posse
1412 2104 1870 2176 arbitrarentur,
1907 2103 2147 2179 equites
2181 2120 2326 2163 vero

240 2188 560 2252 Romanos
603 2185 858 2246 daturos
901 2184 1064 2245 illius
1111 2185 1243 2245 dies
1289 2189 1552 2260 po‘enaS‚
1604 2206 1725 2263 quo
1761 2204 1857 2266 me
1902 2189 2158 2248 consule
2192 2204 2326 2247 cum

241 2269 466 2346 gladiis
498 2268 557 2329 in
595 2268 754 2330 clivo
788 2268 1130 2345 Capitolino
1163 2269 1454 2342 fuissent,
1503 2273 1751 2333 venisse
1799 2282 2037 2347 tempus
2074 2272 2179 2344 iis,
2226 2272 2326 2345 qui

242 2354 302 2414 in
347 2353 566 2415 timore
607 2352 870 2414 fuissent
919 2385 1006 2399 —-
1049 2355 1400 2416 coniuratos
1436 2355 1723 2418 videlicet
1749 2356 1993 2416 dicebat
2018 2390 2131 2426 —-,
2180 2353 2329 2415 ulci-

243 2437 459 2499 scendi
486 2436 603 2499 sui.
639 2436 701 2497 Si
740 2436 1002 2499 dixisset
1029 2438 1181 2500 haec
1213 2442 1652 2520 solum,⁴omni
1689 2439 1996 2515 supplicio
2029 2448 2198 2500 esset
2239 2438 2328 2497 di·

242 2538 432 2598 gnus=
482 2538 623 2582 nam
654 2521 848 2583 oratio
879 2521 1019 2598 ipsa
1050 2523 1325 2584 consulis
1358 2524 1710 2599 perniciosa
1741 2532 1946 2598 potest
1972 2539 2098 2582 rem
2134 2520 2328 2597 publi·

243 2622 379 2665 eam
425 2606 822 2667 labefactare=
870 2604 1016 2681 quid
1061 2606 1277 2668 fecerit
1316 2607 1539 2667 videte.
1614 2606 1715 2667 29.
1759 2606 1827 2665 L.
1868 2605 2171 2678 Lamiam,
2224 2603 2327 2680 qui

245 2706 435 2766 quum
476 2706 570 2750 me
612 2690 813 2765 ipsum
856 2708 970 2765 pro
1016 2708 1254 2753 summa
1301 2690 1733 2764 familiaritate,
1794 2706 1953 2765 quae
1999 2687 2145 2749 mihi
2191 2705 2325 2750 cum

244 2782 419 2849 patre
449 2774 583 2835 eius
613 2781 758 2845 erat,
797 2775 977 2836 unice
1011 2774 1319 2851 diligebat,
1352 2784 1475 2836 tum
1509 2791 1620 2850 pro
1655 2789 1723 2835 re
1753 2774 1999 2849 publica
2035 2776 2137 2834 vel
2168 2792 2326 2836 mor·

242 2866 363 2918 tem
408 2867 702 2933 oppetere
744 2857 1059 2933 cupiebat,
1109 2860 1168 2919 in
1208 2858 1495 2920 contione
1536 2856 2212 2934 relegavit-edixitque,
2264 2867 2329 2916 ut

243 2941 321 3001 ab
353 2943 508 3003 urbe
549 2943 798 3004 abesset
836 2943 1000 3003 milia
1044 2959 1342 3018 passuum
1385 2942 1681 3014 ducenta,
1736 2944 1899 3019 quod
1935 2951 2106 3003 esset
2134 2958 2326 3002 ausus

244 3043 357 3102 pro
393 3025 540 3099 civi,
588 3042 698 3102 pro
739 3025 899 3101 bene
940 3026 1153 3086 merito
1187 3025 1339 3099 civi,
1394 3043 1504 3102 pro
1549 3026 1777 3100 amico,
1816 3043 1942 3104 pro
1986 3040 2052 3084 re
2083 3025 2328 3100 publiea

244 3108 586 3186 deprecari.

409 3195 570 3256 XIII.
619 3192 772 3268 Quid
816 3193 935 3260 hoc
979 3192 1225 3254 homine
1270 3192 1506 3254 facias?
1551 3202 1654 3253 aut
1697 3209 1819 3266 quo
1864 3193 2060 3252 civem
2103 3191 2333 3264 impor-

242 3287 452 3339 tunum
484 3286 590 3339 aut
621 3295 743 3354 quo
779 3276 982 3353 potius
1013 3278 1252 3338 hostem
1287 3285 1405 3337 tam
1436 3278 1800 3336 sceleratum
1831 3281 2160 3334 reserves?
2202 3268 2328 3341 qui,

242 3369 309 3423 ut
337 3361 607 3423 omittam
679 3368 912 3435 cetera,
961 3376 1122 3437 quae
1152 3368 1295 3420 sunt
1323 3359 1380 3418 ei
1412 3374 1551 3417 cum
1586 3360 1825 3428 collega
1858 3351 2106 3413 immani
2134 3351 2329 3415 impu·
