2514 3928
202 187 330 253 444
480 133 586 249 ω’
583 190 665 248 Μ.
700 189 1104 266 AN'rommu
1134 165 1419 249 o‘RAno
1455 188 1877 250 PHILlPPICA
1904 190 2033 250 xu.
2211 199 2341 256 ωε

205 343 365 401 facta
403 339 580 417 pacis
644 339 1044 415 suspitionem
1080 338 1282 412 multis
1316 341 1511 401 attulit
1552 337 1897 400 immutatae
1937 341 2328 402 voluntatis·

199 426 365 484 ‘Inter
400 423 514 484 has
555 439 857 498 personas
887 440 985 483 me
1027 422 1402 485 interiectum
1435 421 1613 483 amici
1640 422 1888 483 Antonii
1916 424 2194 484 moleste
2228 426 2330 486 fe·

203 517 370 567 runt=
408 506 630 582 quibus
654 508 961 582 gerendus
990 524 1125 568 mos
1151 515 1275 580 est,
1307 508 1596 583 quoniam
1622 509 1812 567 semel
1836 508 2126 568 liberales
2161 524 2329 569 εεεε

203 589 545 666 coepimus.
632 592 792 654 VIII.
832 589 929 652 19.
961 590 1435 652 Proficiscantur
1466 590 1647 665 legati
1684 589 1927 665 optimis
1966 590 2326 666 ominibuS,

202 675 313 735 sed
340 673 381 733 ii
407 674 892 750 proficiscantur,
920 673 979 733 in
1009 673 1232 750 quibus
1257 690 1378 735 non
1405 672 2090 735 offendaturAntonius.
2118 676 2325 750 Quod

204 758 256 819 si
298 758 377 818 de
418 756 685 820 Antonio
730 775 852 819 non
897 757 1216 832 laboratiS‚
1263 757 1404 817 mihi
1448 767 1644 831 certe,
1690 765 1898 833 patres
1933 758 2320 835 conscripti,

202 843 526 902 consulere
557 842 812 903 debetis.
878 841 1112 902 Parcite
1147 841 1343 902 oculis
1373 844 1586 903 saltem
1616 841 1768 902 meis
1798 850 1859 903 et
1885 840 2164 918 aliquam
2203 860 2320 903 ve·

202 925 362 985 niam
405 926 564 987 iusto
597 925 795 986 dolori
829 925 987 985 date.
1049 924 1180 999 Quo
1223 924 1383 986 enim
1424 934 1681 1002 aspectu
1718 924 1924 985 videre
1956 935 2188 1002 potero
2225 963 2319 972 —

202 1009 410 1070 omitto
443 1009 679 1069 hostem
715 1010 977 1085 patriae,
1007 1026 1086 1069 ex
1117 1026 1238 1084 quo
1271 1009 1415 1069 mihi
1445 1007 1653 1070 odium
1682 1008 1743 1068 in
1771 1008 1938 1071 illum
1970 1026 2316 1072 commune

201 1091 523 1153 vobiscum
567 1100 662 1153 est
685 1126 772 1139 -
802 1094 915 1153 sed
953 1110 1075 1168 quo
1112 1094 1295 1154 modo
1341 1093 1631 1169 aspiciam
1667 1091 1812 1154 mihi
1854 1092 1960 1153 uni
1997 1095 2313 1156 crudelis·

201 1175 418 1237 simum
464 1176 733 1249 hostem,
783 1185 849 1238 ut
889 1176 1201 1237 declarant
1235 1176 1369 1238 eius
1412 1179 1489 1238 de
1536 1193 1632 1237 me
1673 1175 2113 1238 acerbissimae
2151 1195 2311 1239 con·

200 1258 443 1320 tiones?
482 1260 743 1320 Adeone
773 1276 867 1320 me
899 1263 1161 1321 ferreum
1193 1262 1448 1335 putatiS,
1492 1270 1559 1322 ut
1587 1276 1723 1321 cum
1754 1277 1828 1321 eo
1861 1260 2163 1337 congredi
2196 1271 2311 1323 aut

199 1343 368 1404 illum
398 1342 680 1418 aspicere
714 1343 989 1420 possim?
1032 1344 1138 1420 qui
1166 1362 1380 1419 nuper,
1416 1360 1601 1420 quum
1632 1346 1690 1403 in
1717 1344 2001 1406 contione
2030 1345 2309 1406 donaret

201 1443 345 1500 εοε,
383 1428 488 1503 qui
523 1426 579 1491 ei
613 1430 692 1489 de
736 1428 1056 1504 parricidis
1092 1426 1489 1489 audacissimi
1524 1427 1913 1501 videbantur,
1952 1445 2093 1489 mea
2129 1429 2304 1489 bona

201 1512 434 1571 donare
478 1528 548 1571 se
591 1511 744 1573 dixit
768 1511 1027 1573 Petissio
1054 1510 1360 1585 Urbinati‚
1405 1510 1511 1587 qui
1542 1529 1622 1572 ex
1650 1513 1966 1588 naufragio
1997 1513 2304 1573 luculenti

204 1593 548 1672 patrimonii
579 1596 657 1655 ad
690 1596 845 1655 haec
872 1595 1221 1657 Antoniana
1250 1611 1404 1656 saxa
1434 1596 1745 1672 proiectus
1776 1604 1887 1657 est.
1952 1596 2056 1657 20.
2103 1597 2206 1655 An
2232 1597 2303 1656 L.

198 1677 534 1739 Antonium
576 1680 859 1755 aspicere
897 1687 1160 1755 potero?
1204 1678 1380 1740 cuius
1416 1696 1533 1755 ego
1566 1678 1978 1741 crudelitatem
2013 1678 2302 1756 effugere

203 1778 328 1822 non
364 1763 735 1839 potuissem,
765 1762 885 1823 nisi
908 1780 1005 1823 me
1035 1763 1357 1824 moenibus
1390 1771 1451 1823 et
1480 1763 1675 1839 portis
1711 1772 1779 1846 et
1799 1762 2005 1825 studio
2034 1764 2295 1824 munici-

202 1846 285 1922 pii
309 1845 426 1907 mei
449 1846 888 1909 defendissem.
932 1851 1138 1923 Atque
1160 1848 1322 1907 idem
1344 1845 1443 1906 hic
1459 1846 2104 1922 myrmillo'AsiaticuS,
2133 1845 2296 1908 latro

199 1929 437 2004 Italiae,
470 1931 706 2007 collega
726 1930 1018 1993 Lentonis
1049 1939 1110 1993 et
1126 1930 1430 2006 Nuculae,
1462 1948 1646 2006 quum
1675 1929 1941 2007 Aquilae
1972 1929 2153 2008 primi
2184 1930 2297 2006 pili

201 2031 479 2076 nummos
499 2032 724 2076 aureos
748 2018 941 2084 daret,
964 2016 1044 2074 de
1066 2015 1218 2075 meis
1236 2014 1418 2077 bonis
1449 2032 1519 2076 se
1544 2015 1691 2076 dare
1722 2014 1903 2076 dixit:
1941 2015 1996 2077 si
2025 2015 2191 2075 enim
2212 2016 2298 2075 de

202 2098 333 2159 suis
365 2100 651 2175 dixisset,
690 2116 768 2161 ne
795 2098 1076 2176 Aquilam
1110 2099 1358 2176 quidem
1394 2097 1596 2175 ipsum
1624 2099 1991 2160 crediturum
2030 2099 2292 2175 putavit.

200 2183 332 2245 Non
382 2184 604 2257 ferent,
640 2183 918 2259 inquam,
952 2182 1114 2245 oculi
1144 2182 1402 2256 Saxam,
1436 2182 1758 2260 Catonem,
1791 2200 1914 2243 non
1951 2184 2074 2244 duo
2114 2199 2297 2258 prae-

204 2276 405 2337 toreS,
459 2283 582 2327 non
627 2267 929 2327 tribunum
971 2267 1201 2342 plebiS,
1251 2283 1375 2327 non
1423 2267 1545 2328 duo
1590 2267 1944 2343 designatos
1989 2266 2294 2339 tribunos,

204 2365 327 2409 non
356 2349 627 2410 Bestiam
646 2396 661 2422 ,
692 2367 812 2410 non
841 2349 1231 2422 Trebellium,
1271 2367 1393 2412 non
1422 2350 1485 2410 T.
1515 2350 1820 2411 Plancum.
1864 2351 1999 2410 Non
2030 2366 2293 2425 possum

201 2432 403 2493 animo
436 2448 638 2508 aequo
678 2433 885 2494 videre
918 2441 1007 2494 tot
1035 2442 1153 2494 tam
1189 2433 1606 2510 importunoS,
1650 2443 1770 2495 tam
1811 2435 2149 2495 sceleratos
2179 2433 2293 2492 ho·

202 2526 364 2578 stes=
398 2532 512 2577 nec
553 2518 616 2578 id
656 2518 724 2579 fit
764 2518 1006 2578 fastidio
1038 2534 1210 2589 meo,
1246 2519 1360 2578 sed
1401 2517 1649 2579 caritate
1689 2518 1776 2578 rei
1810 2517 2114 2593 publicae.
2181 2514 2289 2578 21.

203 2601 326 2661 Sed
352 2599 589 2685 vincam
612 2601 877 2663 animum
901 2600 1171 2678 mihique
1192 2602 1506 2677 imperabo
1526 2624 1538 2656 ε
1566 2603 1840 2662 dolorem
1865 2600 2290 2675 iustissimum,

202 2683 255 2744 si
287 2702 406 2745 non
438 2694 699 2761 potuero
735 2687 1047 2761 frangere,
1081 2686 1422 2747 occultabo.
1487 2685 1685 2760 Quid?
1716 2684 1878 2746 vitae
1916 2684 2286 2758 censetisne,

203 2777 409 2843 patres
453 2769 818 2845 conscripti,
873 2769 1217 2830 habendam
1265 2767 1410 2829 mihi
1457 2770 1724 2845 aliquam
1764 2784 1908 2829 esse
1949 2767 2292 2828 rationem?

203 2869 362 2926 quae
401 2853 543 2914 mihi
588 2855 833 2930 quidem
865 2847 1111 2914 minime
1147 2870 1291 2913 cara
1322 2871 1444 2925 est,
1489 2851 1844 2928 praesertim
1889 2868 2075 2927 quum
2104 2851 2287 2910 Dola-

200 2934 359 2995 bella
405 2936 616 2998 fecerit
654 2948 721 3000 ut
760 2938 1029 3014 optanda
1077 2952 1242 2997 mors
1282 2943 1480 3010 esset,
1519 2937 1703 2997 modo
1735 2935 1867 2996 sine
1899 2934 2168 2996 cruciatu
2196 2940 2285 2993 at-

202 3035 323 3093 que
365 3021 711 3082 tormentis:
761 3021 937 3083 vobis
995 3018 1192 3082 tamen
1234 3028 1298 3081 et
1338 3021 1566 3096 populo
1612 3021 1890 3081 Romano
1933 3017 2070 3078 vilis
2111 3033 2283 3078 meus

202 3100 454 3175 spiritus
498 3119 643 3163 esse
684 3122 806 3165 non
844 3105 1045 3167 debet.
1117 3105 1178 3166 Is
1213 3104 1373 3165 enim
1422 3120 1589 3178 sum,
1634 3102 1753 3164 nisi
1794 3119 1892 3163 me
1931 3103 2086 3164 forte
2122 3102 2279 3175 salle,

202 3183 309 3257 qui
353 3183 605 3257 vigiliis,
641 3188 833 3260 curis„
867 3187 1213 3264 sententiis,
1259 3186 1547 3264 periculis
1591 3187 1801 3260 etiam,
1839 3202 2001 3262 quae
2024 3186 2279 3262 plurima

199 3264 323 3324 adii
369 3275 621 3340 propter
659 3268 1124 3331 acerbissimum
1166 3271 1435 3331 omnium
1479 3269 1538 3331 in
1582 3287 1679 3332 me
1709 3271 1917 3332 odium
1945 3268 2281 3347 impiorum,

202 3347 564 3419 perfecerim
603 3358 671 3409 ut
707 3365 829 3410 non
860 3351 1168 3413 obstarem
1206 3354 1296 3416 rei
1333 3352 1641 3431 publicae:
1685 3371 1762 3415 ne
1796 3354 1944 3438 quid
1985 3354 2278 3431 adrogan-

199 3424 322 3487 tius
357 3426 569 3487 videar
602 3430 826 3496 dicere.
915 3433 1017 3495 22.
1072 3435 1247 3509 Quod
1289 3455 1472 3514 quum
1505 3437 1586 3498 ita
1616 3439 1726 3515 sit,
1766 3437 1994 3500 nihilne
2028 3434 2171 3498 mihi
2202 3434 2279 3494 de
