2514 3928
194 282 319 348 278
739 280 890 342 rao
919 280 988 356 o.
1023 280 1341 342 Lchmo
1376 281 1679 344 οιιΑτιο.
2181 299 2254 357 ⁵4

186 445 309 497 tum
347 433 528 499 etiarn
567 432 844 496 doctrina
883 433 1194 496 excellens
1234 449 1430 508 genus
1470 434 1591 495 hoc
1632 450 1860 500 causae
1892 435 2058 511 quod
2087 445 2256 497 esset

182 536 304 591 non
340 515 576 579 viderit.
675 517 825 576 Nam
890 517 943 577 si
986 514 1278 591 vidisset,
1322 518 1542 593 quovis
1589 519 1864 593 profecto
1908 535 2091 594 quam
2137 520 2256 581 isto

181 602 369 665 modo
394 617 428 661 a
459 608 516 661 te
548 597 647 676 agi
677 598 1009 662 maluisset.

304 684 529 758 Arguis
559 685 864 747 fatentem.
939 684 1070 747 Non
1102 690 1198 745 est
1225 683 1396 748 satis.
1481 685 1761 749 Accusas
1791 701 1945 760 eum,
1978 685 2083 761 qui
2113 701 2253 746 cau-

183 785 311 830 sam
345 767 527 828 habet
555 773 677 842 aut,
707 776 770 828 ut
801 783 916 844 ego
951 767 1110 841 dico,
1141 764 1452 831 meliorem
1487 784 1668 843 quam
1700 775 1768 830 tu
1798 776 1918 842 aut,
1950 777 2015 829 ιιι
2043 778 2108 833 ιιι
2138 768 2252 840 vis,

178 868 410 928 parem.
499 849 598 913 11.
638 852 805 911 Haec
834 848 1228 920 admirabilia,
1264 851 1375 910 sed
1411 849 1671 926 prodIgii
1714 850 1908 911 simile
1933 861 2057 924 est,
2084 853 2250 927 quod

180 935 400 995 dicam.
487 934 619 994 Non
661 934 843 996 habet
883 950 1016 994 eam
1054 931 1172 993 vim
1213 931 1332 995 ista
1374 932 1718 1005 accusatio,
1759 942 1823 995 ut
1867 935 1932 1008 Q.
1970 933 2250 1010 Ligarius

179 1019 645 1089 condemnetur,
677 1016 789 1079 sed
822 1025 885 1077 ut
912 1025 1180 1077 necetur.
1267 1016 1401 1077 Hoc
1431 1017 1553 1092 egit
1584 1016 1738 1078 civis
1773 1019 2082 1080 Romanus
2110 1027 2251 1081 ante

181 1109 240 1162 te
292 1116 511 1161 nemoz
565 1098 798 1165 externi
842 1100 940 1159 isti
984 1115 1187 1161 mores
1230 1117 1431 1176 usque
1469 1101 1552 1163 ad
1597 1101 1953 1176 sanguinem
1998 1100 2248 1165 ‚incitari

180 1186 381 1245 solent
426 1181 570 1246 odio
614 1190 719 1247 aut
767 1182 988 1246 levium
1033 1182 1400 1247 Graecorum
1446 1192 1551 1244 aut
1580 1183 1927 1249 immanium
1959 1185 2248 1247 barbaro-

178 1284 331 1331 rum.
416 1266 562 1329 Nam
611 1265 754 1341 quid
791 1265 923 1343 agis
954 1267 1160 1329 aliud?
1204 1274 1270 1327 ιιι
1298 1267 1527 1328 Romae
1558 1285 1635 1329 ne
1663 1268 1783 1329 sit?
1825 1276 1889 1329 ut
1923 1269 2105 1331 domo
2149 1283 2252 1328 ca·

175 1358 350 1415 reat?
382 1367 457 1410 ne
482 1366 619 1413 cum
643 1348 887 1426 optimis
912 1348 1211 1422 fratribuS,
1238 1366 1316 1411 ne
1341 1367 1476 1413 cum
1500 1351 1619 1415 hoc
1639 1352 1703 1410 Τ.
1729 1350 2026 1425 Broccho,
2058 1368 2248 1413 avun-

180 1435 352 1509 culo,
383 1449 459 1498 ne
488 1451 624 1500 cum
660 1435 791 1499 eius
822 1434 976 1509 filio,
1013 1433 1381 1497 consobrino
1414 1451 1549 1508 suo,
1585 1451 1658 1495 nc
1696 1435 2012 1497 nobiscum
2045 1435 2250 1495 vivat?

178 1535 255 1579 ne
292 1520 371 1580 sit
402 1517 463 1579 in
494 1516 731 1594 patria?
781 1518 934 1585 Num
965 1526 1100 1587 est?
1140 1534 1282 1581 num
1314 1528 1515 1594 potest
1537 1518 1729 1594 magis
1759 1534 1966 1581 carere
1995 1519 2091 1579 his
2121 1534 2246 1579 om·

178 1601 357 1665 uibus
404 1620 586 1677 quam
632 1609 836 1665 caret?
880 1601 1049 1663 Italia
1080 1600 1463 1677 prohibetur,
1496 1603 1754 1663 exsulat.
1844 1603 1971 1666 Non
2005 1610 2067 1662 ιιι
2097 1618 2245 1677 ergo

178 1701 317 1746 eum
349 1685 541 1761 patria
571 1684 843 1761 privare,
874 1702 995 1760 qua
1029 1693 1211 1756 caret,
1241 1687 1353 1746 sed
1386 1685 1507 1747 vita
1536 1685 1648 1746 vis.
1743 1684 1838 1747 12.
1867 1688 1948 1746 At
1975 1687 2134 1749 istud
2167 1701 2246 1746 ne

177 1769 345 1845 apud
369 1785 507 1830 eum
533 1767 777 1844 quidem
801 1767 1174 1844 dictatorem,
1208 1769 1311 1844 qui
1338 1785 1433 1828 om
1444 1785 1572 1846 neS,
1609 1785 1769 1846 quos
1794 1770 2025 1841 oderat,
2050 1775 2243 1829 morte

178 1854 507 1924 multabat,
583 1850 906 1926 quisquam
948 1851 1069 1929 egit
1113 1851 1229 1912 isto
1284 1854 1487 1915 modo.
1585 1854 1726 1929 Ipse
1757 1851 2003 1917 iubebat
2046 1850 2242 1913 occidi

176 1935 342 1997 nullo
374 1934 749 2011 postulante,
784 1933 1066 2009 praemiis
1102 1935 1282 1997 etiam
1311 1934 1627 2002 invitabat}
1673 1953 1830 2013 quae
1878 1946 2077 2000 tamen
2106 1951 2234 1996 cru·

178 2018 394 2080 delitus
423 2017 500 2078 ab
531 2019 649 2079 hoc
680 2018 895 2079 codem
927 2019 1159 2095 aliquot
1184 2021 1362 2080 annis
1396 2028 1561 2096 post,
1611 2037 1792 2095 quem
1824 2028 1886 2085 tu
1918 2036 2076 2081 nunc
2107 2035 2237 2081 cru·

177 2103 374 2164 delern
403 2099 545 2163 esse
590 2097 711 2172 viS,
761 2100 1064 2162 vindicata
1105 2110 1215 2163 est.
1304 2104 1378 2161 V.
1427 2104 1553 2178 Ego
1596 2120 1742 2164 vero
1785 2103 1949 2165 istud
1980 2120 2098 2164 non
2133 2119 2233 2177 po·

178 2188 357 2261 stulo,
387 2183 648 2261 inquies.
737 2185 822 2245 lta
851 2185 1194 2247 mehercule
1226 2185 1525 2261 existimo,
1551 2186 1807 2248 Tubero.
1895 2186 2050 2248 Novi
2081 2185 2238 2248 enim

181 2277 254 2342 te,
287 2267 429 2329 novi
461 2276 721 2343 patrem,
754 2267 895 2327 novi
925 2268 1171 2329 domum
1203 2285 1548 2346 nomenque
1577 2278 1874 2332 vesti-utne
1909 2268 2108 2332 studia
2135 2284 2236 2344 ge·

178 2350 341 2411 neris
380 2366 456 2413 ac
498 2350 755 2411 familiae
803 2360 1045 2413 vestrae
1106 2351 1372 2422 virtutiS,
1427 2352 1843 2425 humanitatis,
1903 2352 2235 2423 doctrinae,

173 2431 569 2510 plurimarum
598 2432 820 2496 artium
846 2442 1034 2511 atque
1064 2432 1432 2509 optimarum
1465 2443 1613 2494 nota
1646 2430 1789 2495 mihi
1830 2443 1977 2494 sunt
2020 2432 2241 2492 omnia.

184 2517 278 2577 13.
302 2517 515 2590 ltaque
540 2524 713 2579 certo
750 2517 882 2582 scio
907 2534 1025 2578 vos
1063 2534 1184 2580 non
1223 2526 1437 2596 petere
1460 2515 1854 2594 sanguinem,
1889 2517 2002 2579 sed
2025 2531 2244 2591 parum

176 2601 506 2663 attenditis.
582 2601 704 2679 Res
735 2600 896 2669 enim
928 2618 1003 2662 eo
1036 2609 1298 2679 spectat,
1330 2611 1398 2664 ut
1429 2618 1501 2662 ea
1535 2615 1757 2677 poena,
1792 2600 1850 2660 in
1887 2617 2010 2675 qua
2043 2599 2247 2661 adhuc

178 2687 246 2762 Q.
280 2686 556 2766 Ligarius
587 2695 702 2758 est,
734 2702 857 2747 non
889 2685 1215 2752 videamini
1240 2703 1383 2749 esse
1405 2682 1696 2746 contenti.
1750 2683 1920 2756 Quae
1943 2690 2040 2746 est
2062 2681 2244 2761 igitur

175 2769 293 2831 alia
325 2777 569 2846 praeter
596 2773 894 2831 mortem?
946 2770 1010 2832 Si
1042 2770 1199 2831 enim
1239 2778 1333 2832 est
1364 2769 1425 2829 in
1457 2767 1695 2842 exsili0,
1730 2767 1911 2829 sicuti
1939 2776 2051 2840 est,
2094 2767 2244 2841 quid

176 2855 440 2930 amplius
463 2854 835 2930 postulatis?
861 2858 980 2927 An,
1004 2872 1083 2916 ne
1107 2855 1502 2929 ignoscatur?
1534 2854 1665 2913 Hoc
1686 2867 1833 2913 vero
1858 2856 2048 2916 multo
2075 2867 2245 2912 acer-

179 2936 315 2999 bius
341 2940 658 3013 multoque
683 2947 779 3002 est
801 2938 1033 2999 durius,
1067 2940 1244 3020 Quod
1274 2953 1389 2998 nos
1414 2936 1626 3011 [domi]
1650 2935 1912 3012 petimus
1936 2935 2249 3014 precibus,

176 3019 476 3093 lacrimiS,
520 3022 695 3081 strati
726 3022 807 3083 ad
837 3021 1068 3102 pede's,
1113 3038 1235 3083 non
1272 3029 1393 3082 tam
1436 3030 1688 3086 nostrae
1722 3036 1953 3083 causae
1976 3021 2249 3085 fidentes

179 3120 360 3180 quam
391 3104 571 3166 huius
605 3104 980 3178 humanitati,
1012 3105 1070 3165 id
1101 3121 1181 3165 ne
1208 3106 1609 3182 impetremus
1634 3104 2057 3181 oppugnabis,
2090 3109 2153 3165 ct
2183 3103 2245 3165 in

178 3195 456 3248 nostrum
476 3187 686 3248 fletum
712 3188 1038 3265 irrumpes,
1063 3196 1123 3249 et
1148 3206 1265 3250 nos
1289 3190 1563 3251 iacentes
1579 3189 1658 3249 ad
1683 3188 1879 3265 pedes
1898 3189 2252 3266 supplicum

177 3283 331 3328 voce
365 3266 763 3344 prohibebis?
790 3266 884 3330 14.
918 3266 1001 3341 Si,
1039 3286 1222 3342 quum
1253 3270 1371 3332 hoc
1403 3272 1565 3332 domi
1592 3274 1948 3346 laceremus,
1982 3274 2148 3349 quod
2181 3277 2247 3332 et

175 3348 431 3411 fecimus
461 3358 549 3425 et,
580 3360 645 3413 ut
674 3367 891 3426 spero,
935 3368 1054 3426 non
1088 3353 1310 3418 frustra
1340 3354 1625 3425 fecimus,
1654 3364 1718 3417 tu
1750 3363 2002 3433 repente
2032 3354 2243 3418 irruis-

178 3448 282 3493 ses
312 3443 372 3495 et
400 3433 661 3496 clamare
691 3435 1043 3511 coepissem
1087 3436 1148 3496 C.
1185 3436 1436 3511 Cacsar,
1466 3455 1616 3499 cave
1643 3437 1964 3515 ignoscas,
1999 3453 2147 3513 cave
2183 3447 2246 3500 te

177 3514 421 3579 fratrum
445 3534 557 3595 pro
596 3518 795 3580 fratris
820 3521 1014 3581 salute
1057 3517 1505 3582 obsecrantium
1529 3520 1840 3597 misereat,
1874 3539 2078 3587 nonne
2113 3539 2243 3582 orn-
