2514 3928
91 81 2416 154 &fg-W
2433 116 2456 155 ς.

268 144 335 155 aaa-

659 335 1056 389 PROOEMIUM
1090 335 1419 389 EDITIONIS
1456 335 1823 389 SECUNDAE.
2052 366 2058 373 ·
2089 355 2287 392 xxxvn

202 476 416 527 videtur.
485 472 688 524 Scilicet
731 474 960 524 scribunt
1001 488 1161 523 nunc:
1221 490 1321 538 qua
1354 476 1463 539 leqe
1496 475 1716 526 videmus
1754 476 1881 525 satis
1918 491 2025 526 esse
2060 484 2286 527 sanctum

204 555 252 593 et
295 532 527 592 dubit'ant
568 542 633 592 de
676 542 829 591 verbo
874 542 1029 605 satis,
1083 539 1306 591 fortasse
1357 555 1457 591 non
1513 542 1715 590 iniuria.
1787 542 1941 608 Illud,
1995 545 2135 606 quod
2189 558 2290 609 ego

204 611 429 660 omnium
460 609 704 658 librorum
741 610 1039 659 auctoritate
1073 607 1234 657 edidi:
1287 624 1386 673 qua
1418 611 1527 674 leye
1545 610 1779 669 ‚videmus
1808 611 1938 660 satis
1968 626 2079 661 esse
2101 614 2287 671 saneti,

200 676 392 728 redolet
434 676 676 726 cotidiani
710 676 963 726 sermonis
999 674 1406 734 similitudinem,
1453 685 1503 725 et
1535 675 1639 725 fere
1675 686 1754 726 est
1787 692 1905 738 qua
1940 677 2075 742 lege
2111 679 2290 728 vide-

201 760 332 794 mus
369 745 535 794 satis
572 743 889 794 contineri
925 742 1313 807 sanctionis,
1348 751 1413 792 ut
1435 751 1526 795 etc.
1581 743 1807 793 Eandem
1836 743 2100 794 formulam
2136 747 2291 795 etiam

201 811 461 877 Vergilius
516 826 581 860 ex
629 813 762 861 vitae
812 810 1101 860 cotidianae
1150 824 1386 860 sermone
1439 810 1621 875 petivit
1666 811 1847 876 Georq.
1894 812 1955 862 II.
2001 813 2118 863 398.
2188 813 2292 862 Est

200 881 348 930 etiam
381 880 464 930 ille
496 878 643 930 labor
675 879 917 930 curandis
949 877 1130 928 vitibus
1162 880 1312 935 alter,
1357 881 1441 928 cui
1472 893 1730 942 numquam
1764 879 2002 929 exhausti
2030 882 2161 930 satis
2192 887 2290 932 est.

200 945 326 995 Tum
369 954 538 996 autem
573 947 619 996 εἰ
652 945 903 996 formulae
934 943 1079 995 locus
1116 955 1221 1004 est,
1268 946 1312 995 si
1361 946 1475 1007 quis
1520 945 1644 1007 quid
1689 946 1742 994 in
1792 946 2037 995 maiorem
2081 946 2292 996 modum

200 1012 304 1062 vult
337 1014 655 1067 adseverare.
725 1011 851 1079 Cap.
878 1014 958 1065 10.
996 1013 1050 1074 §-
1073 1013 1156 1064 25.
1193 1013 1256 1062 de
1292 1013 1355 1062 iis
1383 1012 1567 1072 verbis,
1605 1028 1736 1075 quae
1761 1013 1947 1063 tradita
1974 1012 2117 1062 libris
2142 1022 2291 1071 sunt;

200 1097 323 1146 quos
354 1083 548 1147 maqnis
583 1080 898 1133 adiutoribus
934 1081 1032 1131 tuis
1066 1081 1219 1130 armis
1250 1080 1553 1144 subegimus,
1603 1090 1652 1130 et
1694 1079 1917 1130 maximo
1956 1094 2109 1145 opere
2142 1080 2293 1131 dubi-

197 1149 292 1197 tari
327 1157 499 1213 potest
532 1157 581 1198 et
614 1159 693 1198 est
725 1148 1028 1198 dubitatum.
1099 1147 1347 1208 Equidem
1381 1147 1605 1196 maxime
1640 1148 1705 1198 ad
1737 1148 1981 1197 librorum
2014 1149 2291 1199 auctorita-

196 1222 297 1264 tem
348 1230 430 1264 me
485 1230 619 1265 nunc
667 1213 1048 1266 accommodavi
1111 1224 1159 1263 et
1217 1215 1426 1278 scripsi:
1489 1230 1612 1279 quos
1664 1217 1773 1266 avis
1822 1216 2140 1267 adiutoribus
2191 1218 2292 1265 tuis

193 1284 350 1332 armis
382 1283 678 1347 subegimus
716 1297 844 1332 mus
880 1289 930 1330 et
961 1295 1204 1348 magnis,
1240 1281 1539 1345 praesertim
1575 1283 1619 1330 si
1654 1283 2010 1347 compendium
2046 1284 2097 1332 in
2134 1296 2294 1332 causa

200 1358 333 1408 erat,
379 1348 530 1398 facile
573 1350 756 1398 mutari
800 1349 931 1397 inter
986 1362 1045 1396 se
1086 1347 1321 1412 potuisse
1376 1347 1623 1396 videntur.
1694 1347 1816 1414 Cap.
1863 1353 1941 1400 11.
1982 1349 2031 1412 δ.
2068 1351 2152 1403 28.
2189 1351 2292 1398 iam

200 1416 351 1479 parui
391 1414 537 1463 libris
583 1425 631 1464 et
675 1415 863 1478 scripsi
908 1414 1156 1478 Zmyrnae
1199 1427 1294 1477 pro
1356 1411 1626 1474 Smyrnae,
1671 1430 1978 1476 quamquam
2025 1418 2068 1465 si
2115 1416 2293 1466 Latine

203 1481 401 1530 scribas
445 1480 666 1530 fortasse
703 1481 951 1538 Zmirnae,
990 1487 1046 1529 ut
1077 1493 1251 1528 revera
1285 1479 1338 1525 in
1371 1478 1516 1527 libris
1553 1481 1798 1543 scriptum
1831 1491 1933 1541 est,
1971 1483 2293 1532 scribendum

202 1547 317 1599 fnit.
389 1546 565 1596 Paullo
611 1556 731 1612 post
776 1552 853 1597 est
904 1554 1027 1612 post
1069 1548 1223 1595 latum
1265 1546 1366 1594 iam
1411 1546 1584 1609 accepi
1627 1561 1659 1594 a
1702 1547 1814 1599 cod.
1851 1547 2194 1599 Gemblacensi
2230 1552 2293 1600 ab

200 1615 358 1665 altera
393 1629 565 1664 manu.
635 1614 878 1664 Extrema
912 1614 960 1674 ξ.
995 1612 1135 1675 quod
1169 1627 1333 1676 nuper
1366 1614 1684 1677 grammatici
1707 1627 1799 1678 pro
1831 1614 1908 1664 leis
1931 1615 2083 1664 rebus
2105 1619 2295 1667 relictis

197 1682 354 1734 scribi
387 1681 657 1733 voluerunt
687 1683 795 1733 suis
828 1678 979 1732 rebus
1013 1680 1206 1730 relictis
1235 1679 1294 1731 cl.
1324 1679 1477 1729 huius
1517 1690 1642 1730 orat.
1685 1695 1731 1730 c.
1756 1683 1810 1731 3.
1844 1682 1891 1741 ξ.
1917 1683 1965 1731 6.
2003 1683 2195 1733 relictis
2217 1698 2297 1733 re·

196 1749 288 1802 bus
321 1755 431 1800 suis
466 1749 704 1809 omnibus,
740 1749 795 1799 id
829 1749 1039 1800 minime
1073 1747 1392 1812 probandum
1426 1747 1640 1798 videtur.
1710 1747 1839 1798 Nam
1884 1750 2149 1814 superiore
2182 1750 2296 1799 loco

196 1817 323 1867 illud
356 1817 652 1882 adiungitur
684 1818 880 1868 relictis
916 1815 1070 1867 rebus
1101 1816 1207 1866 suis
1238 1814 1462 1866 omnibus
1494 1815 1547 1864 in
1583 1815 1781 1866 laudem
1814 1815 1872 1869 L.
1912 1813 2158 1878 Cornelii,
2207 1818 2297 1879 qui

197 1899 321 1935 suas
355 1900 437 1934 res
474 1886 855 1950 contempserit,
894 1894 948 1932 ut
980 1898 1062 1933 res
1098 1882 1357 1932 Romanas
1402 1883 1620 1944 iuvaret,
1666 1883 1765 1933 hoc
1815 1894 1984 1934 autem
2020 1884 2131 1935 loco
2167 1885 2295 1935 nihil

197 1953 309 2003 eius
343 1952 484 2003 modi
517 1952 619 2003 dici
652 1961 851 2019 potest;
899 1966 1017 2001 nam
1060 1950 1149 2013 qui
1191 1964 1288 2000 sua
1330 1949 1589 2001 voluntate
1632 1951 1767 2001 cives
1802 1951 2022 2003 Romani
2064 1952 2193 2005 alias
2236 1969 2294 2004 se

198 2021 251 2069 in
284 2020 514 2071 civitates
550 2019 884 2079 contulerunt,
921 2028 1056 2069 certe
1090 2030 1187 2067 sua
1221 2018 1409 2077 omnia,
1448 2032 1578 2080 quae
1601 2034 1774 2069 secum
1799 2028 2003 2084 portare
2036 2031 2291 2087 poterant,

197 2086 539 2147 abstulerunt,
593 2096 653 2137 ut
692 2088 889 2138 verbis:
949 2086 1026 2135 his
1066 2084 1220 2136 rebus
1261 2086 1481 2145 relictis,
1530 2085 1656 2135 nihil
1689 2088 2004 2138 contineatur
2039 2090 2139 2138 nisi
2175 2089 2291 2148 hoc,

202 2154 319 2203 illos
354 2169 438 2206 res
475 2167 580 2215 eas,
618 2170 749 2216 quae
781 2155 886 2213 hic,
920 2153 975 2202 id
1012 2160 1104 2212 est,
1139 2151 1330 2202 Romae
1364 2161 1551 2213 essent,
1582 2153 1635 2202 id
1663 2163 1739 2203 est
1763 2170 1843 2204 res
1864 2155 2138 2220 Romanas,
2174 2156 2291 2205 reli·

195 2222 378 2284 quisse
413 2230 462 2271 et
494 2222 547 2270 in
583 2222 708 2271 alias
744 2222 972 2270 civitates
1010 2234 1066 2269 se
1102 2219 1395 2269 contulisse.
1454 2217 1578 2285 Gap.
1600 2222 1679 2271 13.
1719 2221 1767 2284 ς.
1793 2224 1874 2273 31.
1910 2223 2014 2272 iam
2038 2237 2134 2288 ego
2160 2237 2293 2285 quo-

195 2303 301 2351 que
334 2288 468 2338 an
509 2287 564 2337 fii
599 2289 939 2338 coniecturam
972 2286 1260 2351 regionibus
1295 2300 1387 2351 pro
1417 2287 1710 2351 generibus,
1756 2289 1894 2350 quod
1930 2290 1982 2338 in
2017 2289 2160 2339 libris
2198 2299 2292 2351 est,

194 2356 391 2420 accepi.
493 2369 576 2421 ap.
606 2357 687 2407 14.
715 2354 767 2419 §-
791 2358 875 2407 33.
913 2356 976 2405 de
1001 2353 1178 2419 quibus
1198 2355 1368 2418 iyitur,
1394 2355 1544 2404 etiam
1563 2356 1612 2404 si
1633 2358 1783 2405 latum
1806 2364 1939 2406 esset
1961 2366 2053 2409 etc.
2082 2358 2290 2421 scripsi,

196 2433 253 2472 ut
275 2425 449 2488 ἐρίων,
487 2423 628 2486 quod
666 2424 956 2481 omiseram,
997 2435 1311 2486 reponerem.
1382 2422 1438 2469 In
1467 2420 1608 2470 libris
1635 2421 1736 2471 alio
1760 2422 1870 2473 loco
1892 2422 2094 2488 legitur.
2166 2423 2290 2488 Cap.

196 2491 281 2541 15.
321 2490 370 2551 9.
396 2493 478 2541 35.
514 2490 726 2556 scripsi:
785 2489 896 2541 Sed
913 2489 1002 2539 isti
1023 2488 1358 2553 disputationi
1391 2489 1474 2537 liic
1508 2495 1645 2539 certe
1679 2490 1803 2540 nihil
1835 2497 1911 2540 est
1946 2493 2045 2541 loci
2077 2492 2141 2540 de
2164 2505 2290 2540 con-

193 2559 390 2607 iectura
434 2555 614 2607 Cobeti
654 2556 900 2607 Mnemos.
945 2556 1030 2609 III.
1077 2569 1129 2620 p.
1165 2556 1283 2606 233.
1328 2556 1400 2615 ic,
1436 2555 1491 2604 id
1526 2565 1627 2615 est,
1665 2556 1773 2614 hic,
1811 2555 1958 2606 facile
1992 2568 2108 2607 ante
2142 2564 2291 2609 uerte

192 2633 401 2690 poterat
435 2624 686 2674 excidere.
757 2625 811 2672 In
846 2622 986 2672 libris
1024 2631 1281 2687 praeterea
1318 2635 1421 2671 nou
1454 2623 1811 2686 disputationi,
1858 2625 1951 2673 sed
1987 2626 2292 2689 disputatio·

194 2692 278 2741 nis
311 2691 512 2756 legitur.
585 2689 712 2756 Cap.
739 2692 820 2742 16.
859 2688 910 2753 §-
935 2690 1018 2741 36.
1053 2692 1320 2753 superiore
1354 2703 1447 2753 pro
1493 2692 1754 2753 superiori
1796 2699 1874 2739 est
1920 2706 1947 2739 e
1991 2692 2102 2740 cod.
2149 2691 2291 2741 Pari-

114 2758 126 2766 '
194 2760 334 2810 sino,
406 2755 527 2823 Cap.
556 2759 638 2809 17.
681 2756 730 2821 §-
755 2758 838 2808 38.
883 2758 936 2806 in
969 2756 1138 2805 verbis
1173 2756 1282 2805 his:
1342 2756 1450 2807 Sed
1482 2758 1605 2822 quid
1637 2772 1730 2822 eqo
1765 2758 1982 2821 disputo,
2021 2774 2151 2821 quae
2174 2757 2296 2808 mihi

192 2831 322 2886 tum,
358 2826 407 2875 si
443 2825 685 2875 Gaditani
717 2831 899 2874 eontra
930 2838 1005 2873 me
1040 2825 1294 2881 dicerent,
1336 2838 1454 2873 vere
1484 2838 1640 2887 posse
1675 2825 1779 2874 dici
1820 2826 2140 2884 viderentur,
2196 2825 2293 2873 du-

190 2893 413 2942 bitatum
457 2901 537 2942 est
581 2892 645 2942 de
688 2892 898 2941 veritate
939 2890 1078 2941 verbi
1110 2905 1253 2948 vere,
1299 2890 1509 2951 iniuria,
1556 2891 1603 2941 si
1639 2904 1744 2940 rem
1777 2905 1872 2955 per
1905 2905 1961 2940 se
2007 2892 2289 2943 existimas,

194 2958 303 3010 Sed
340 2973 496 3020 quum
533 2960 583 3008 in
619 2960 760 3009 libris
797 2972 900 3007 non
935 2960 1165 3009 dicerent
1196 2973 1344 3016 uere,
1390 2957 1482 3007 sed
1517 2958 1688 3008 dicere
1721 2972 1843 3008 uere
1879 2957 2101 3023 legatur,
2148 2959 2293 3009 nasci

194 3026 425 3091 suspitio
460 3036 650 3091 potest,
687 3040 779 3092 per
813 3023 1231 3090 διττογραφίαν
1253 3040 1372 3075 vere
1408 3039 1523 3074 esse
1560 3032 1743 3074 ortum.
1793 3023 1844 3086 ἓ.
1867 3027 1949 3077 40.
1989 3028 2149 3076 satius
2177 3040 2293 3075 esse

192 3094 407 3160 putavi,
465 3094 616 3143 etiam
660 3093 776 3158 ipsa
825 3094 1076 3143 sententia
1120 3092 1425 3157 ponderata,
1481 3105 1596 3140 cum
1643 3092 1822 3141 ceteris
1867 3091 2007 3142 libris
2055 3093 2290 3142 omnibus

194 3161 352 3211 edere
386 3167 438 3211 et
468 3161 563 3211 Ιιοε
597 3169 821 3225 tempore
862 3161 975 3225 ipso
1013 3163 1255 3226 populum
1295 3159 1567 3210 Romanum
1609 3172 1764 3219 quam
1807 3173 1870 3208 ex
1906 3174 2008 3209 uno
2046 3159 2174 3209 libro
2211 3173 2292 3208 re·-

190 3243 393 3294 ponere
427 3236 480 3278 et
511 3228 607 3279 Ιιοε
639 3234 867 3291 tempore
909 3229 1071 3292 ipsum
1114 3227 1354 3291 poputum
1395 3226 1685 3278 Romanum.
1757 3223 1878 3290 Cap.
1905 3229 1985 3278 18.
2023 3226 2068 3287 §-
2093 3227 2179 3278 41.
2215 3224 2293 3273 la·

191 3308 359 3346 cunae
391 3294 558 3360 signis
592 3306 714 3360 post
745 3301 1012 3347 crearetur
1044 3295 1230 3358 positis
1267 3293 1370 3341 iam
1404 3298 1592 3354 autem,
1640 3291 1778 3353 quod
1823 3302 1901 3341 est
1942 3300 2064 3356 post
2092 3292 2290 3356 gravis·

189 3364 339 3422 sima,
379 3361 527 3412 uncis
561 3361 789 3415 liberavi.
860 3361 910 3422 §-
938 3362 1020 3410 42.
1075 3362 1175 3409 iam
1220 3367 1426 3409 auctore
1468 3358 1668 3408 Baitero
1708 3373 1876 3421 poena
1910 3360 2104 3408 notavit
2137 3356 2290 3406 edidi.

192 3429 249 3479 In
288 3428 407 3480 cod.
443 3428 678 3479 Parisino
716 3443 746 3477 a
780 3442 859 3493 pr.
898 3442 965 3477 m.
1012 3437 1092 3476 est
1131 3428 1448 3491 poenatavit,
1492 3424 1648 3488 vulgo
1691 3439 1864 3489 poena
1895 3424 2120 3473 multavit
2152 3422 2290 3485 lege-

190 3495 361 3547 batur.
415 3494 543 3561 Gap.
568 3498 648 3547 19.
685 3494 733 3555 ἓ.
758 3496 841 3545 43.
880 3494 1132 3559 quandam
1166 3500 1370 3541 auctore
1394 3492 1525 3541 Aldo
1561 3500 1747 3554 nepote
1783 3504 1879 3553 ego
1917 3503 2121 3550 quoque
2156 3498 2290 3533 nune
