2514 3928
219 236 223 243 '
306 259 401 309 110
994 244 1155 304 cAP.
1189 251 1382 303 1—4.
1426 249 1478 310 §-
1510 250 1704 304 2-8,
2259 237 2384 300 213

300 415 420 461 non
473 397 737 470 exsequi
781 395 1105 468 usquead
1148 402 1500 454 extremum.
1592 396 1693 454 111.
1743 393 2028 470 Supplex
2068 399 2199 452 erat
2235 407 2380 451 rexz

302 485 490 543 multa
519 479 805 553 rogabatz
839 478 1039 537 omnia
1071 476 1485 553 pollicebatur,
1520 485 1585 538 ut
1611 478 1732 538 iam
1763 485 2034 539 metuere
2054 476 2382 536 Postumus

302 571 625 640 cogeretur
665 578 744 621 ne
798 562 968 636 quod
1012 559 1359 622 crediderat
1385 562 1699 636 perderet,
1731 561 1782 622 si
1825 559 2118 622 credendi
2159 558 2385 620 consti-

300 651 523 708 tuisset
551 647 817 705 modum.
902 644 1062 705 Nihil
1094 652 1297 706 autern
1329 650 1460 703 erat
1486 643 1588 704 illo
1617 645 1920 714 blandius,
1955 643 2105 725 nihil
2132 643 2253 704 hoc
2280 643 2383 703 be·

305 732 566 807 nigniuS,
597 739 662 790 ut
691 728 888 804 magis
916 729 1262 805 poeniteret
1295 726 1585 803 coepisse
1616 744 1796 802 quam
1826 727 2036 787 liceret
2064 727 2384 788 desistere.

427 814 583 874 Hinc
621 813 882 889 primum
926 815 1195 875 exoritur
1237 813 1464 873 crimen
1509 812 1688 872 illud:
1731 820 2009 871 senatum
2040 820 2388 884 corruptum

304 916 445 960 esse
476 898 702 958 dicunt.
790 897 849 960 6.
894 895 940 957 Ο
977 897 1039 957 di
1069 897 1481 958 immortales!
1528 895 1681 954 haec
1718 902 1814 955 est
1846 894 1946 953 illa
1981 899 2271 967 exoptata
2299 893 2388 955 iu·

304 983 600 1045 diciorum
632 980 974 1043 severitas?
1017 981 1421 1057 corruptores
1451 979 1646 1040 nostri
1680 995 1929 1040 causam
1973 977 2209 1037 dicunt:
2254 994 2388 1050 nOS,

305 1067 410 1143 qui
452 1066 723 1141 corrupti
763 1083 1006 1138 sumus,
1049 1082 1172 1125 non
1204 1065 1510 1125 dicimus?
1603 1063 1761 1138 Quid
1806 1079 1923 1141 ego
1971 1069 2247 1122 senatum
2285 1062 2388 1121 de-

303 1152 550 1212 fendam
594 1150 713 1208 hoc
755 1151 927 1221 loco,
971 1147 1250 1207 iudices?
1308 1147 1482 1207 Omni
1525 1148 1810 1223 equidem
1851 1149 1988 1208 loco
2034 1146 2263 1207 debeoz
2310 1145 2392 1204 ita

307 1235 384 1293 de
428 1249 526 1292 me
562 1239 660 1291 est
698 1230 952 1290 meritus
983 1230 1082 1289 ille
1117 1231 1303 1303 ord0,
1348 1232 1459 1290 sed
1494 1245 1610 1288 nec
1638 1230 1699 1291 id
1731 1231 1928 1305 agitur
1958 1230 2078 1291 hoc
2115 1238 2391 1305 tempore

307 1331 424 1374 nec
458 1330 594 1374 cum
623 1311 895 1372 Postumi
927 1328 1114 1372 causa
1158 1328 1262 1372 res
1301 1313 1420 1372 ista
1454 1312 1777 1372 coniuncta
1812 1322 1925 1373 est.
2013 1314 2392 1388 Quamquam

310 1398 391 1458 ad
423 1404 733 1470 sumptum
762 1393 1021 1467 itineris,
1066 1395 1146 1453 ad
1192 1395 1354 1454 illam
1391 1394 1902 1467 magnificentiam
1926 1403 2256 1470 apparatus
2288 1412 2393 1455 co-

308 1480 706 1554 mitatumque
749 1476 984 1552 regium
1033 1476 1425 1552 suppeditata
1472 1476 1733 1552 pecunia
1773 1494 1810 1537 a
1838 1477 2126 1537 Postumo
2169 1487 2263 1538 est
2307 1481 2393 1538 fa-

311 1559 570 1639 ctaeque
612 1560 1006 1639 syngraphae
1040 1568 1185 1621 sunt
1228 1559 1290 1618 in
1325 1561 1565 1620 Albano
1603 1559 1706 1619 Cn.
1736 1559 2046 1634 Pompeii,
2080 1578 2264 1634 quum
2293 1561 2392 1622 ille

307 1651 505 1709 Roma
532 1647 849 1721 profectus
882 1654 1079 1716 esset,
1129 1644 1328 1704 tamen
1368 1661 1490 1705 non
1531 1643 1740 1704 debuit
1768 1644 1851 1717 is,
1889 1643 1992 1718 qui
2024 1645 2235 1714 dabat,
2269 1661 2390 1719 quo

305 1729 440 1805 ille,
482 1730 586 1805 qui
632 1727 1008 1804 accipiebat,
1056 1737 1447 1789 consumeret
1504 1742 1818 1803 quaerere.
1918 1729 2050 1786 Non
2099 1727 2257 1786 enim
2312 1731 2391 1786 la-

303 1813 485 1888 troni,
515 1814 628 1875 sed
657 1813 789 1889 regi
820 1811 1107 1893 credidit,
1136 1829 1251 1885 nec
1280 1812 1410 1887 regi
1441 1813 1685 1871 inimico
1726 1812 1938 1887 populi
1973 1811 2248 1883 Romani,
2282 1811 2392 1870 sed

310 1899 384 1971 ei,
419 1897 595 1958 cuius
624 1894 846 1958 reditui
871 1897 1217 1957 consultum
1238 1914 1276 1956 a
1299 1905 1517 1957 senatu
1545 1895 1810 1969 videbat,
1856 1912 1970 1955 nec
2003 1897 2058 1955 ei
2092 1895 2252 1971 regi,
2289 1893 2394 1971 qui

310 1982 549 2042 alienus
580 1981 655 2040 ab
685 1983 804 2041 hoc
834 1980 1090 2055 imperio
1121 1989 1308 2053 esset,
1341 1983 1455 2041 sed
1487 1980 1574 2055 ei,
1601 1980 1846 2055 quicum
1882 1980 2102 2040 foedus
2136 1980 2301 2039 feriri
2332 1981 2393 2038 in

314 2063 610 2138 Capitolio
646 2062 897 2124 viderat.
928 2061 984 2124 7.
1005 2063 1179 2137 Quod
1209 2063 1263 2124 si
1296 2063 1560 2124 creditor
1578 2073 1673 2125 est
1703 2065 1764 2126 in
1796 2066 2002 2140 culpa,
2036 2079 2157 2123 non
2189 2063 2262 2136 iS‚
2289 2063 2390 2138 qui

312 2146 593 2221 improbe
616 2155 711 2207 est
734 2146 962 2206 credita
982 2146 1245 2220 pecunia
1269 2163 1440 2220 usuS,
1477 2147 1794 2207 damnetur
1823 2148 1896 2220 is,
1935 2147 2038 2222 qui
2063 2146 2392 2207 fabricatus

245 2239 248 2240 ’
313 2229 580 2305 gladium
612 2236 708 2290 est
735 2238 796 2291 et
811 2228 1113 2305 vendidit,
1144 2247 1266 2290 non
1291 2230 1366 2305 is,
1398 2229 1503 2306 qui
1530 2230 1633 2292 illo
1663 2231 1866 2305 gladio
1902 2230 2097 2291 civem
2125 2230 2390 2304 aliquem

313 2313 633 2374 interemit.
724 2313 919 2387 Quum
963 2313 1041 2374 ob
1084 2330 1213 2374 rem
1259 2331 1462 2390 neque
1495 2322 1590 2388 tu,
1627 2314 1688 2375 C.
1719 2315 1997 2387 Memmi,
2039 2315 2157 2375 hoc
2188 2314 2391 2375 facere

312 2398 537 2471 debeS,
584 2405 647 2457 ut
676 2405 982 2467 senatum,
1031 2396 1203 2457 cuius
1250 2398 1590 2460 auctoritati
1632 2406 1693 2459 te
1727 2399 1803 2460 ab
1833 2399 2253 2468 adolescentia
2285 2400 2390 2459 de—

312 2481 483 2554 disti,
519 2480 577 2540 in
610 2489 776 2541 tanta
804 2480 1051 2540 infamia
1085 2482 1320 2541 versari
1338 2483 1532 2558 ⁴velis,
1567 2499 1771 2557 neque
1802 2499 1916 2558 ego
1955 2484 2034 2554 id,
2067 2484 2235 2558 quod
2266 2500 2387 2543 non

309 2566 525 2639 agitur,
559 2565 909 2625 defendere.
950 2563 1224 2625 Postumi
1261 2565 1418 2624 enim
1456 2580 1661 2637 causa,
1697 2582 2120 2641 quaecumque
2150 2575 2260 2639 cst,
2295 2583 2391 2626 se—

309 2649 515 2708 iuncta
554 2664 591 2706 a
621 2657 846 2718 vsenatu
887 2655 999 2708 est.
1086 2646 1145 2709 8.
1192 2648 1369 2720 Quod
1409 2648 1462 2706 si
1503 2649 1645 2708 item
1687 2666 1725 2708 a
1750 2649 2004 2710 Gabinio
2052 2649 2387 2711 seiunctam

311 2731 662 2805 ostendero,
694 2739 857 2791 certe
889 2731 1058 2805 quod
1090 2730 1262 2791 dicas
1298 2730 1444 2789 nihil
1477 2731 1752 2792 habebis.

426 2815 531 2872 IV.
577 2814 691 2874 Est
733 2813 891 2874 enim
940 2814 1093 2873 haec
1139 2830 1358 2886 causa,
1411 2829 1522 2882 ouo
1583 2830 1662 2873 EA
1707 2831 1959 2874 rreum».
2002 2833 2384 2893 Pnavmssnm

311 2896 490 2972 quasi
527 2898 831 2971 quaedam
860 2897 1270 2971 appendicula
1304 2913 1529 2957 causae
1580 2897 1881 2959 iudicatae
1925 2909 2108 2975 atque
2141 2902 2388 2963 damna·-

310 2988 427 3040 tae.
513 2979 669 3042 Sunt
700 2980 838 3041 lites
872 2980 1227 3041 aestimatae
1253 2984 1330 3042 A.
1363 2981 1640 3054 Gabinio,
1670 2999 1783 3043 nec
1825 2985 2090 3058 praedes
2121 2986 2244 3047 dati
2274 3004 2388 3048 nec

308 3081 388 3125 ex
418 3062 552 3125 eius
575 3063 777 3137 bonis,
840 3068 1072 3137 quanta
1102 3080 1340 3127 summa
1367 3065 1558 3126 litium
1595 3066 1740 3136 suit,
1811 3085 1843 3127 a
1875 3072 2105 3144 populo
2135 3079 2387 3144 recepta

309 3156 423 3210 est.
511 3149 594 3209 At
642 3163 758 3207 nec
801 3164 879 3208 ex
907 3147 1180 3208 Postumi
1218 3148 1399 3208 bonis
1447 3150 1682 3211 servari
1722 3153 1918 3226 legem
1963 3169 2228 3227 aequum
2271 3162 2381 3213 est.

311 3232 480 3291 lubet
511 3232 609 3290 lex
635 3229 787 3292 Iulia
822 3230 1115 3307 persequi
1148 3233 1224 3292 ab
1252 3230 1360 3305 iis,
1393 3225 1474 3293 ad
1509 3250 1666 3308 quos
1698 3251 1770 3294 ea
1807 3235 2086 3309 pecunia,
2118 3253 2296 3310 quam
2329 3235 2381 3294 is

310 3314 571 3388 ceperit,
618 3314 721 3390 qui
751 3316 1069 3375 damnatus
1106 3316 1210 3388 sit,
1244 3318 1605 3390 pervenerit.
1696 3317 1759 3377 Si
1791 3328 1884 3378 est
1912 3319 2030 3377 hoc
2061 3335 2285 3378 novum
2319 3318 2378 3373 in

308 3398 447 3471 lege
472 3396 642 3471 Iulia,
670 3397 848 3459 sicuti
877 3401 1062 3461 multa
1098 3408 1241 3460 sunt
1261 3398 1537 3473 severius
1563 3401 1791 3475 scripta
1821 3416 2000 3474 quam
2029 3400 2088 3456 in
2114 3396 2378 3469 antiquis

311 3480 551 3555 legibus
593 3491 652 3545 et
680 3483 987 3559 sanetius,
1028 3482 1351 3544 inducatur
1387 3499 1536 3543 sane
1575 3482 1753 3543 etiam
1785 3480 2162 3541 consuetudo
2196 3475 2374 3533 huius
