2514 3928
88 290 162 346 85
721 281 887 342 cAP.
919 289 1147 343 ε-ιι.
1190 287 1242 347 s.
1275 288 1539 343 20--27-
2058 279 2182 345 183

99 431 269 508 quod
316 429 370 499 is
413 433 491 497 ab
545 431 734 494 sociis
777 431 958 499 unice
988 429 1351 505 diligebatur
1386 432 1483 492 vel
1517 432 1681 506 quod
1714 431 2179 507 diligentissime

93 515 368 591 rogabat,
399 518 499 579 vel
531 515 677 590 quia
703 531 814 590 pro
851 515 975 575 filio
1001 513 1406 589 supplicabat,
1437 517 1533 574 vel
1562 516 1730 591 quod
1769 515 1947 576 huius
1979 515 2176 591 ipsius

95 597 156 659 in
206 597 375 659 illum
418 597 694 659 ordinem
744 614 981 666 summa
1033 596 1239 657 officia
1293 607 1655 671 quaesturae
1707 597 2177 675 tribunatusque

94 681 464 745 constabant
491 685 590 742 vel
619 682 787 758 quod
823 680 907 742 illi
950 682 1008 742 in
1053 680 1175 743 hoc
1216 681 1496 740 ornando
1541 681 1816 752 ordinem
1850 699 1920 743 se
1956 699 2175 749 ornare

92 774 154 827 et
189 765 521 829 consulere
541 764 753 831 liberis
781 764 913 827 suis
947 763 1413 830 arbitr-abanim.

261 847 333 915 X.
365 846 615 970 Aliquid
648 857 968 924 praeterea
994 885 1081 903 -μ
1109 845 1322 908 timide
1353 847 1529 920 dico,
1570 848 1682 907 sed
1729 856 1930 910 tamen
1966 824 2174 910 dicen

93 930 236 997 dum
268 939 365 995 est
399 965 468 977 —-
487 948 658 992 ·n0n
696 931 856 993 enim
886 931 1132 1008 opibuS,
1166 947 1289 992 non
1321 929 1630 991 invidiosa
1659 929 1884 1005 gratia,
1914 947 2038 992 non
2056 948 2173 1028 ‚po-

91 1013 277 1077 tentia
307 1013 415 1079 vix
438 1016 722 1090 terenda,
753 1015 866 1079 sed
897 1013 1477 1081 commemoratione
1509 1013 1826 1087 beneficii,
1857 1015 1969 1077 sed
1993 1014 2174 1077 mise-

88 1095 373 1172 ricordia,
399 1101 512 1164 sed
544 1101 831 1175 precihus
859 1097 1090 1175 aliquid
1123 1099 1435 1168 attulimus
1467 1097 1648 1161 etiam
1678 1114 1815 1165 nos.
1845 1095 2175 1174 Appellavi

89 1183 386 1256 populum
420 1183 716 1255 tributim,
770 1181 1026 1245 submisi
1071 1198 1169 1245 me
1202 1189 1264 1242 et
1304 1180 1682 1257 supplicavi=
1740 1183 1894 1244 ultro
1940 1181 2171 1243 meher-

84 1268 228 1325 cule
270 1281 343 1326 se
369 1264 514 1326 mihi
551 1265 1124 1336 etiumpfferenteS,
1157 1266 1317 1331 ultro
1349 1264 1710 1339 pollicentes
1739 1267 1971 1340 rogavi.
2048 1265 2171 1335 Ya-

89 1347 201 1407 luit
229 1363 420 1411 causa,
446 1348 728 1422 rogandi,
759 1364 880 1407 non
912 1346 1123 1420 gratia.
1206 1346 1308 1407 25.
1365 1348 1491 1406 Nee
1530 1348 1585 1407 si
1615 1347 2169 1423 vir‘amplissimuS,

93 1427 193 1491 cui
239 1427 384 1489 nihil
417 1437 513 1490 est
547 1429 714 1502 quod
755 1429 993 1502 roganti
1035 1429 1291 1489 concedi
1333 1445 1456 1488 non
1498 1429 1628 1490 iure
1669 1430 1899 1503 possit,
1947 1431 2025 1490 de
2065 1431 2170 1493 ali-

94 1526 252 1584 quo,
285 1517 352 1573 ut
383 1510 577 1583 dicis,
613 1527 735 1572 nen
770 1510 1140 1586 impetravit,
1184 1527 1302 1586 ego
1342 1527 1477 1573 sum
1507 1511 1846 1586 adrogans,
1878 1511 2044 1588 quod
2075 1528 2173 1572 me

94 1592 369 1655 valuisse
403 1594 562 1655 dico.
661 1595 810 1657 Nam
838 1601 911 1658 ut
940 1593 1208 1655 omittam
1240 1594 1424 1666 illud,
1477 1595 1644 1668 quod
1676 1611 1792 1669 ego
1835 1611 1945 1691 pro
1982 1609 2058 1654 eo
2090 1588 2174 1654 la

95 1676 418 1749 borabam,
457 1677 562 1753 qui
594 1679 834 1739 valebat
873 1677 1011 1752 ipse
1043 1692 1154 1752 per
1176 1694 1341 1746 sese,
1366 1694 1474 1752 ro„
1443 1677 1604 1745 atio
1628 1678 1868 1752 [haec]
1852 1695 1988 1754 ipsa
2016 1693 2176 1739 sem·

91 1776 206 1835 per
235 1771 332 1826 est
356 1760 833 1836 gratiosissima,
866 1777 1024 1858 quae
1054 1769 1150 1822 est
1177 1759 1386 1822 officio
1421 1760 1892 1822 necessitudinis
1918 1759 2170 1823 coniun-

89 1851 189 1904 cta
221 1843 503 1905 maxime.
562 1844 775 1920 Neque
804 1845 965 1909 enim
994 1859 1112 1920 ego
1147 1843 1237 1905 sic
1278 1844 1600 1919 rogabam,
1648 1851 1711 1905 ιιι
1752 1853 1961 1918 petere
2005 1842 2172 1904 tide·

1 1948 21 1955 ·
90 1943 217 2000 rer,
251 1927 394 2004 quia
427 1927 738 1993 familiaris
767 1935 935 1990 esset
966 1943 1170 2002 meus,
1203 1928 1347 2003 quia
1378 1925 1647 2003 vicinuS,
1677 1927 1819 2004 quia
1850 1927 2031 1989 huius
2062 1944 2169 2004 pa-

91 2018 263 2074 rente
291 2028 539 2086 semper
568 2011 890 2087 plurimum
924 2027 1129 2072 essem
1163 2029 1344 2085 usuS,
1390 2012 1501 2073 sed
1536 2019 1600 2072 ut
1629 2013 1808 2088 quasi
1842 2011 2077 2087 parenti
2109 2019 2172 2072 et

94 2094 339 2158 custodi
368 2094 582 2156 salutis
616 2111 807 2158 meae.
894 2095 1024 2156 Non
1059 2094 1331 2170 potentia
1354 2110 1507 2169 mea,
1540 2095 1649 2156 sed
1682 2111 1871 2162 causa
1905 2096 2170 2171 rogatio·

94 2175 194 2236 nis
224 2176 333 2237 l'uit
358 2178 647 2250 gratiosa.
733 2178 923 2240 Nemo
956 2194 1093 2242 mea
1120 2178 1501 2246 restitutione
1531 2178 1789 2242 laetatus
1820 2187 1943 2249 est,
1988 2194 2171 2238 nemo

95 2257 313 2320 iniuria
341 2259 562 2333 deluit,
604 2260 702 2321 cui
733 2278 852 2324 non
882 2260 1106 2322 huius
1092 2278 1149 2320 ιιι
1185 2278 1283 2321 me
1315 2260 1735 2323 misericordia
1772 2269 1944 2337 grata
1971 2258 2172 2323 fuerit

92 2340 192 2405 26
236 2342 469 2406 Etenim
515 2346 567 2408 si
609 2353 748 2406 ante
787 2344 1043 2406 reditum
1086 2360 1288 2408 meum
1320 2344 1425 2405 Cn.
1458 2344 1702 2405 Plancio
1739 2361 1811 2405 se
1844 2346 2026 2419 vulgo
2058 2343 2174 2426 viri

91 2424 268 2497 boni,
306 2444 495 2502 quum
527 2426 626 2488 hic
655 2427 1020 2489 tribunatum
1052 2436 1312 2502 peteret,
1354 2429 1509 2490 ultro
1545 2427 1900 2501 offerebant,
1930 2428 2029 2488 cui
2061 2442 2171 2490 no·
2187 2475 2191 2478 Α

92 2525 230 2572 men
261 2526 463 2573 meum
492 2511 764 2574 absentis
794 2510 1013 2573 honori
1042 2511 1279 2584 fuisset,
1310 2510 1367 2571 ei
1388 2528 1559 2572 meas
1581 2508 1921 2587 praesentis
1950 2526 2172 2587 preces

91 2607 212 2653 non
246 2601 430 2668 putas
465 2593 818 2668 profuisse?
855 2597 952 2654 An
993 2594 1444 2659 Minturnenses
1475 2595 1711 2667 coloni,
1747 2594 1916 2669 quod
1948 2594 2010 2654 C.
2040 2592 2166 2651 Ma-

88 2674 242 2736 rium
277 2693 312 2735 e
346 2676 508 2737 civili
541 2678 701 2739 ferro
731 2686 917 2753 atque
947 2694 1028 2738 ex
1057 2676 1261 2751 impiis
1290 2677 1571 2742 manibus
1596 2678 1967 2751 eripuerunt,
1999 2675 2164 2749 quod

89 2765 250 2822 teoto
273 2770 656 2835 receperunt,
686 2762 854 2837 quod
879 2761 1111 2822 fessum
1133 2759 1338 2820 inedia
1360 2759 1771 2833 fluctibusque
1792 2764 2168 2829 recrearunt,

92 2843 260 2917 quod
291 2842 576 2906 viaticum
606 2850 1080 2920 congesserunt,
1115 2843 1285 2919 quod
1309 2841 1615 2917 navigium
1647 2840 1975 2914 dederunt,
2001 2837 2170 2914 quod

83 2940 229 2990 eum
259 2925 634 3002 linquentem
665 2936 885 2990 terram
909 2942 1063 3001 eam,
1098 2943 1280 3003 quam
1309 2935 1601 2997 servarat,
1636 2922 1828 2997 votiS,
1863 2922 2168 2987 ominibus

86 3008 480 3085 lacrimisque
504 3009 812 3086 prosecuti
847 3020 1009 3086 sunt,
1037 3019 1286 3072 aeterna
1315 3008 1374 3069 in
1407 3010 1589 3070 laude
1611 3018 1965 3069 versantur:
1993 3007 2176 3070 Plan·

83 3091 218 3165 cio,
264 3093 431 3168 quod
476 3110 575 3159 me
602 3095 699 3156 vel
734 3092 794 3154 vi
827 3097 1072 3171 pulsum
1100 3095 1200 3160 vel
1228 3092 1466 3155 ratione
1497 3094 1812 3155 cedentem
1844 3092 2168 3169 receperit,

86 3175 338 3249 iuverit,
383 3175 779 3248 custodierit,
821 3175 918 3244 his
966 3185 1029 3240 et
1067 3176 1306 3239 senatui
1347 3177 1704 3253 populoque
1746 3178 2057 3249 Romano,
2103 3182 2167 3235 ut

82 3256 385 3321 haberent
423 3277 605 3335 quem
652 3260 1044 3335 reducerent,
1072 3260 1480 3335 conservarit,
1521 3260 1739 3321 honori
1769 3261 1926 3320 hanc
1959 3259 2162 3328 fidem,

82 3341 599 3415 misericordiam,
635 3342 914 3406 virtutem
948 3344 1142 3407 fuisse
1174 3344 1455 3406 miraris?

211 3425 314 3485 Xl.
355 3422 456 3488 27.
499 3425 661 3489 Vitia
701 3427 1049 3490 mehercule
1090 3428 1194 3489 Cn.
1223 3427 1450 3488 Plancii
1493 3444 1595 3496 res
1637 3442 1780 3499 eae,
1821 3426 1899 3485 de
1939 3421 2163 3502 quibus

80 3504 246 3581 dixi,
280 3516 488 3585 tegere
516 3520 874 3585 potuerunt,
923 3527 1000 3572 ne
1043 3520 1106 3572 tu
1142 3511 1200 3571 in
1233 3510 1484 3584 eavita,
1534 3510 1612 3567 de
1645 3523 1767 3581 qua
1797 3505 1913 3565 iam
1946 3501 2164 3565 dicam,
