2514 3928
51 337 122 391 39
659 331 821 388 CAP.
856 336 924 390 26
942 362 1012 372 -
1031 337 1118 389 34.
1165 335 1216 395 S.
1250 336 1320 390 58
1337 363 1407 373 -
1429 336 1515 392 64.
2000 329 2122 397 137

51 480 464 556 Reprehendo
513 478 848 553 neminem,
890 481 1003 540 sed
1045 478 1362 540 adsentior
1405 496 1525 540 non
1559 480 1874 543 omnibus:
1922 499 2128 559 neque

55 579 199 624 esse
237 561 649 626 inconstantis
686 573 831 638 puto
889 562 1250 624 sententiam
1304 572 1612 640 tamquam
1652 566 1903 641 aliquod
1941 566 2125 628 navi-

52 645 216 720 gium
261 655 446 722 atque
487 663 732 708 cursum
787 664 865 707 ex
917 646 1007 708 rei
1059 646 1341 722 publicae
1390 656 1752 722 tempestate
1801 650 2124 711 moderari.

52 729 157 792 62.
189 729 315 791 Sed
346 729 400 790 si
438 729 541 806 qui
576 739 719 793 sunt
748 730 971 806 quibus
1001 730 1300 791 infinitum
1337 729 1416 791 sit
1438 732 1642 792 odium
1667 732 1727 791 in
1753 749 1909 807 quos
1932 735 2126 794 semel

55 821 414 888 susceptum
461 815 566 886 sit,
613 831 772 888 quos
821 814 1002 876 video
1045 829 1190 875 esse
1237 819 1360 874 non
1408 816 1641 895 nulloS,
1684 831 1819 874 cum
1864 816 2125 877 ducibus

52 895 241 972 ipsiS,
269 913 392 959 non
426 901 564 958 cum
594 897 884 960 comitatu
905 897 1533 974 'adsectatoribusque
1565 897 1915 972 confligant.
1956 900 2124 959 lllam

52 980 212 1041 enim
246 982 511 1042 fortasse
543 981 937 1057 pertinaciam
972 999 1094 1043 non
1132 981 1312 1055 nulli,
1352 980 1634 1043 virtutem
1664 981 1763 1041 alii
1796 981 2122 1057 putabunt:

50 1063 209 1124 hanc
260 1081 411 1126 vero
464 1065 842 1141 iniquitatem
886 1083 1101 1128 omnes
1147 1082 1288 1127 cum
1329 1065 1535 1142 aliqua
1578 1065 2125 1127 crudelitateconv

50 1149 335 1210 iunctam.
409 1148 535 1210 Sed
579 1149 634 1208 si
677 1158 980 1210 certorum
1025 1149 1338 1210 hominum
1381 1158 1618 1211 mentes
1665 1151 1830 1209 nulla
1868 1150 2125 1224 ratione,

51 1231 317 1304 iudices,
373 1233 620 1306 placare
665 1248 1031 1307 possumuS,
1091 1240 1334 1293 vestros
1374 1232 1623 1308 quidem
1663 1232 1903 1294 animos
1957 1241 2124 1294 certe

52 1314 419 1376 confidimus
461 1331 585 1372 non
617 1315 894 1374 oratione
923 1323 1162 1388 nostra,
1203 1314 1317 1374 sed
1346 1314 1716 1403 humanitate
1745 1325 1952 1378 vestra
1980 1333 2123 1378 esse

53 1398 353 1471 placatos.
849 1422 852 1431 ·

179 1475 587 1537 XXV111.63.
632 1475 788 1550 Quid
829 1476 988 1535 enim
1032 1485 1128 1537 est
1169 1492 1277 1537 cur
1318 1494 1441 1537 non
1486 1477 1688 1551 potius
1719 1481 1798 1538 ad
1830 1495 2127 1542 summam

56 1560 298 1620 laudem
331 1559 473 1620 huic
506 1576 689 1636 quam
704 1560 794 1619 ad
816 1557 1121 1619 minimam
1145 1560 1419 1620 fraudem
1446 1559 1728 1620 Caesaris
1753 1561 2127 1623 familiaritas

55 1643 261 1704 valere
306 1643 569 1706 debeat?
623 1642 923 1718 Cognovit
972 1643 1372 1705 adolescensx
1431 1642 1657 1720 placuit
1707 1642 1935 1704 homini
1988 1661 2126 1718 pru-

53 1725 447 1788 dentissimo=
490 1727 552 1786 in
599 1744 838 1788 summa
878 1725 1212 1789 amicorum
1260 1725 1442 1803 copia
1472 1742 1607 1787 cum
1640 1726 2125 1790 familiarissimis

49 1809 183 1870 eius
215 1818 309 1871 est
340 1810 742 1886 adaequatus.
783 1810 851 1869 In
880 1818 1200 1884 praetura,
1296 1811 1352 1872 in
1387 1809 1716 1870 consulatu
1741 1809 2124 1884 praefectum

50 1893 285 1954 fabrum
318 1893 560 1955 detulit:
608 1892 932 1955 consilium
969 1893 1234 1954 hominis
1268 1892 1582 1970 probavit,
1613 1894 1797 1954 fidem
1830 1898 1927 1954 est
1959 1911 2123 1955 com-

47 1978 303 2053 plexus,
352 1979 559 2039 officia
593 1978 1174 2055 observantiamque
1208 1978 1437 2039 dilexit.
1504 1976 1642 2039 Fuit
1670 1977 1768 2038 hic
1798 1980 2122 2040 multorum

46 2060 134 2121 illi
179 2062 457 2123 laborum
499 2061 710 2123 socius
738 2060 1105 2139 aliquando:
1153 2070 1249 2123 est
1279 2061 1544 2123 fortasse
1581 2078 1742 2122 nunc
1773 2078 1894 2122 non
1927 2064 2122 2123 nullo·

44 2162 183 2205 rum
219 2145 528 2222 particeps
562 2145 1039 2206 commodorum.
1089 2145 1256 2219 Quae
1291 2141 1536 2219 quidem
1573 2144 1623 2205 si
1649 2144 1791 2205 huic
1816 2145 2125 2206 obfuerint

47 2229 216 2304 apud
244 2245 391 2301 VOS,
434 2246 553 2290 non
584 2228 853 2301 intelligo
889 2228 1313 2303 quodbonum
1345 2226 1629 2303 cuiquam
1662 2228 1742 2288 sit
1769 2228 1936 2302 apud
1967 2229 2121 2288 tales

47 2312 217 2373 viros
256 2314 658 2387 profuturum.
719 2312 821 2373 64.
854 2310 977 2371 Sed
1012 2310 1299 2386 quoniam
1331 2310 1393 2371 C.
1425 2310 1651 2371 Caesar
1676 2312 1856 2372 abest
1892 2310 2123 2386 longiS-

48 2394 203 2457 sime
243 2404 430 2470 atque
470 2394 533 2455 in
564 2394 642 2456 iis
672 2403 767 2455 est
796 2410 958 2455 nunc
988 2393 1172 2465 lociS,
1221 2412 1380 2469 quae
1409 2394 1663 2468 regione
1694 2396 1905 2456 orbem
1936 2400 2120 2455 terra-

45 2496 211 2553 rum,
252 2478 440 2539 rebus
484 2477 646 2539 illius
687 2477 878 2552 gestis
920 2477 1239 2553 imperium
1272 2476 1488 2555 populi
1516 2478 1775 2538 Romani
1806 2478 2120 2552 definiunt,

47 2561 252 2635 nolite,
285 2580 397 2637 per
423 2563 579 2623 deos
611 2561 1012 2623 immortales!
1052 2560 1308 2635 iudiceS‚
1342 2562 1504 2622 hunc
1533 2560 1619 2620 illi
1648 2560 1936 2621 acerbum
1968 2577 2120 2621 nun·

44 2643 196 2707 tium
244 2647 402 2706 velle
436 2644 710 2721 perferri,
741 2653 808 2705 ut
835 2661 1012 2705 suum
1039 2646 1412 2719 praefectum
1437 2646 1693 2715 fabrum,
1728 2651 1793 2704 ut
1815 2642 2122 2704 hominem

47 2727 167 2789 sibi
214 2728 599 2790 carissimum
641 2736 702 2789 et
747 2726 1278 2788 familiarissimum
1322 2744 1443 2787 non
1488 2727 1569 2787 ob
1618 2725 1814 2800 ipsius
1868 2725 2117 2800 ailquod

47 2810 354 2886 delictum,
389 2814 515 2890 sed,
534 2813 612 2872 ob
644 2828 818 2871 suam
851 2809 1311 2870 familiaritatem
1343 2809 1564 2869 vestris
1589 2824 1957 2883 oppressum
1981 2823 2091 2867 sen

45 2894 253 2957 tentiis
288 2896 511 2956 audiat.
555 2893 925 2954 Miseremini
960 2892 1113 2964 eius,
1152 2892 1257 2967 qui
1290 2908 1410 2952 non
1444 2892 1522 2951 de
1554 2907 1667 2951 suo
1701 2898 1975 2965 peccato,
2006 2893 2120 2952 sed

46 2978 126 3038 de
168 2977 353 3039 huius
391 2977 611 3040 summi
654 2985 715 3038 et
753 2976 1071 3039 clarissimi
1108 2975 1234 3036 viri
1270 2976 1461 3048 facto,
1506 2990 1627 3035 non
1659 2974 1737 3035 de
1765 2974 1972 3051 aliquo
2005 2974 2118 3035 cri·

45 3060 240 3135 mine,
285 3063 398 3123 sed
428 3062 702 3138 periculo
737 3078 853 3122 suo
891 3061 968 3120 de
1002 3060 1246 3135 publico
1280 3060 1413 3121 iure
1441 3059 1774 3133 disceptat:
1822 3060 1989 3135 quod
2022 3058 2119 3118 ius

46 3145 100 3205 si
132 3146 237 3206 Cn
271 3146 601 3221 Pompeius
632 3144 965 3221 ignoravit,
1013 3143 1067 3203 si
1095 3144 1174 3203 Μ.
1208 3143 1584 3217 Crassus,si
1617 3142 2028 3216 Q.Mete11us‚
2064 3140 2120 3204 si

47 3228 152 3289 Cn.
188 3230 519 3305 Pompeius
551 3236 756 3305 pater,
793 3227 938 3289 siL.
975 3226 1161 3300 Sulla,
1199 3226 1252 3287 si
1281 3227 1344 3287 P.
1377 3226 1656 3301 Crassus,
1686 3226 1741 3287 si
1772 3227 1834 3292 G.
1866 3188 2117 3298 Mari’uS,

45 3313 98 3372 si
141 3322 425 3388 senatus,
466 3312 520 3373 si
568 3312 836 3387 populus
865 3309 1494 3407 Ron1anus‚·si,·qui
1534 3311 1612 3371 de
1652 3326 1720 3369 re
1750 3308 1928 3370 simili
1963 3306 2114 3367 iudi·

47 3404 292 3471 carunt,
323 3396 377 3458 si
410 3394 706 3457 foederati
740 3394 978 3470 populi,
1019 3392 1074 3452 si
1109 3392 1295 3469 socii,
1328 3391 1383 3454 si
1408 3393 1491 3453 illi
1522 3391 1753 3468 antiqui
1781 3389 1994 3458 Latini,
2026 3386 2115 3447 vi·

49 3480 187 3541 dete
229 3497 307 3541 ne
349 3478 557 3540 utilius
600 3478 777 3539 vobis
820 3486 882 3539 et
918 3475 1239 3537 honestius
1293 3474 1373 3537 sit
1425 3474 1543 3535 ilus
1599 3474 1858 3534 ducibus
1912 3482 2118 3530 errare

50 3580 231 3638 quam
260 3563 381 3624 hoc
416 3562 703 3640 magistro
741 3559 985 3621 erudiri.
1066 3558 1188 3620 Sed
1216 3558 1280 3620 si
1310 3560 1388 3619 de
1418 3564 1615 3628 certo,
1656 3555 1735 3614 de
1764 3550 2113 3627 perspicus,

2359 1382 2400 1434 ts
2373 1324 2382 1328 ι

2410 2869 2514 3037 illi.
2413 2328 2514 2819 tittwffistw
2423 2168 2514 2264 ol
2427 1689 2514 2108 minutam
2413 1182 2514 1634 mmm-11<
2421 1078 2436 1085 '
