2514 3928
254 242 382 307 244
719 238 865 300 PRO
895 241 962 299 Τ.
991 237 1225 298 ANNIO
1256 236 1549 297 MILONE
1580 236 1887 297 ORATIO.
2266 245 2340 298 20

254 394 420 470 giam
466 405 662 467 paene
711 389 988 452 confecit.
1086 389 1188 452 38.
1246 389 1402 463 Quid
1445 386 1643 449 simile
1688 386 1979 449 Milonis?
2037 388 2212 449 cuius
2242 399 2340 458 vis

258 476 455 539 omnis
487 475 643 534 haec
673 488 919 549 semper
947 472 1076 548 fuit,
1109 489 1189 534 ne
1217 472 1282 531 P.
1319 471 1569 533 Clodius
1601 488 1788 547 quum
1819 471 1882 531 in
1912 471 2203 533 iudicium
2232 480 2342 541 de-

256 559 411 620 trahi
440 574 564 618 non
598 561 844 634 posset,
888 556 949 616 vi
985 572 1354 632 oppressam
1387 554 1692 616 civitatem
1719 561 1973 616 teneret.
2064 557 2255 631 Quem
2287 564 2340 624 si

255 641 602 704 interficere
656 639 998 713 voluisset,
1051 647 1320 716 quantae
1369 637 1656 714 quotiens
1701 637 2107 716 occasioneS,
2158 662 2346 719 quam

254 726 613 802 praeclarae
641 723 911 784 fuerunt!
951 722 1264 796 Potuitne,
1291 739 1477 797 quum
1507 723 1757 781 domum
1785 737 1859 781 ac
1894 722 2050 784 deos
2084 736 2345 799 penates

257 825 409 871 suos
451 809 556 870 illo
598 813 997 905 oppugnante
1039 806 1428 879 defenderet,
1468 804 1602 866 iure
1645 819 1717 864 se
1756 803 2017 865 ulcisci?
2068 812 2350 883 potuitne

260 892 383 953 civi
414 890 665 969 egregio
697 898 760 950 et
789 889 918 949 viro
956 888 1313 964 fortissimo,
1342 888 1405 948 P.
1439 886 1663 962 Sestio,
1696 888 1934 963 collega
1962 905 2096 962 su0,
2130 895 2349 956 vulne-

263 982 443 1037 rato?
473 973 752 1051 potuitne
781 972 849 1046 Q.
872 971 1175 1046 Fabricio,
1206 974 1340 1034 viro
1376 971 1626 1048 optimo,
1660 987 1846 1045 quum
1879 971 1956 1032 de
1978 936 2178 1038 reditu
2204 994 2352 1040 meo

254 1061 454 1133 legem
499 1059 702 1131 ferret,
743 1056 925 1130 pulso
944 1101 961 1129 ,
1005 1055 1431 1117 crudelissima
1470 1054 1533 1114 in
1575 1056 1710 1115 soro
1754 1055 1946 1115 caede
1984 1057 2185 1119 facta?
2232 1079 2348 1137 po-

131 1137 140 1145 “
255 1140 447 1202 tuitne
466 1141 536 1200 L.
552 1137 816 1213 Caecilii,
839 1137 1159 1200 iustissimi
1175 1137 1618 1215 fortissimique
1633 1138 1956 1214 praetoriS,
1985 1155 2347 1218 oppugnata

254 1225 487 1286 domo?
519 1220 795 1299 potuitne
828 1220 933 1282 illo
964 1220 1095 1297 die,
1135 1241 1323 1298 quum
1354 1231 1451 1285 est
1476 1224 1600 1284 lata
1627 1222 1729 1281 lex
1760 1221 1839 1282 de
1871 1230 2014 1283 me?
2037 1242 2221 1300 quum
2252 1235 2350 1289 to·

254 1306 378 1369 tius
398 1305 610 1369 Italiae
642 1321 1004 1380 concursuS,
1058 1323 1241 1382 quem
1270 1322 1408 1368 mea
1431 1307 1601 1368 salus
1626 1304 1976 1380 concitarat,
2009 1308 2153 1371 facti
2181 1309 2350 1372 illius

254 1390 510 1466 gloriam
533 1389 731 1453 libens
755 1389 1132 1466 agnovisset,
1156 1397 1242 1465 ut,
1273 1389 1453 1452 etiam
1484 1389 1538 1450 si
1565 1388 1629 1450 id
1656 1388 1803 1449 Milo
1830 1388 2094 1465 lecisset,
2124 1406 2352 1457 cuncta

257 1474 473 1536 civitas
496 1491 632 1535 eam
654 1474 899 1536 laudem
927 1490 1039 1550 pro
1075 1490 1190 1537 sua
1210 1473 1594 1535 vindicaret?
1617 1473 1750 1533 XV.
1781 1469 1883 1533 39.
1911 1477 1993 1534 At
2022 1477 2189 1550 quod
2215 1489 2350 1541 erat

257 1566 546 1634 tempus?
580 1556 969 1618 Clarissimus
1001 1565 1063 1619 et
1092 1556 1465 1619 fortissimus
1497 1556 1745 1628 consul,
1788 1555 2072 1619 inimicus
2109 1559 2348 1636 Clodio,

255 1640 319 1700 P.
340 1642 654 1716 LentuluS,
686 1642 850 1702 ultor
882 1640 1136 1701 sceleris
1158 1639 1342 1715 illius,
1375 1645 1801 1717 propugnator
1823 1647 2093 1717 senatuS,
2128 1644 2348 1705 defen-

254 1740 362 1784 sor
383 1733 628 1785 vestrae
648 1721 999 1797 voluntatiS,
1032 1731 1332 1799 patronus
1366 1721 1601 1799 publici
1629 1739 1998 1798 consensuS,
2024 1725 2347 1789 restitutor

256 1805 471 1867 salutis
502 1822 707 1867 meaez
737 1813 978 1882 septem
1004 1813 1342 1881 praetores,
1369 1816 1509 1869 octo
1546 1805 1770 1868 tribuni
1799 1806 2020 1882 plebei,
2046 1808 2211 1870 illius
2236 1812 2350 1871 ad-

256 1872 546 1963 versarii,
594 1889 960 1950 defensores
988 1887 1138 1950 mei·
1182 1890 1289 1951 Cn.
1319 1889 1684 1989 PompeiuS,
1727 1898 1940 1952 auctor
1973 1898 2033 1951 et
2061 1892 2191 1953 dux
2219 1894 2343 1956 mei

258 1971 527 2048 reditus,
561 1971 728 2034 illius
756 1971 988 2050 hostiS,
1023 1972 1200 2036 cuius
1236 1974 1597 2037 sententiam
1626 1982 1878 2037 senatus
1909 1973 2109 2036 omnis
2135 1977 2214 2037 de
2244 1994 2342 2038 sa-

258 2058 379 2117 lute
419 2074 558 2119 mea
597 2055 1025 2132 gravissimam
1068 2066 1127 2118 et
1164 2058 1609 2121 ornatissimam
1641 2066 1891 2120 secutus
1922 2066 2045 2130 est,
2095 2057 2199 2134 qui
2229 2077 2345 2137 po-

254 2144 467 2215 pulum
494 2142 838 2200 Romanum
872 2147 965 2198 est
1021 2137 1416 2200 cohortatus:
1451 2137 1556 2215 qui
1579 2154 1766 2212 quum
1796 2139 1876 2197 de
1907 2154 2006 2198 me
2027 2139 2349 2199 decretum

257 2223 506 2295 Capuae
527 2221 799 2292 fecisset,
822 2222 961 2297 ipse
1001 2222 1487 2284 cunctaeltaliae
1509 2219 1780 2295 cupienti
1794 2228 1856 2281 et
1873 2219 2005 2283 eius
2027 2221 2216 2281 fidem
2237 2220 2343 2280 im-

251 2300 515 2376 ploranti
539 2299 779 2374 signum
804 2299 991 2375 dedit,
1019 2307 1086 2361 ut
1107 2301 1186 2360 ad
1210 2318 1308 2361 me
1330 2303 1769 2363 restituendum
1796 2301 2053 2362 Romam
2078 2318 2350 2365 concur-

250 2391 459 2445 rerent
480 2406 496 2439 ε
541 2382 747 2444 omnia
788 2391 916 2444 tum
956 2384 1223 2459 denique
1263 2383 1326 2444 in
1372 2383 1541 2445 illum
1584 2383 1727 2445 odia
1769 2382 1991 2445 civium
2040 2386 2346 2450 ardebant

251 2464 565 2529 desiderio
596 2464 736 2541 mei,
771 2483 953 2541 quem
979 2465 1084 2542 qui
1116 2475 1238 2528 tum
1263 2466 1690 2539 interemisset,
1723 2484 1847 2528 non
1872 2468 1950 2527 de
1979 2466 2348 2543 impunitate

251 2549 385 2612 eius
406 2596 423 2625 ‚
474 2551 589 2613 sed
617 2551 697 2611 de
728 2548 1015 2626 praemiis
1057 2550 1444 2627 cogitaretur.
1530 2549 1633 2613 40.
1660 2551 1886 2611 Tamen
1915 2567 1986 2611 se
2014 2551 2158 2611 Milo
2189 2567 2349 2612 con·

249 2632 429 2696 tinuit
457 2644 518 2697 et
535 2635 600 2695 P.
634 2634 908 2697 Clodium
937 2627 1000 2694 iii
1028 2632 1318 2697 iudicium
1349 2634 1477 2709 bis,
1516 2636 1593 2695 ad
1625 2635 1747 2693 vim
1781 2650 2117 2710 numquam
2149 2651 2347 2696 voca-

249 2717 355 2779 vit.
444 2718 645 2793 Quid?
687 2718 924 2795 privato
954 2717 1182 2780 Milone
1228 2728 1291 2780 et
1328 2734 1436 2779 reo
1471 2719 1550 2779 ad
1581 2719 1879 2793 populum
1908 2724 2242 2779 accusante
2272 2718 2347 2777 P.

253 2800 488 2876 Clodio,
521 2819 710 2879 quum
739 2801 801 2862 in
832 2802 937 2863 Cn.
968 2800 1326 2879 Pompeium
1355 2818 1468 2878 pro
1490 2800 1719 2861 Milone
1742 2799 2043 2863 dicentem
2071 2799 2348 2877 impetus

253 2884 453 2945 factus
477 2894 603 2957 est,
649 2903 809 2961 quae
837 2894 964 2947 tum
997 2902 1121 2946 non
1151 2886 1338 2945 modo
1369 2883 1651 2961 occasio,
1680 2884 1796 2946 sed
1827 2883 2011 2947 etiam
2043 2900 2236 2947 causa
2269 2883 2344 2945 il-

251 2965 373 3027 lius
418 2966 805 3041 opprimendi
849 2966 1006 3028 fuit?
1044 2968 1254 3044 Nuper
1294 2984 1441 3029 vero
1493 2985 1681 3044 quum
1705 2968 1789 3029 M.
1822 2968 2129 3031 Antonius
2174 2985 2347 3029 sum-

252 3064 414 3109 mam
448 3065 625 3124 spem
651 3050 870 3112 salutis
912 3048 1096 3111 bonis
1141 3048 1427 3113 omnibus
1451 3051 1756 3114 attulisset
1781 3051 2349 3129 gravissimamque

251 3132 622 3194 adolescens
653 3130 1075 3195 nobilissimus
1115 3134 1205 3195 rei
1246 3134 1532 3212 publicae
1569 3144 1800 3213 partem
1831 3134 2168 3199 fortissime
2197 3153 2343 3197 sus-

253 3215 554 3291 cepisset,
598 3222 785 3291 atque
826 3214 988 3277 illam
1030 3216 1306 3294 beluam,
1358 3217 1568 3280 iudicii
1608 3220 1870 3296 laqueos
1909 3219 2349 3292 declinantem,

250 3294 374 3357 iam
408 3296 698 3360 irretitam
721 3307 971 3373 teneret,
1004 3302 1107 3377 qui
1130 3304 1327 3377 locuS,
1359 3303 1525 3400 qouod
1546 3310 1788 3379 tempus
1810 3301 1980 3377 illud,
2012 3301 2114 3363 di
2096 3319 2340 3364 immor·

250 3381 440 3454 tales,
471 3380 612 3444 ruit!
666 3399 851 3457 quum
880 3401 951 3446 se
984 3384 1085 3447 ille
1115 3385 1361 3463 fugiens
1390 3385 1451 3445 in
1501 3387 1804 3447 scalarum
1848 3387 2135 3448 tenebras
2167 3386 2346 3447 abdi·

256 3461 482 3536 disset,
513 3482 799 3543 magnum
830 3467 1043 3530 Miloni
1080 3469 1191 3532 fuit
1219 3470 1525 3531 conficere
1555 3467 1717 3530 illam
1751 3478 1992 3545 pestem
2020 3471 2190 3532 nulla
2225 3486 2347 3532 sua
