2514 3928
176 316 244 373 5⁷
827 304 988 365 CAP.
1013 312 1048 367 6
1062 312 1207 365 —9.
1249 308 1302 369 s.
1333 310 1396 366 17
1414 339 1490 347 —
1507 313 1593 367 aa.
2123 302 2251 366 355

177 454 486 535 dignitatis
526 473 697 518 suae.
755 456 816 516 ls
859 454 1016 516 enim
1038 464 1169 516 erat
1204 453 1369 525 dies,
1412 471 1487 515 ea
1516 457 1707 530 sama,
1751 454 1804 517 is
1837 454 1940 532 qui
1973 466 2249 517 senatum

182 549 457 614 vocarat,
503 550 570 601 ut
611 546 787 615 turpe
816 537 1087 599 senatori
1117 544 1289 598 esset
1319 537 1466 597 nihil
1490 539 1718 600 timere.
1779 542 1880 600 Ad
1908 556 2020 600 eos
2051 548 2247 601 tamen

173 628 382 700 ipSOS,
429 622 533 699 qui
561 630 1008 697 convenerant,
1027 637 1119 681 >ne
1150 621 1402 681 verbum
1428 621 1671 695 quidem
1698 640 1892 684 ausus
1924 631 2019 684 est
2048 626 2250 684 facere

176 709 256 767 de
285 708 581 780 Caesare,
629 722 816 782 quum
858 706 950 765 de.
977 721 1053 766 eo
1098 704 1522 766 constituisset
1562 706 1665 774 ad,
1689 715 1966 767 senatum
1999 709 2250 768 referre.

181 789 477 866 Scriptam
509 791 787 851 attulerat
824 788 1163 851 consularis
1196 788 1445 865 quidam
1479 788 1859 852 sententiam.
1946 787 2047 851 21.
2095 789 2250 863 Quid

176 882 273 935 est
313 872 477 935 aliud
521 875 599 934 de
629 889 704 936 eo
733 874 964 933 referre
992 889 1115 933 non
1149 872 1411 944 audere,
1459 871 1565 947 qui
1595 881 1806 934 contra
1834 886 1906 933 se
1935 874 2250 934 consulem

175 957 510 1018 exercitum
541 958 819 1030 duceret,
852 955 970 1016 nisi
1003 973 1073 1018 se
1105 956 1309 1032 ipsum
1337 955 1927 1017 hostemiudicare?
1981 957 2252 1016 Necesse

173 1048 305 1103 erat
347 1040 504 1101 enim
547 1043 896 1103 alterutram
935 1056 1079 1101 esse
1107 1040 1378 1101 hostem:
1422 1056 1537 1100 nec
1568 1048 1806 1115 poterat
1830 1041 2117 1103 alites-de
2145 1041 2249 1100 ad·

176 1121 469 1183 versariis
492 1121 750 1184 iudicari
771 1120 1056 1181 ducibus.
1099 1120 1165 1181 Si
1185 1120 1373 1195 igitur
1396 1121 1624 1182 Caesar
1647 1120 1862 1192 hostiS,
1897 1137 2010 1183 cur
2032 1121 2251 1182 consul

170 1207 318 1267 nihil
352 1207 660 1267 referebat
692 1206 774 1265 ad
805 1204 1129 1265 senatum?
1172 1204 1267 1265 sin
1314 1203 1416 1263 ille
1447 1222 1484 1264 a
1514 1214 1735 1266 senatu
1778 1208 2089 1268 notandus
2124 1222 2249 1268 non

175 1285 304 1359 fuit,
339 1284 487 1361 quid
509 1293 715 1361 potest
734 1285 941 1346 dicere
966 1284 1135 1360 quin,
1160 1302 1346 1360 quum
1378 1285 1456 1345 de
1485 1284 1588 1347 illo
1613 1287 1882 1359 tacuerit,
1915 1305 1984 1348 se
2009 1288 2248 1349 hostem

175 1370 507 1430 confessus
536 1370 656 1430 sit?
718 1369 907 1441 Quem
937 1367 998 1427 in
1034 1368 1249 1428 edictis
1282 1368 1642 1442 Spartacum
1667 1373 1955 1445 appellat,
1988 1371 2152 1430 ¹hunc
2187 1371 2247 1430 in

174 1460 396 1514 senatu
423 1468 501 1512 ne
541 1451 881 1527 improbum
916 1450 1161 1526 quidem
1195 1451 1401 1511 dicere
1428 1452 1632 1513 audet.
1718 1453 1818 1513 IX.
1856 1457 1942 1513 At
1974 1453 2034 1514 in
2064 1454 2249 1515 rebus

174 1534 537 1598 tristissimis
569 1543 834 1610 quantos
878 1534 1101 1595 excitat
1133 1533 1330 1595 risus!
1391 1533 1798 1597 Sententiolas
1832 1534 2025 1598 edicti
2048 1536 2249 1598 cuius-

175 1620 318 1680 dam
356 1618 685 1680 memoriae
713 1617 1015 1691 mandavi,
1053 1634 1207 1692 quas
1241 1616 1482 1679 videtur
1507 1617 1609 1678 ille
1644 1628 1967 1695 peracutas
2004 1628 2250 1694 putarez

175 1720 296 1779 ego
338 1711 538 1763 autern
569 1700 673 1778 qui
708 1702 1067 1776 intelligeret
1096 1700 1244 1775 quid
1276 1699 1481 1762 dicere
1511 1703 1691 1762 vellet
1719 1702 1920 1762 adhuc
1949 1702 2249 1763 neminem

172 1785 397 1847 inveni.
463 1786 562 1847 22.
592 1786 783 1848 Nulla.
798 1788 1149 1848 contumelia
1175 1794 1278 1858 est,
1313 1801 1490 1859 quam
1512 1786 1673 1859 facit
1694 1788 1932 1861 dianus.
1986 1786 2249 1847 Primum

173 1870 322 1945 quid
369 1878 465 1930 est
506 1867 767 1944 dianus?
824 1869 972 1929 Nam
1017 1868 1197 1929 etiam
1236 1870 1397 1929 malo
1427 1866 1599 1929 multi
1643 1866 1837 1943 digni,
1889 1869 2049 1931 sicut
2090 1870 2248 1945 ipse.

170 1960 269 2014 An
302 1971 484 2030 quam
518 1952 660 2014 facit
688 1952 774 2027 is,
807 1952 912 2030 qui
940 1969 1074 2014 cum
1107 1951 1396 2028 dignitate
1424 1959 1560 2014 est?
1616 1952 1784 2027 Quae
1812 1959 2016 2015 autem
2048 1962 2251 2030 potest

173 2053 318 2097 esse
360 2036 594 2098 maior?
661 2035 815 2110 Quid
861 2044 958 2097 est
992 2052 1174 2110 porro
1213 2036 1428 2109 facere
1466 2035 1918 2099 contumeliam?
1976 2036 2115 2113 quis
2156 2037 2249 2098 sic

173 2118 487 2195 loquitur?
528 2118 792 2180 Deinde=
835 2121 960 2180 Nec
985 2122 1173 2191 timor,
1201 2137 1372 2194 quem
1399 2121 1707 2182 denuntiat
1746 2122 2036 2183 inimt'cus.
2094 2120 2246 2194 Quid

174 2210 369 2280 ergo?
411 2202 488 2262 ab
518 2201 715 2264 amico
744 2202 921 2263 timor
942 2201 1286 2263 denuntiari
1325 2204 1523 2263 solet?
1566 2204 1801 2265 Horum
1831 2203 2050 2265 similia
2080 2203 2246 2265 dein·

174 2304 346 2363 ceps.
414 2286 629 2346 Nonne
670 2285 862 2346 satius
896 2294 990 2346 est
1019 2296 1248 2348 mutum
1275 2302 1417 2347 esse
1447 2303 1630 2363 quam
1665 2287 1834 2364 quod
1864 2304 2042 2349 nemo
2076 2287 2246 2349 intel-

172 2368 324 2443 ligat,
342 2367 594 2429 dicere?
621 2368 713 2427 En
730 2384 843 2429 cur
861 2368 1156 2443 magister
1178 2368 1312 2429 eius
1335 2385 1412 2429 ex
1435 2375 1684 2430 oratore
1700 2378 1912 2433 arator
1931 2372 2132 2432 faetus
2148 2369 2243 2438 sit,

169 2450 532 2551 possideat
515 2471 572 2514 m
592 2468 743 2528 agro
765 2451 1012 2529 publico
1037 2452 1279 2528 [populi
1294 2451 1574 2526 Romani]
1599 2453 1801 2530 campi
1817 2454 2098 2517 Leontini
2119 2456 2243 2515 duo

167 2536 331 2598 milia
357 2536 637 2612 iugerum
665 2537 985 2611 immunia,
1034 2546 1099 2598 ut
1142 2538 1447 2598 hominem
1483 2540 1795 2616 stupidum
1840 2541 2034 2617 magis
2065 2541 2244 2602 etiam

167 2622 422 2683 infatuet
424 2581 742 2682 omer-cede
784 2610 1048 2697 publica.
1132 2620 1234 2683 23.
1293 2621 1417 2683 Sed
1470 2622 1624 2684 haec
1669 2623 1903 2685 leviora
1948 2626 2244 2685 fortassee

167 2705 315 2766 illud
362 2715 622 2781 quaero,
667 2721 777 2765 cur
819 2713 940 2766 tam
979 2714 1344 2767 mansuetus
1373 2705 1433 2765 in
1469 2706 1925 2781 ematuruerit,
1968 2723 2153 2782 quum
2182 2705 2243 2765 in

166 2787 383 2849 edictis
430 2796 552 2849 tam
594 2789 761 2850 serus
808 2787 1043 2850 fuisset.
1116 2788 1272 2862 Quid
1311 2791 1468 2849 enim
1516 2788 1866 2863 attinuerat,
1907 2754 1974 2849 L.
2008 2789 2241 2861 Cassio,

169 2871 406 2933 tribuno
438 2871 655 2948 plebis,
692 2871 1023 2934 fortissimo
1053 2881 1114 2933 et
1141 2872 1638 2934 constantissimo
1670 2872 1823 2948 civi,
1855 2883 2108 2935 mortem
2138 2875 2243 2934 de-

166 2953 474 3028 nuntiare,
512 2955 654 3015 siin
684 2964 959 3018 senatum
997 2956 1297 3017 venissett
1341 2958 1410 3018 D.
1450 2956 1854 3029 Carfulenum,
1883 2957 2049 3019 bene·
2073 2958 2150 3018 de
2176 2974 2244 3019 re

169 3038 411 3115 publica
439 3036 832 3114 sentientem,
873 3048 1093 3101 senatu
1122 3039 1183 3099 vi
1225 3049 1286 3101 et
1317 3037 1498 3101 minis
1526 3040 1738 3101 mortis
1768 3044 2109 3117 expelleres
2154 3040 2242 3102 Ti.

162 3124 539 3199 Cannutium,
570 3141 608 3186 a
632 3140 755 3200 quo
797 3131 928 3184 erat
956 3122 1410 3185 honestissimis
1441 3123 1934 3186 contentionibus
1963 3135 2025 3187 et
2053 3140 2244 3201 saepe

165 3215 225 3267 et
257 3205 388 3268 iure
418 3213 705 3282 vexatuS,
748 3209 872 3267 non
901 3208 1125 3283 templo
1160 3209 1391 3280 solum,
1447 3224 1655 3269 verum
1691 3207 1869 3269 etiam
1898 3208 2066 3269 aditu
2103 3225 2240 3283 pro·

166 3289 374 3350 hibere
407 3289 704 3365 Capitolii.
762 3289 872 3352 Cui
900 3299 1152 3353 senatus
1177 3291 1460 3352 consulto
1491 3308 1587 3352 ne
1595 3290 2043 3352 intercederent
2071 3307 2243 3351 vere-

167 3372 384 3434 batur?
437 3376 527 3434 De
558 3372 1040 3450 supplicatione,
1082 3374 1305 3448 credo,
1345 3374 1425 3434 Μ.
1458 3374 1704 3450 Lepidi,
1750 3372 2073 3433 clarissimi
2109 3372 2240 3431 viri.

170 3458 371 3531 Atque
402 3455 464 3518 id
498 3466 626 3518 erat
659 3457 1013 3533 periculum,
1042 3459 1122 3519 de
1150 3458 1326 3520 cuius
1354 3457 1590 3520 honore
1620 3452 2105 3518 extraordinario
2137 3467 2239 3510 co·

167 3538 314 3600 tidie
341 3539 567 3616 aliquid
600 3541 1035 3631 cogitabamuS,
1064 3559 1141 3603 ne
1164 3542 1296 3603 eius
1320 3539 1580 3602 usitatus
1603 3539 1812 3678 ¹¹⁰ss{3
1829 3531 2235 3608 impediretur·
