2514 3928
655 321 818 379 CAP.
851 329 1046 382 6—0.
1099 328 1151 387 S.
1189 330 1450 383 15—22.
2010 323 2095 386 63

186 471 346 530 Vlll.
392 471 491 535 19.
539 471 781 546 Quaero
811 471 957 532 illud
990 471 1169 532 etiam
1206 482 1401 548 exte,
1438 469 1777 534 conatusne
1813 472 1937 546 εἰς,
1985 494 2089 534 vo-

17 554 316 628 luer-isne,
349 555 617 632 denique
648 555 937 630 cogitaris
971 589 1045 600 -
1072 564 1168 616 est
1197 555 1358 615 enim
1391 573 1493 616 res
1524 556 1658 617 eins
1689 558 1883 629 modi,
1916 568 1998 630 ut,
2036 560 2090 621 si

17 637 128 702 tibi
166 639 227 698 in
278 649 540 700 mentem
584 640 767 700 modo
817 639 1010 713 venit,
1066 655 1244 699 nemo
1295 639 1376 701 sit
1416 639 1526 715 qui
1569 648 1627 700 te
1661 642 1785 701 ullo
1813 642 2087 705 cruciatu

18 738 163 785 esse
205 721 521 796 indignum
568 731 740 798 putet
777 757 862 769 -—
904 723 1274 798 cogitarisne
1314 725 1372 783 in
1418 723 1520 783 illo
1571 733 1674 785 tuo
1705 723 2089 799 intolerabili,

19 802 151 867 non*
178 822 369 881 regno
400 840 484 851 —
513 824 648 866 nam
680 806 855 882 cupis
886 807 948 866 id
981 805 1193 867 audire
1219 840 1336 880 —,
1368 807 1481 867 sed
1512 807 1858 879 latrocinio,
1894 827 2090 886 augur

18 890 154 952 fieri
189 888 247 948 in
283 890 352 964 Q.
385 890 609 951 Metelli
640 891 886 951 locum?
929 899 1024 966 ut,
1060 890 1434 966 quicumque
1462 899 1523 952 te
1553 891 1936 966 aspexisset,
1976 895 2086 954 du-

18 973 242 1050 plicem
274 975 549 1035 dolorem
581 973 996 1050 gemitumque
1027 974 1400 1051 susciperet,
1434 982 1496 1034 et
1526 991 1605 1034 ex
1634 975 1945 1037 desiderio
1964 979 2086 1037 cla-

17 1056 248 1119 rissimi
280 1065 343 1133 et
383 1057 698 1120 fortissimi
730 1057 885 1119 civis
921 1067 980 1120 et
1011 1075 1089 1117 ex
1119 1058 1355 1119 honore
1399 1057 1733 1133 turpissimi
1764 1068 1949 1134 atque
1978 1060 2086 1120 im-

22 1140 420 1217 probissimi?
472 1143 714 1202 adcone
760 1160 882 1209 non
927 1143 1352 1204 labefactatam
1396 1159 1522 1204 rem
1558 1143 1861 1218 publicam
1896 1152 1954 1204 te
1986 1146 2088 1207 tri-

17 1228 181 1287 buno
207 1241 408 1301 neque
432 1234 908 1301 conquassatam
931 1225 1264 1298 civitatem,
1293 1227 1406 1287 sed
1430 1235 1670 1301 captam
1691 1227 1850 1288 hanc
1873 1229 2086 1292 urbem

17 1319 203 1385 atque
246 1326 599 1385 perversam
640 1309 900 1386 putaris,
951 1318 1018 1370 ut
1047 1326 1340 1385 augurem
1386 1309 1694 1371 Vatinium
1740 1313 1897 1372 ferre
1938 1329 2086 1389 pos-

18 1401 272 1454 semus?
310 1392 413 1457 20.
454 1395 587 1454 Hoc
621 1394 759 1454 loco
797 1409 1060 1468 quaero,
1094 1392 1176 1466 si,
1207 1394 1270 1454 id
1301 1393 1470 1468 quod
1500 1394 1908 1468 concupieras
1931 1441 1945 1466 ‚
1979 1413 2086 1458 au-

16 1495 132 1554 gur
162 1479 359 1538 factus
390 1492 601 1552 esseS,
648 1477 708 1536 in
741 1493 862 1552 qua
904 1484 1005 1536 tua
1034 1475 1404 1551 cogitatione
1437 1493 1582 1549 noS‚
1636 1477 1739 1552 qui
1782 1486 1840 1537 te
1870 1480 2078 1539 odera-

17 1579 187 1636 muS,
222 1561 323 1621 vix
356 1562 633 1622 dolorem
664 1560 1043 1633 ferebamuS,
1076 1559 1159 1619 illi
1190 1568 1423 1632 autem,
1465 1560 1689 1635 quibus
1719 1577 1858 1620 eras
1889 1561 1948 1621 in
1981 1564 2085 1623 de·

16 1645 206 1718 liciiS,
239 1645 340 1706 vix
378 1645 567 1705 risum
595 1645 908 1709 tenebant:
941 1645 1053 1705 sed
1078 1661 1331 1719 quaero,
1360 1643 1415 1704 si
1444 1645 1523 1704 ad
1586 1651 1789 1705 cetera
1815 1646 2087 1719 vulnera,

19 1729 242 1805 quibus
271 1746 398 1789 rem
431 1729 735 1805 publicam
758 1728 981 1804 putasti
1007 1727 1226 1804 deleri,
1254 1728 1411 1788 hanc
1441 1744 1693 1804 quoque
1717 1729 2086 1791 mortiferam

20 1814 259 1888 plagam
293 1811 631 1874 inflixisses
651 1821 988 1888 auguratus
1019 1811 1132 1884 tui,
1168 1821 1365 1873 utrum
1398 1812 1756 1873 decreturus
1789 1812 1997 1886 fueris,
2024 1813 2084 1874 id

20 1896 189 1974 quod
228 1913 494 1973 augures
527 1914 744 1958 omnes
781 1913 982 1974 usque
1017 1896 1095 1956 ab
1135 1898 1397 1957 Romulo
1442 1897 1878 1971 decreverunt,
1940 1898 2084 1959 Iove

19 1983 292 2057 fulgente
325 1998 462 2042 cum
495 1984 727 2058 populo
759 1983 856 2059 agi
887 1983 1063 2042 nefas
1094 1997 1268 2054 esse,
1306 1999 1414 2055 an,
1440 1980 1585 2056 quia
1619 1990 1682 2042 tu
1717 1998 1962 2058 semper
1992 1982 2083 2043 sic

17 2064 295 2141 egisseS,
324 2064 602 2141 auspicia
639 2066 827 2127 fueris
856 2083 1052 2142 augur
1079 2066 1537 2126 dissoluturus?

183 2149 284 2207 IX.
349 2147 451 2210 21.
515 2151 608 2209 Ac
651 2166 728 2209 ne
772 2149 997 2211 diutius
1037 2150 1261 2223 loquar
1289 2151 1368 2210 de
1397 2157 1697 2224 auguratu
1727 2159 1863 2221 tuo,
1915 2150 2085 2225 quod

17 2231 247 2293 invitus
295 2232 451 2292 facio
495 2240 563 2293 ut
602 2234 890 2306 recorder
930 2233 1139 2294 ruinas
1179 2233 1268 2293 rei
1312 2231 1623 2308 publicae:
1680 2249 1883 2308 neque
1922 2232 2084 2292 enim

19 2327 84 2378 tu
113 2333 403 2391 umquam
451 2324 651 2378 stante
693 2334 814 2377 non
856 2318 1039 2378 modo
1085 2316 1401 2378 maiestate
1446 2316 1694 2389 horum,
1747 2316 1861 2378 sed
1903 2316 2083 2377 etiam

20 2400 170 2462 urbe
199 2407 257 2461 te
285 2417 579 2477 augurem
613 2402 744 2461 fore
778 2401 1034 2477 putasti=
1096 2417 1307 2461 verum
1340 2409 1569 2475 tamen,
1616 2410 1683 2463 ut
1709 2401 1949 2461 somnia
1982 2408 2081 2463 tua

19 2483 390 2560 relinquam,
441 2486 521 2545 ad
561 2486 800 2546 scelera
843 2484 1115 2558 veniam,
1160 2486 1312 2546 volo
1359 2484 1446 2547 uti
1487 2483 1632 2544 mihi
1666 2484 2083 2559 respondease

23 2584 209 2643 quum
240 2568 320 2627 M.
349 2569 632 2630 Bibulum
663 2563 1012 2640 consulem,
1035 2567 1174 2630 'non
1208 2568 1409 2629 dicam
1441 2569 1597 2629 bene
1628 2568 1709 2628 de
1739 2584 1805 2627 re
1834 2567 2083 2642 publica
2113 2617 2116 2620 .

19 2651 409 2724 sentientem,
442 2670 520 2713 ne
554 2661 619 2715 tu
648 2652 792 2713 mihi
823 2653 1007 2714 homo
1039 2661 1260 2726 potens
1288 2651 1577 2724 irascare,
1613 2650 1718 2725 qui
1742 2651 1821 2710 ab
1850 2667 1926 2711 eo
1958 2650 2082 2711 dis-

18 2734 301 2810 sensisti,
342 2737 455 2796 sed
486 2736 791 2797 hominem
827 2744 992 2797 certe
1024 2751 1328 2811 nusquam
1370 2734 1893 2811 progredientem,
1937 2732 2083 2793 nibil

19 2818 78 2878 in
123 2836 190 2879 re
228 2818 473 2893 publica
513 2819 888 2893 molientem,
940 2828 1170 2880 tantum
1207 2818 1411 2879 animo
1454 2819 1532 2879 ab
1585 2816 1931 2878 actionibus
1961 2815 2081 2878 tuis

17 2900 513 2972 dissentientem,
568 2918 753 2977 quum
785 2920 924 2965 eum
955 2912 1019 2965 tu
1049 2903 1369 2964 consulem
1393 2901 1454 2961 in
1476 2900 1721 2961 vincula
1742 2900 2005 2972 duceres
2021 2910 2083 2963 et

14 2984 96 3045 ab
130 2984 332 3046 tabula
357 2984 606 3047 Valeria
636 2987 906 3063 collegae
942 2986 1025 3049 tui
1054 2985 1204 3049 mitti
1245 2985 1554 3059 iuberent,
1598 2983 1899 3045 fecerisne
1940 2992 2081 3047 ante

16 3078 216 3150 rostra
253 3077 501 3145 pontem
531 3070 894 3134 continuatis
918 3070 1350 3144 tribunalibus,
1382 3085 1493 3145 per
1515 3084 1697 3146 quem
1722 3069 1938 3136 consul
1971 3086 2082 3146 po-

16 3152 144 3227 puli
174 3152 431 3215 Romani
473 3153 1001 3217 moderatissimus
1045 3165 1106 3218 et
1137 3152 1674 3216 constantissimus
1704 3154 1943 3215 sublato
1973 3171 2081 3213 au-

15 3235 194 3310 xilio,
227 3236 498 3299 exclusis
529 3237 777 3313 amicis,
809 3237 866 3299 vi
896 3238 1274 3315 perditorum
1308 3238 1621 3300 hominum
1649 3237 1927 3309 incitata,
1958 3245 2079 3298 tur-

16 3318 272 3395 pissimo
306 3320 774 3398 miserrimoque
803 3323 1162 3398 spectaculo
1193 3322 1404 3383 nonin
1451 3338 1793 3394 carcerem,
1840 3320 1953 3380 sed
2000 3319 2081 3377 ad

13 3403 382 3480 supplicium
421 3414 482 3467 et
521 3406 601 3466 ad
644 3423 859 3467 necem
900 3401 1267 3467 duceretur?
1332 3403 1431 3467 22.
1478 3404 1719 3479 Quaero
1755 3418 1899 3462 num
1942 3401 2081 3475 quis

0 3496 155 3548 ante
193 3495 252 3549 te
286 3497 406 3551 tam
440 3488 620 3553 fuerit
648 3488 920 3551 nefarius
953 3487 1057 3564 qui
1089 3488 1152 3549 id
1183 3487 1437 3549 fecerit?
1486 3496 1554 3548 ut
1582 3486 1847 3547 sciamus
1883 3491 2079 3543 utrum

12 3580 284 3633 veterum
318 3572 654 3635 facinorum
686 3570 776 3634 sis
811 3571 1074 3633 imitator
1101 3589 1177 3634 an
1210 3571 1493 3632 inventor
1522 3581 1842 3628 novorum.
1885 3564 2077 3619 Idem·
