2514 3928
361 317 483 379 260
832 316 980 378 PRO
1010 315 1076 375 T.
1105 316 1344 377 ANNIO
1376 316 1669 377 MILONE
1701 315 2004 378 ORATIO.
2360 329 2426 382 36

356 478 617 540 stremo,
664 467 782 528 nisi
810 484 949 529 eum
982 469 1043 528 di
1076 470 1448 530 immortales
1478 467 1536 528 in
1563 485 1696 530 eam
1728 478 1985 530 mentem
2022 469 2426 545 impulissent,

355 561 421 614 ut
454 552 637 612 homo
669 551 1054 613 effeminatus
1099 550 1496 613 fortissimum
1528 553 1721 613 virum
1770 562 2094 621 conaretur
2121 551 2425 627 occidere,

352 633 540 697 hodie
582 651 709 695 rem
744 635 1049 710 publicam
1082 636 1306 696 nullam
1348 636 1670 697 haberetis.
1760 636 1859 696 90.
1901 637 1996 695 An
2033 637 2132 697 ille
2161 645 2425 712 praetor,

355 716 454 779 ille
499 735 644 780 vero
692 720 940 793 consul,
998 718 1050 779 si
1091 719 1276 780 modo
1318 715 1474 779 haec
1515 723 1741 795 templa
1781 728 1966 794 atque
2006 719 2143 795 ipsa
2185 721 2427 783 moenia

353 810 516 864 stare
557 819 631 863 eo
659 803 798 862 vivo
835 813 954 865 tam
982 803 1087 862 diu
1126 810 1187 862 et
1221 803 1602 863 consulatum
1639 804 1772 863 eius
1801 813 2164 878 exspectare
2194 805 2430 878 potuis-

355 895 522 958 sent,
568 886 667 946 ille
700 887 964 960 denique
993 884 1174 946 vivus
1204 886 1345 944 mali
1382 885 1526 946 nihil
1559 886 1823 959 fecisset,
1862 886 1965 961 qui
1997 894 2269 948 mortuus
2304 906 2428 950 uno

353 985 432 1030 ex
463 969 594 1031 suis
619 968 979 1030 satellitibus
1005 961 1165 1050 [Sex.
1192 966 1429 1064 Clodio]
1451 970 1608 1029 duce
1636 967 1862 1030 curiam
1889 969 2265 1032 incenderit?
2296 972 2428 1046 Quo

355 1052 503 1127 quid
530 1051 834 1124 miserius,
871 1052 1019 1128 quid
1037 1050 1339 1120 acerbius,
1369 1051 1514 1128 quid
1546 1051 1886 1114 luctuosius
1919 1052 2226 1115 vidimus?
2252 1054 2427 1115 Tem-

355 1137 523 1212 plum
558 1134 913 1209 sanctitatis,
944 1134 1398 1211 amplitudinis,
1427 1136 1665 1210 mentiS,
1698 1136 1935 1198 consilii
1965 1137 2210 1212 publici,
2243 1150 2431 1215 capnt

353 1219 554 1293 urbis,
583 1236 750 1279 aram
779 1218 1117 1293 sociorum,
1176 1228 1418 1294 portum
1462 1219 1730 1280 omnium
1768 1221 2065 1295 gentium,
2093 1220 2311 1282 sedem
2351 1224 2431 1282 ab

353 1303 645 1365 universo
671 1304 902 1379 populo
929 1300 1293 1365 concessam
1329 1301 1431 1363 uni
1465 1303 1680 1377 ordini,
1711 1302 2092 1377 inflammari,
2127 1303 2431 1378 exscindi,

355 1386 689 1449 funestari?
731 1404 934 1464 neque
972 1388 1035 1447 id
1062 1385 1194 1448 fieri
1222 1402 1260 1446 a
1291 1385 1669 1448 multitudine
1699 1385 2007 1461 imperita,
2056 1403 2433 1464 quamquam

355 1479 524 1533 essct
545 1469 833 1533 miserum
866 1471 927 1531 id
933 1470 1193 1554 ipsum,
1235 1471 1348 1530 sed
1372 1469 1449 1530 ab
1478 1478 1647 1531 uuo?
1694 1469 1804 1545 Qui
1846 1487 2033 1546 quum
2061 1478 2298 1533 tantum
2328 1489 2434 1534 au-

354 1572 463 1617 sus
498 1553 578 1616 stt
599 1565 771 1618 ustor
805 1572 918 1653 pro
962 1563 1231 1627 mortuo,
1273 1552 1419 1629 quid
1458 1553 1711 1628 signiter
1754 1570 1867 1629 pro
1910 1553 2052 1615 vivo
2097 1571 2220 1615 non
2265 1570 2436 1617 esset

354 1640 670 1701 aususrln
696 1638 925 1700 curiam
958 1636 1344 1713 potissimum
1377 1636 1617 1708 abiecit,
1652 1647 1718 1698 ut
1746 1655 1879 1697 eam
1916 1647 2192 1700 mortuus
2222 1636 2435 1700 incen-

355 1723 555 1795 deret,
589 1738 769 1795 quam
814 1720 997 1782 vivus
1039 1729 1358 1781 everterat.
1441 1719 1544 1782 91.
1576 1722 1649 1781 Et
1677 1728 1815 1781 sunt
1853 1719 1959 1797 qui
1992 1721 2071 1782 de
2099 1722 2197 1781 via
2224 1724 2433 1799 Appia

356 1812 705 1880 querantur,
740 1811 979 1866 taceant
1008 1806 1087 1864 de
1116 1802 1302 1874 curia,
1332 1811 1393 1864 et
1426 1803 1528 1879 qui
1558 1803 1637 1864 ab
1672 1820 1747 1864 eo
1779 1803 2052 1880 spirante
2083 1806 2287 1865 rorum
2326 1824 2414 1882 pu

353 1895 480 1949 tent
521 1886 801 1962 potuisse
859 1885 1136 1958 defendi,
1196 1887 1371 1947 cuius
1415 1904 1535 1948 non
1567 1885 1855 1949 restiterit
1896 1886 2183 1948 cadaveri
2224 1889 2434 1950 curia!

357 1970 660 2044 Excitate,
705 1970 967 2033 excitate
997 1970 1230 2047 ipsum,
1269 1972 1322 2031 si
1351 1971 1648 2047 potestis,
1696 1971 2029 2034 amortuis.
2112 1971 2436 2048 Frangetis

360 2055 648 2130 impetum
681 2054 823 2129 vivi,
860 2053 1036 2117 cuius
1072 2056 1173 2115 vix
1199 2053 1513 2116 sustinetis
1546 2054 1732 2116 furias
1758 2054 2089 2131 insepulti?
2118 2053 2250 2114 Nisi
2289 2072 2437 2117 vero

356 2137 733 2201 sustinuistis
764 2155 895 2212 eoS,
926 2137 1030 2216 qui
1060 2155 1197 2199 cum
1231 2136 1466 2199 lacibus
1489 2140 1568 2199 ad
1591 2136 1820 2199 curiam
1844 2146 2262 2211 cucurrerunt,
2288 2156 2439 2204 cum

356 2223 611 2283 falcibus
654 2222 736 2283 ad
770 2220 1058 2295 CastoriS,
1095 2238 1232 2282 curn
1264 2220 1482 2296 gladiis
1513 2229 1640 2282 toto
1670 2222 1803 2283 t'oro
1843 2221 2186 2284 volitarunt.
2250 2223 2442 2285 Caedi

357 2303 601 2366 vidistis
665 2306 959 2380 populum
998 2306 1368 2375 Romanum,
1412 2303 1763 2366 contionem
1819 2304 2039 2381 gladiis
2081 2303 2443 2376 disturbari,

355 2403 542 2464 quum
565 2387 877 2449 audiretur
905 2387 1144 2450 silentio
1174 2387 1257 2447 Μ.
1290 2386 1561 2461 CaeliuS,
1591 2387 1868 2450 tribunus
1900 2386 2126 2464 plebis,
2156 2387 2256 2447 vir
2285 2398 2355 2449 et
2391 2389 2445 2448 in

351 2488 421 2532 re
470 2470 713 2547 publica
754 2470 1125 2547 fortissimus
1169 2478 1229 2532 et
1269 2470 1328 2531 in
1378 2478 1667 2547 suscepta
1709 2488 1899 2533 causa
1941 2469 2345 2533 firmissimus
2395 2482 2448 2531 et

351 2557 652 2618 bonorum
701 2555 992 2617 voluntati
1043 2564 1103 2616 et
1146 2553 1485 2616 auctoritati
1536 2563 1786 2615 senatus
1826 2552 2070 2616 deditus
2113 2562 2174 2615 et
2217 2552 2288 2615 in
2334 2556 2449 2616 hac

352 2638 601 2701 Milonis
633 2637 767 2699 sive
794 2638 1023 2700 invidia
1055 2637 1188 2699 sive
1223 2639 1465 2705 fortuna
1504 2637 1795 2713 singulari
1838 2637 2044 2698 divina
2085 2636 2450 2700 etincredi·

352 2722 458 2784 bili
489 2723 632 2784 fide.

477 2808 744 2866 XXXIV.
778 2805 878 2867 92.
915 2805 1040 2866 Sed
1070 2806 1186 2865 iam
1218 2804 1368 2866 satis
1402 2806 1589 2867 multa
1619 2807 1697 2865 dc
1728 2821 1944 2865 causa=
1977 2813 2147 2867 extra
2183 2820 2455 2866 causam

354 2887 537 2950 etiam
580 2888 761 2949 nimis
811 2891 1076 2950 fortasse
1120 2889 1323 2948 multa.
1412 2888 1566 2962 Quid
1601 2895 1789 2949 restat
1818 2887 1935 2949 nisi
1966 2896 2033 2949 ut
2060 2902 2233 2948 orem
2276 2890 2457 2951 obte-

356 2979 609 3047 sterque
633 2989 765 3045 vos,
789 2970 1047 3044 iudiceS,
1070 2980 1138 3032 ut
1158 2986 1295 3030 eam
1310 2969 1791 3033 misericordiam
1806 2969 2084 3033 tribuatis
2098 2970 2459 3034 fortissimo

356 3052 527 3126 viro,
565 3049 747 3146 quam
775 3056 912 3129 ipse
943 3069 1065 3113 non
1096 3053 1409 3129 implorat,
1441 3071 1556 3130 ego
1596 3053 1775 3117 etiam
1803 3062 2187 3131 repugnante
2220 3054 2368 3117 hoc
2406 3066 2463 3118 et

351 3134 615 3212 imploro
645 3143 705 3198 et
719 3123 1057 3211 exposco?
1075 3136 1290 3208 Nolite,
1322 3137 1377 3199 si
1405 3138 1463 3198 in
1495 3146 1707 3200 nostro
1741 3139 2006 3204 omnium
2036 3138 2187 3200 fletu
2208 3140 2462 3200 nullam

354 3220 666 3281 lacrimam
697 3218 1033 3295 aspexistis
1062 3218 1340 3295 Milonis,
1388 3221 1441 3283 si
1493 3223 1721 3284 vultum
1754 3238 1998 3298 semper
2028 3223 2366 3295 eumdem,
2416 3224 2465 3283 si

355 3319 602 3376 vocem,
654 3302 708 3364 si
740 3301 1074 3365 orationem
1108 3305 1386 3365 stabilem
1430 3321 1505 3366 ac
1535 3322 1654 3366 non
1686 3314 1974 3368 mutatam
2018 3305 2285 3380 videtis,
2339 3307 2465 3368 hoc

351 3386 554 3448 minus
585 3385 643 3448 ei
676 3402 958 3462 parcerez
1002 3388 1167 3449 haud
1207 3387 1340 3449 scio
1383 3406 1460 3449 an
1503 3389 1690 3450 multo
1737 3389 1815 3450 sit
1843 3391 2034 3452 etiam
2050 3388 2463 3451 adiuvandus

352 3469 571 3546 magis.
656 3469 892 3532 Etenim
950 3469 1004 3531 si
1044 3470 1103 3532 in
1152 3470 1527 3546 gladiatoriis
1587 3472 1810 3547 pugnis
1856 3483 1916 3535 et
1955 3472 2148 3534 infimi
2190 3473 2464 3549 generis

354 3554 665 3616 hominum
706 3553 1070 3617 condicione
1115 3562 1302 3632 atque
1332 3556 1572 3616 fortuna
1618 3555 1861 3616 timidos
1902 3565 2085 3633 atque
2116 3556 2489 3634 supplices*
