2514 3928
88 252 162 317 a
765 242 1151 307 CAP.1—-2.
1187 248 1241 308 s.
1277 251 1371 302 1-
1415 252 1470 305 6.
2030 242 2147 308 301

91 395 210 455 bat.
294 393 353 456 3.
405 394 559 454 Num
604 391 708 467 qui
739 393 988 453 exsules
1024 391 1326 453 restituti?
1366 393 1564 454 Unum
1593 393 1808 469 aiebat,
1840 403 2155 470 praeterea

90 475 407 538 neminem.
509 476 663 535 Num
719 474 1128 536 immunitates
1169 476 1391 536 datae?
1439 476 1676 550 Nullae,
1721 480 2155 554 respondebat.

90 559 398 621 Adsentiri
428 558 607 619 etiam
632 574 745 619 nos
863 575 910 618 r.
943 557 1245 634 Sulpici0,
1280 558 1618 620 clarissimo
1656 559 1804 634 viro,
1842 563 2049 637 voluit,
2080 580 2158 625 ne

87 661 212 720 qua
243 642 445 703 tabula
475 649 619 717 post
645 641 757 702 Idu
917 641 1063 702 rtias
1103 640 1285 709 ullius
1328 641 1557 703 decreti
1588 642 1865 712 Caesaris
1905 653 2014 706 aut
2052 647 2156 708 be-

86 725 290 786 neficii
323 725 626 800 figeretur.
653 797 656 800 ι
710 725 899 786 Multa
932 733 1249 800 praetereo
1283 741 1481 800 eaque
1508 727 1846 809 praeclara.
1907 729 2008 788 Ad
2037 729 2157 789 sin-

84 810 296 886 gulare
331 808 491 869 enim
520 809 600 868 Μ.
636 809 886 871 Antonii
926 809 1147 871 factum
1173 807 1440 870 *festinat
1469 807 1682 870 oratio.
1770 809 2157 884 Dictaturam,

86 908 247 968 quae
279 891 396 952 iam
434 893 552 953 vim
584 891 790 968 regiae
819 894 1142 975 potestatis
1166 892 1513 968 obsederat,
1551 892 1822 954 funditus
1845 910 1922 954 ex
1958 910 2025 955 re
2050 911 2158 970 pu·

85 975 245 1036 blica
266 975 540 1041 sustulit:
571 977 649 1037 de
670 993 793 1050 qua
813 992 891 1036 ne
913 975 1247 1038 sententias
1273 976 1520 1051 quidem
1538 975 1823 1038 diximus.
1855 976 2160 1054 Scriptum

85 1067 338 1120 senalus
381 1061 722 1121 consultum
768 1061 933 1134 quod
975 1058 1108 1119 fieri
1137 1060 1319 1120 vellet
1345 1060 1568 1130 attulit,
1617 1078 1738 1135 quo
1769 1060 2022 1123 recitato
2054 1077 2158 1122 au·

85 1142 425 1211 ctoritatem
467 1143 600 1211 eius
639 1158 875 1202 summo
909 1141 1125 1202 istudio
1170 1141 1365 1202 secuti
1405 1159 1616 1203 sumus
1646 1143 1829 1218 eique
1855 1143 2159 1220 amplissi-

85 1224 201 1284 mis
234 1225 439 1284 verbis
477 1241 587 1300 per
614 1233 864 1284 senatus
895 1225 1239 1285 consultum
1268 1225 1493 1298 gratias
1525 1226 1778 1300 egimus.
1839 1229 1910 1287 11.
1940 1226 1999 1288 4.
2029 1229 2160 1288 Lux

86 1309 393 1382 quaedam
427 1306 746 1367 videbatur
776 1307 978 1366 oblata
999 1322 1129 1365 non
1163 1307 1347 1367 modo
1377 1324 1600 1381 regno,
1633 1311 1797 1383 quod
1829 1313 2157 1384 pertulera-

84 1407 255 1463 muS,
294 1389 616 1450 sedetiam
647 1389 819 1464 regni
851 1388 1065 1450 timore
1094 1390 1366 1460 sublato,
1398 1406 1803 1465 magnumque
1834 1392 2054 1467 pignus
2084 1393 2161 1452 ab

81 1490 162 1535 eo
191 1471 281 1533 rei
312 1471 595 1548 publicae
625 1473 850 1544 datum,
882 1471 1233 1533 se-liberam
1265 1470 1568 1533 civitatem
1601 1488 1743 1532 esse
1768 1474 1939 1548 velle,
1979 1492 2164 1550 quum

79 1554 403 1618 dictatoris
429 1571 649 1617 nomen
668 1601 683 1630 ,
719 1555 885 1630 quod
911 1571 1103 1630 saepe
1139 1554 1364 1619 iustum
1392 1554 1634 1628 fuisset,
1667 1562 1918 1630 propter
1947 1573 2161 1632 perpe-

81 1650 228 1701 tuae
273 1638 609 1700 dictaturae
645 1646 953 1700 recentem
996 1638 1349 1698 memoriam
1388 1637 1660 1699 sunditus
1704 1655 1784 1699 ex
1816 1655 1887 1699 re
1918 1639 2166 1715 publica

79 1714 457 1785 sustulisset.
530 1721 588 1781 5.
623 1722 942 1783 Liberatus
977 1720 1249 1797 periculo
1283 1720 1494 1783 caedis
1522 1722 1737 1797 paucis
1769 1732 1912 1797 post
1946 1721 2166 1784 diebus

78 1814 590 1869 senatuseuncus
619 1804 921 1881 impactus
949 1813 1046 1865 est
1078 1803 1331 1878 fugitivo
1398 1805 1512 1874 illi,
1561 1804 1665 1878 qui
1709 1804 1776 1862 in·
1798 1804 1974 1865 Marii
2058 1823 2164 1867 no-

77 1905 222 1950 rnen
253 1889 583 1950 invaserat.
640 1892 845 1964 Atque
880 1889 1033 1959 haec
1063 1886 1267 1948 omnia
1296 1888 1691 1948 communiter
1725 1904 1861 1949 cum
1898 1889 2163 1964 collega=

77 1973 207 2035 alia
256 1989 440 2048 porro
496 1973 745 2048 propria
787 1973 1168 2032 Dolabellae:
1213 1988 1401 2046 quae,
1457 1970 1576 2032 nisi
1616 1974 1851 2047 collega
1891 1974 2164 2044 afuisset,

76 2057 279 2116 credo
322 2055 397 2115 iis
445 2057 644 2116 futura
698 2054 889 2115 fuisse
932 2053 1292 2116 communia.
1381 2056 1528 2114 Nam
1585 2072 1770 2130 quum
1800 2065 2077 2131 serperet
2104 2054 2165 2115 in

84 2140 311 2201 urbem
336 2136 633 2199 infinitum
665 2139 887 2199 malum
922 2136 1109 2213 idque
1138 2146 1412 2199 manaret
1443 2138 1503 2197 in
1538 2138 1672 2200 dies
1701 2138 1910 2212 latiuS,
1955 2138 2164 2199 iidem·

77 2239 215 2298 que
239 2223 481 2283 bustum
501 2220 563 2281 in
595 2223 727 2282 foro
755 2222 1047 2295 facerent,
1072 2220 1173 2296 qui
1199 2222 1361 2281 illam
1393 2220 1761 2297 insepultam
1792 2224 2168 2297 sepulturam

74 2305 440 2379 effecerant,
467 2313 527 2366 et
550 2303 771 2366 cotidie
800 2304 994 2381 magis
1018 2304 1338 2381 magisque
1363 2304 1581 2380 perditi
1610 2306 1886 2367 homines
1912 2322 2049 2368 cum
2072 2305 2169 2365 sui

74 2389 414 2451 similibus
437 2389 635 2449 servis
696 2387 870 2449 tectis
930 2405 1003 2449 ac
1065 2388 1306 2464 templis
1355 2389 1526 2450 urbis
1580 2388 1982 2464 minarentur,
2031 2387 2168 2450 talis

75 2470 546 2533 animadversio
578 2470 690 2533 fuit
718 2473 1070 2541 Dolabellae
1087 2490 1273 2547 quum
1306 2472 1367 2532 in
1398 2473 1670 2533 audaces
1706 2474 2168 2553 sceleratosque

75 2572 313 2620 servos
354 2563 494 2616 tum
521 2554 581 2615 in
625 2553 899 2631 impuros
942 2566 1002 2616 et
1045 2557 1313 2620 nefarios
1341 2554 1598 2627 liber-OS,
1644 2556 1904 2631 talisque
1927 2553 2167 2616 eversio

72 2639 255 2703 illius
278 2646 640 2708 exsecratae
663 2640 1013 2712 columnae,
1031 2646 1097 2700 ut
1118 2638 1262 2706 mihi
1293 2638 1504 2699 mirum
1537 2637 1815 2700 videatur
1845 2646 1965 2699 tam
1990 2638 2170 2697 valde
2280 2627 2284 2632 ’

67 2724 396 2797 reliquum
430 2730 670 2797 tempus
708 2722 786 2784 ab
821 2720 925 2784 illo
956 2739 1075 2783 uno
1110 2721 1209 2783 die
1238 2722 1637 2802 dissensisse.
1723 2722 1784 2786 6.
1815 2722 1977 2781 Ecce
2010 2719 2169 2781 enim

64 2804 386 2877 Kalendis
418 2804 634 2879 luniiS‚
674 2806 898 2881 quibus
937 2814 1004 2867 ut
1031 2806 1395 2874 adessemus
1423 2804 1998 2882 edixerant‚mutata
2042 2821 2168 2865 om*

67 2891 223 2953 nia=
269 2887 416 2949 nihil
461 2906 575 2964 per
604 2897 911 2964 senatum,
949 2890 1135 2950 multa
1166 2898 1226 2950 et
1261 2905 1478 2964 magna
1508 2905 1618 2964 per
1648 2890 1943 2965 populum
1977 2897 2037 2951 et
2065 2888 2170 2950 ab·

67 2979 271 3037 sente
314 2973 543 3048 populo
581 2979 640 3031 et
667 2971 875 3033 invito.
966 2973 1266 3034 Consules
1301 2971 1600 3048 designati
1632 2974 1934 3049 negabant
1964 2990 2034 3034 se
2064 2989 2168 3033 au·

65 3061 246 3120 dere
285 3052 346 3114 in
390 3063 668 3116 senatum
716 3055 951 3117 venire=
1002 3055 1235 3131 patriae
1282 3056 1640 3118 liberatores
1685 3057 1836 3117 urbe
1884 3057 2172 3117 carebant

66 3159 179 3215 ea,
210 3136 389 3198 cuius
422 3155 459 3199 a
494 3137 838 3200 cervicibus
870 3138 1076 3215 iugum
1108 3138 1334 3201 servile
1363 3140 1743 3203 deiecerant:
1779 3158 1937 3216 quos
1968 3149 2169 3201 tamen

66 3220 214 3301 ipsi
249 3223 537 3284 consules
560 3231 620 3283 et
641 3221 700 3281 in
730 3220 1116 3284 contionibus
1137 3231 1198 3285 et
1225 3221 1287 3282 in
1311 3222 1473 3284 omni
1506 3240 1791 3286 sermone
1825 3224 2154 3284 laudabant
2248 3225 2261 3248 ⁸

75 3304 387 3368 Veterani
436 3304 542 3381 qui
568 3306 1062 3381 appellabantur,
1109 3305 1334 3383 quibus
1379 3306 1477 3367 hic
1520 3309 1675 3368 ordo
1706 3304 2170 3383 diligentissime

66 3395 362 3462 caverat,
388 3404 508 3449 non
532 3390 611 3449 ad
642 3390 1169 3452 conservationem
1195 3406 1402 3452 earum
1426 3407 1647 3465 rerum,
1675 3407 1831 3465 quas
1846 3387 2168 3455 habebant,

66 3471 207 3566 sed
226 3469 305 3529 ad
320 3485 496 3546 spem
517 3487 810 3534 novarum
825 3475 1186 3550 praedarum
1209 3473 1631 3535 incitabantur.
1663 3472 1829 3546 Quae
1855 3485 2038 3545 quum
2067 3484 2169 3526 au-
