2514 3928
256 186 341 248 43
858 186 1002 247 PRO
1034 187 1096 244 P.
1129 186 1395 247 SESTIO
1431 187 1737 248 ORATIO.

258 338 531 397 dicturus
578 336 900 396 videretur.
961 338 1171 413 ltaque
1211 338 1313 398 illa
1343 341 1442 399 via
1469 338 1863 414 latebrosior,
1914 355 2035 415 qua
2078 350 2301 416 specta-

260 431 381 481 tum
414 421 512 480 ille
543 420 854 492 veniebat,
897 421 1099 497 Appia
1132 422 1248 482 iam
1283 424 1632 484 vocabatur.
1692 423 1802 497 Qui
1833 432 2033 484 tamen
2065 441 2317 500 quoquo

260 514 534 582 tempore
582 513 953 581 conspectus
998 514 1156 579 erat,
1197 524 1320 567 non
1365 508 1548 569 modo
1580 506 1981 582 gladiatores,
2029 508 2141 568 sed
2175 508 2317 583 equi

257 588 377 665 ipsi
419 589 819 663 gladiatorum
865 588 1201 664 repentinis
1231 589 1423 651 sibilis
1455 590 1951 652 extimescebam.
2032 588 2173 652 127.
2214 592 2319 651 Vi-

249 674 492 734 detisne
520 672 707 748 igitur
738 672 1035 747 qtiantum
1068 675 1298 733 intersit
1333 671 1495 731 inter
1536 674 1836 747 populum
1878 674 2223 733 Romanum
2269 682 2327 734 et

251 757 643 819 contionem?
700 754 985 818 dominos
1029 755 1387 816 contionum
1429 754 1594 816 omni
1639 755 1782 816 odio
1829 756 2042 832 populi
2088 756 2331 819 notari?

261 843 487 920 quibus
516 850 715 903 autem
750 841 1090 903 consistere
1124 841 1182 902 in
1211 858 1533 916 operarum
1557 840 1943 903 contionibus
1974 859 2094 901 non
2131 841 2322 915 liceat,

259 945 370 990 eos
402 927 563 987 omni
595 924 810 1001 populi
838 924 1095 986 Romani
1126 925 1571 1001 significatione
1602 925 1919 987 decorari?

425 1011 512 1069 Tu
557 1008 701 1069 mihi
745 1009 922 1069 etiam
958 1009 1038 1068 M.
1073 1008 1321 1070 Atilium
1350 1011 1648 1085 Regulum
1698 1026 2169 1083 commemoras,
2217 1011 2318 1084 qui

257 1092 457 1154 redire
487 1092 624 1168 ipse
653 1091 1083 1168 Karthaginem
1120 1109 1232 1154 sua
1263 1095 1572 1154 voluntate
1613 1094 1691 1154 ad
1728 1094 2097 1171 supplicium
2138 1110 2320 1168 quam

259 1176 393 1238 sine
426 1176 500 1236 iis
528 1174 818 1251 captivis,
868 1193 904 1235 a
937 1175 1159 1251 quibus
1190 1177 1268 1236 ad
1302 1185 1578 1238 senatum
1620 1179 1847 1239 missus
1893 1185 2047 1250 erat,
2090 1178 2320 1238 Romae

259 1276 505 1321 manere
535 1259 828 1331 maluerit,
862 1268 923 1320 et
950 1259 1093 1320 mihi
1121 1276 1314 1335 negas
1345 1262 1675 1336 optandum
1702 1263 1960 1322 reditum
1992 1260 2183 1322 fuisse
2213 1278 2322 1336 per

261 1343 517 1405 familias
559 1352 944 1420 comparatas
991 1352 1051 1405 et
1092 1344 1368 1405 homines
1409 1354 1693 1407 armatos.
1754 1346 1874 1405 LX.
1916 1345 2054 1404 Vim
2093 1344 2323 1405 scilicet

257 1445 376 1505 ego
407 1426 785 1502 desideravi,
819 1427 954 1503 qui,
984 1430 1125 1488 dum
1157 1427 1252 1487 vis
1288 1426 1423 1504 fuit,
1454 1428 1598 1490 nihil
1631 1430 1757 1505 egi,
1808 1438 1868 1491 et
1894 1445 2105 1505 quem,
2136 1429 2189 1488 si
2227 1428 2318 1488 vis

254 1535 378 1577 non
411 1517 659 1587 suisset,
693 1517 859 1577 nulla
888 1530 990 1575 res
1022 1515 1395 1581 labefactare
1427 1511 1752 1588 potuisset.
1825 1509 1964 1573 128.
2000 1511 2177 1571 Hunc
2210 1527 2325 1586 ego

254 1602 515 1663 reditum
548 1599 970 1676 repudiarem,
1021 1596 1128 1672 qui
1163 1597 1245 1658 ita
1278 1596 1513 1657 florens
1549 1595 1686 1666 fuit,
1733 1602 1801 1656 ut
1838 1611 2061 1655 verear
2101 1612 2179 1655 ne
2224 1595 2326 1670 qui

262 1705 356 1746 me
387 1675 588 1746 studio
621 1681 850 1758 gloriae
887 1688 1056 1756 putet
1086 1678 1315 1740 idcirco
1346 1678 1569 1752 exisse,
1601 1686 1668 1739 ut
1693 1676 1777 1737 ita
1804 1676 2104 1738 redirem?
2135 1674 2320 1745 Quem

262 1768 422 1831 enim
454 1782 740 1842 umquam
772 1773 1021 1826 senatus
1052 1763 1247 1824 civem
1279 1761 1515 1822 nisime
1538 1761 1885 1823 nationibus
1912 1755 2135 1819 exteris
2160 1770 2321 1814 com·

260 1850 612 1913 mendavit?
652 1850 825 1909 cuius
868 1864 1154 1924 umquam
1200 1853 1450 1922 propter
1478 1848 1733 1907 salutem
1767 1843 1883 1906 nisi
1917 1858 2111 1903 meam
2147 1855 2322 1900 sena-

262 1952 358 1997 tus
405 1933 645 2011 publice
692 1931 880 1994 sociis
929 1930 1140 2010 populi
1168 1929 1427 1992 Romani
1469 1929 1696 2006 gratias
1745 1928 1910 2005 egit?
1949 1928 2038 1988 De
2067 1941 2163 1986 me
2198 1939 2365 1983 uno.

265 2028 468 2098 patres
503 2015 831 2092 conscripti
861 2018 1292 2087 decreverunt,
1325 2024 1421 2088 ut,
1454 2014 1556 2091 qui
1588 2012 1937 2089 provincias
1970 2026 2104 2071 curn
2135 2008 2320 2083 impe·

265 2104 352 2166 rio
388 2101 769 2177 obtinerent,
807 2100 911 2176 qui
956 2109 1317 2177 quaestores
1363 2098 1668 2175 legatique
1698 2104 1937 2170 essent,
1981 2095 2235 2156 salutem
2269 2099 2328 2149 et

264 2188 448 2249 vitam
477 2186 871 2247 custodirent.
933 2187 997 2244 In
1028 2202 1148 2246 una
1182 2199 1320 2243 mea
1349 2199 1537 2243 causa
1570 2190 1710 2258 post
1737 2183 1990 2241 Romam
2022 2176 2327 2238 conditam

266 2276 485 2332 factum
535 2278 629 2330 est
672 2276 739 2330 ut
773 2268 982 2330 litteris
1020 2266 1448 2329 consularibus
1476 2283 1553 2327 ex
1590 2274 1838 2326 senatus
1871 2262 2149 2324 consulto
2183 2275 2326 2320 cun·

263 2365 361 2416 cta
392 2371 471 2413 ex
499 2353 669 2415 Italia
699 2369 910 2412 omnes
944 2351 1048 2428 qui
1078 2368 1203 2413 rem
1243 2351 1543 2427 publicam
1576 2352 1807 2410 salvam
1846 2349 2070 2408 vellent
2098 2358 2326 2404 convo·

264 2447 561 2499 carentur.
623 2437 796 2510 Quod
838 2452 1168 2512 numquam
1198 2443 1449 2495 senatus
1481 2433 1538 2494 in
1570 2434 1899 2494 universae
1927 2430 2016 2491 rei
2046 2426 2330 2504 publicae

267 2522 536 2598 periculo
569 2521 859 2594 decrevit,
889 2520 951 2579 id
982 2522 1038 2580 in
1077 2518 1257 2580 unius
1288 2535 1424 2578 mea
1454 2520 1648 2578 salute
1674 2514 2097 2577 conservanda
2121 2512 2330 2571 decer-

266 2608 532 2668 nendum
571 2604 823 2682 putavit.
885 2605 1073 2678 Quem
1105 2602 1274 2663 curia
1301 2603 1494 2678 magis
1526 2600 1885 2676 requisivit?
1922 2613 2101 2674 quem
2134 2595 2331 2654 forum

268 2692 460 2753 luxit?
516 2708 696 2766 quem
739 2706 939 2764 aeque
986 2688 1121 2765 ipsa
1153 2685 1471 2747 tribunalia
1514 2685 2057 2745 desideraverunt?
2120 2675 2333 2738 Omnia

266 2775 554 2836 discessu
585 2790 723 2835 meo
760 2774 1031 2845 deserta,
1074 2770 1350 2842 horrida,
1393 2777 1589 2842 muta,
1638 2769 1817 2843 plena
1848 2769 2046 2827 luctus
2077 2769 2138 2823 et
2168 2776 2331 2856 mae·

267 2858 424 2919 roris
462 2860 718 2918 fuerunt.
779 2856 924 2930 Quis
954 2864 1050 2917 est
1078 2855 1282 2915 Italiae
1313 2854 1487 2914 locus
1518 2852 1575 2912 in
1611 2869 1733 2928 quo
1775 2869 1897 2912 non
1930 2850 2115 2910 fixum
2152 2844 2231 2904 sit
2272 2860 2330 2939 m

269 2939 527 3017 publicis
557 2939 962 3001 monumentis
992 2938 1261 3000 studium
1293 2936 1505 2998 salutis
1535 2953 1739 3008 meae,
1793 2930 2196 2996 testimonium
2243 2928 2334 2986 dl·

268 3023 553 3101 gnitatis'e

431 3106 580 3167 LXI.
627 3106 766 3168 129.
810 3107 958 3166 Nam
991 3105 1135 3181 quid
1168 3123 1284 3181 ego
1318 3104 1420 3164 illa
1446 3105 1524 3164 de
1554 3121 1649 3163 me
1681 3101 1887 3183 divina
1909 3107 2158 3161 senatus
2190 3111 2335 3191 con:

269 3194 428 3253 suita
458 3206 927 3251 commemorem
947 3197 976 3249 ¹3
1003 3193 1097 3249 vel
1133 3190 1299 3265 quod
1333 3190 1389 3248 in
1416 3188 1638 3262 templo
1663 3185 1825 3247 lovis
1856 3182 2067 3260 optimi
2088 3195 2336 3264 maximi

268 3278 492 3336 sactum
540 3282 664 3349 est,
711 3291 896 3349 quum
941 3273 1035 3333 vir
1061 3272 1144 3346 is,
1181 3273 1285 3349 qui
1316 3271 1641 3347 tripertitas
1674 3269 1839 3331 orbis
1871 3278 2163 3347 terrarum
2194 3278 2370 3328 orasx

268 3369 453 3434 atque
495 3356 782 3433 regiones
831 3357 1022 3419 tribus
1067 3355 1386 3432 triumphis
1417 3354 1733 3415 adiunctas
1765 3352 1908 3413 huic
1940 3346 2197 3428 imperio
2229 3363 2341 3443 no·

268 3442 437 3511 tavit,
462 3442 540 3502 de
568 3440 800 3507 scripto
834 3439 1133 3502 sententia
1161 3440 1323 3501 dicta
1353 3439 1497 3500 mihi
1530 3438 1635 3498 uni
1665 3435 2078 3499 testimonium
2105 3438 2345 3509 patriae
