2514 3928
31 222 102 277 99
433 194 440 201 ’
640 212 805 273 οΑΡ.
835 220 1105 277 25—27.
1149 217 1204 279 s.
1233 219 1500 276 61-67,
1985 211 2110 278 197
2191 212 2194 215 ‘

30 365 255 427 audeat
294 363 502 426 dicere
530 360 715 425 ullius
746 361 806 422 in
839 360 1048 422 Sicilia
1086 372 1481 438 quaesturam
1515 371 1621 425 aut
1650 365 1974 429 clariorem
2004 373 2111 432 aut

29 447 356 523 gratiorem
398 445 613 507 fuisse.
683 446 848 507 Vere
881 444 1229 507 mehercule
1259 447 1379 509 hoe
1408 448 1641 508 dicam=
1678 449 1770 511 sic
1815 459 1941 512 tum
1980 449 2112 510 exi-

29 531 380 602 stimabam,
418 528 566 589 nihil
593 527 871 592 homines
910 529 1079 590 aliud
1106 531 1339 591 Romae
1369 531 1484 592 nisi
1518 533 1596 591 de
1620 543 1951 608 quaestura
1977 550 2115 595 mea

29 614 221 691 loqui.
306 612 611 674 Frumenti
642 612 706 674 in
735 629 974 675 summa
1003 613 1253 675 caritate
1288 615 1613 675 maximum
1656 634 1976 679 numerum
2004 618 2112 680 mi-

32 714 269 759 seram=
320 696 804 772 negotiatoribus
834 696 1060 773 comis,
1088 697 1534 760 mercatoribus
1564 700 1792 775 iustus,
1821 701 2115 777 mancipi-

32 783 151 844 bus
188 780 486 855 liberalis,
515 781 703 844 sociis
731 781 1078 855 abstinenS,
1125 781 1410 845 omnibus
1456 798 1621 843 eram
1655 783 1826 845 visus
1855 786 1914 844 in
1949 783 2115 845 omni

33 865 239 928 officio
271 865 806 942 diligentissimum
837 866 1167 942 excogitati
1197 866 1448 943 quidam
1480 875 1654 928 erant
1680 884 1719 928 a
1748 866 1974 929 Siculis
2003 867 2114 929 ho·

31 967 213 1013 nores
253 949 317 1011 in
360 965 457 1012 me
497 949 770 1012 inauditi.
867 949 969 1013 65.
1005 952 1221 1027 Itaque
1263 952 1379 1012 hac
1425 968 1540 1027 spe
1587 952 1996 1023 decedebam,
2048 959 2117 1013 ut

29 1034 174 1097 mihi
203 1035 499 1110 populum
518 1036 864 1096 Romanum
897 1036 1054 1096 ultro
1085 1035 1290 1097 omnia
1320 1036 1660 1099 delaturum
1690 1046 1988 1112 putarem.
2031 1038 2112 1097 At

29 1135 147 1195 ego
177 1135 365 1195 quum
395 1133 546 1179 casu
576 1117 797 1180 diebus
838 1117 915 1179 iis
946 1117 1177 1178 itineris
1209 1118 1474 1181 faciendi
1504 1136 1695 1182 causa
1734 1122 2045 1182 decedens
2076 1135 2114 1180 e

30 1202 355 1278 provincia,
395 1201 686 1262 Puteolos
731 1203 888 1261 forte
935 1199 1277 1273 venissem,
1322 1220 1507 1276 quum
1541 1203 1781 1278 plurimi
1816 1212 1879 1266 et
1902 1202 2114 1264 lautis·

32 1286 172 1348 simi
203 1285 262 1344 in
294 1284 371 1344 iis
400 1282 558 1343 locis
589 1284 792 1345 solent
817 1298 980 1355 esse,
1010 1283 1252 1343 concidi
1284 1300 1499 1358 paene,
1528 1285 1782 1358 iudices,
1816 1303 2005 1360 quum
2034 1301 2117 1346 ex

32 1384 131 1429 me
159 1365 410 1443 quidam
431 1364 782 1439 quaesisset
804 1380 928 1440 quo
954 1365 1054 1424 die
1078 1366 1274 1426 Roma
1296 1364 1565 1426 exissem
1595 1375 1655 1428 et
1682 1369 2116 1442 numquidnam

31 1459 209 1514 esset
227 1448 392 1511 novi.
410 1448 528 1509 Cui
559 1465 697 1510 cum
723 1449 1211 1525 respondissem,
1241 1464 1339 1509 me
1366 1467 1402 1511 e
1430 1449 1743 1523 provincia
1779 1451 2113 1511 decedet-ez

29 1533 231 1597 Etiam
259 1532 624 1606 mehercule,
660 1531 874 1608 inquit,
903 1541 978 1602 ut,
997 1531 1235 1608 opinor,
1270 1549 1353 1593 ex
1379 1531 1605 1593 Africa.
1690 1533 1928 1592 XXVII.
1961 1533 2118 1593 Huic

30 1636 150 1695 ego
199 1617 322 1680 iam
364 1617 757 1678 stomacharis
797 1616 1148 1678 fastidiose:
1206 1617 1397 1677 Immo
1441 1632 1522 1675 ex
1561 1615 1799 1688 Sicilia,
1843 1616 2114 1692 inquam.

29 1703 182 1764 Tum
206 1701 472 1778 quidam,
502 1702 682 1778 quasi
708 1700 815 1777 qui
840 1699 1043 1763 omnia
1065 1699 1283 1761 sciret=
1327 1699 1527 1775 Quid?
1553 1709 1618 1761 tu
1641 1699 1865 1773 nesciS‚
1902 1699 2113 1776 inquit,

29 1787 197 1850 hunc
229 1794 622 1862 quaestorem
650 1784 983 1864 Syracusis
1015 1783 1254 1845 fuisse?
1296 1783 1456 1859 Quid
1484 1786 1715 1847 multa?
1754 1784 1959 1847 destiti
1989 1791 2115 1846 sto·

33 1869 304 1932 machari
334 1879 394 1932 et
421 1888 519 1932 me
547 1885 734 1931 unum
766 1885 841 1929 ex
871 1868 949 1929 iis
979 1867 1114 1940 feci,
1151 1869 1256 1944 qui
1285 1870 1367 1929 ad
1395 1884 1594 1943 aquas
1626 1870 1961 1930 venissent.

160 1955 262 2015 66.
289 1953 415 2015 Sed
449 1972 524 2015 ea
552 1971 673 2025 ree,
705 1951 962 2026 iudices,
993 1951 1157 2012 haud
1186 1951 1319 2013 scio
1353 1971 1429 2013 an
1454 1954 1595 2029 plus
1625 1952 1772 2014 mihi
1800 1952 2115 2030 profuerit,

35 2052 226 2114 quam
257 2036 311 2097 si
345 2036 490 2096 mihi
517 2045 642 2098 tum
672 2044 884 2097 essent
911 2051 1123 2095 omnes
1152 2036 1452 2112 gratulati.
1493 2038 1643 2098 Nam
1680 2047 1901 2113 postea
1930 2053 2113 2111 quam

39 2118 212 2182 sensi
266 2118 480 2194 populi
526 2118 784 2181 Romani
824 2136 1006 2179 aures
1045 2118 1423 2192 hebetioreS,
1470 2122 1686 2182 oculos
1730 2128 1929 2181 autem
1971 2135 2116 2181 esse

37 2218 218 2265 acres
247 2211 712 2285 atque-aeutoS,
743 2201 947 2264 destiti
977 2203 1124 2279 quid
1157 2205 1235 2265 de
1265 2220 1363 2265 me
1390 2204 1652 2266 audituri
1684 2212 1894 2265 essent
1922 2203 2115 2264 homi·

38 2303 168 2348 nes⁴
187 2285 485 2362 cogitare:
518 2286 636 2349 feci
663 2294 729 2349 ut
754 2295 975 2362 postea
1004 2287 1228 2351 cotidie
1252 2297 1641 2364 praesentem
1673 2304 1768 2349 me
1801 2288 2112 2348 viderent:

38 2369 309 2432 habitavi
338 2372 398 2431 in
433 2371 662 2445 oculis,
697 2370 898 2447 pressi
923 2372 1150 2433 sorum:
1197 2372 1499 2433 neminem
1529 2389 1568 2432 a
1601 2387 1943 2447 congressu
1974 2387 2112 2432 meo

38 2471 244 2530 neque
287 2456 508 2517 ianitor
548 2471 723 2516 meus
769 2472 972 2532 neque
1012 2472 1269 2517 somnus
1300 2455 1643 2517 absterruit.
1729 2455 1968 2531 Ecquid
1994 2468 2113 2529 ego

38 2537 238 2600 dicam
286 2540 366 2600 de
417 2538 736 2615 occupatis
778 2538 931 2599 meis
967 2539 1376 2613 temporibus,
1435 2539 1532 2600 cui
1575 2538 1755 2598 suerit
1792 2554 1870 2597 ne
1926 2536 2115 2598 otium

42 2621 288 2699 quidem
310 2640 596 2699 umquam
630 2623 940 2684 otiosum?
993 2622 1143 2682 Nam
1171 2638 1326 2698 quas
1349 2630 1415 2683 tu
1438 2637 1898 2692 commemoraS,
1924 2619 2117 2691 Cassi,

38 2708 244 2781 {egere
273 2715 334 2767 te
359 2709 560 2769 solere
584 2706 913 2778 orationeS‚
959 2722 1148 2781 quum
1175 2703 1430 2765 otiosus
1465 2706 1552 2765 sis
1568 2750 1584 2778 ,
1613 2705 1725 2764 has
1749 2719 1866 2777 ego
1892 2701 2117 2778 scripsi

37 2787 202 2849 ludis
236 2797 297 2851 et
331 2790 516 2863 feriiS‚
541 2808 620 2852 ne
650 2790 896 2851 omnino
915 2806 1201 2865 umquam
1232 2804 1433 2849 essem
1476 2786 1739 2849 otiosus,
1768 2785 2003 2847 Etenim
2032 2786 2114 2847 M.

38 2872 288 2935 Catonis
322 2872 500 2948 illud,
554 2875 724 2951 quod
765 2873 827 2933 in
871 2872 1175 2949 principio
1224 2872 1473 2947 scripsit
1503 2869 1810 2946 Originum
1846 2886 2113 2944 suarum,

38 2971 289 3032 semper
325 2959 715 3033 magnificum
757 2965 817 3017 et
847 2959 1229 3032 praeclarum
1263 2955 1490 3033 putavi,
1519 2960 1822 3017 clarorum
1852 2958 2117 3017 virorum

36 3047 214 3115 atque
244 3057 598 3115 maqnorum
625 3057 746 3103 non
763 3043 958 3101 ntinus
987 3044 1095 3103 otii
1110 3058 1291 3117 quam
1317 3040 1537 3114 neaotiae'
1562 3044 1852 3103 rationem
1871 3047 2118 3102 exstare

34 3130 322 3199 oportere.
347 3128 565 3202 ltaque
577 3124 832 3198 siquam
847 3121 1044 3183 habeo
1061 3123 1488 3200 laudem,quae
1519 3133 1744 3199 quanta
1772 3123 1855 3185 sit
1880 3123 2115 3193 nescio,

39 3216 212 3283 parta
237 3209 471 3270 Romae
506 3216 631 3282 est,
663 3205 942 3284 quaesita
980 3204 1041 3265 in
1072 3207 1237 3268 soroz
1285 3223 1544 3283 meaque
1581 3208 1820 3305 privata
1860 3205 2119 3267 consilia

38 3290 269 3365 publici
309 3307 562 3367 quoque
590 3307 778 3352 casus
808 3290 1388 3365 comprobaverunt,
1431 3298 1499 3351 ut
1524 3292 1703 3352 etiam
1742 3306 1981 3350 summa
2011 3301 2117 3347 res

40 3374 288 3449 publica
311 3372 456 3435 mihi
490 3374 657 3435 domi
695 3372 877 3435 fuerit
917 3374 1184 3449 gerenda
1233 3383 1296 3435 et
1333 3372 1525 3434 urbs
1510 3391 1569 3434 in
1600 3375 1750 3433 urbe
1784 3367 2115 3430 servanda.

37 3455 144 3521 67.
180 3458 410 3519 Eadem
440 3457 650 3533 igitur,
686 3457 891 3530 Cassi,
922 3454 1023 3518 via
1052 3454 1279 3517 munita
1309 3456 1620 3516 Laterensi
1651 3461 1774 3521 est,
1806 3452 1965 3509 idem
2000 3444 2117 3501 vir·

2386 1058 2514 1137 Β

2383 1130 2399 1169 ο..

2407 1141 2438 1155 i

2370 1548 2514 1813 ‘ultas-‘tt
2373 1160 2514 1500 [sitnm

2371 1824 2401 1971 ‘nu’

2373 2193 2514 2484 „titani-‘l'
2403 2033 2483 2128 tn
2405 1814 2494 1967 mlta

2372 2055 2400 2128 ,¹1¹

2371 2258 2398 2390 :vti

2402 2488 2506 2550 J

2371 2456 2465 2583 ίὶὶίῐ
2391 2409 2396 2416 .

2403 2564 2504 2595 t

2404 2599 2469 2617 l

2374 2719 2502 2902 ,ιἰῑε
2373 2630 2467 2683 υ
