2514 3928
236 268 335 322 117
951 261 1121 321 CAP-
1151 268 1323 324 4-7.
1352 269 1402 329 S.
1436 267 1640 322 8—16.
2173 259 2308 322 215

232 427 441 501 iudici.
498 428 631 502 Qua
658 427 834 508 lege?
869 425 1018 486 Iulia
1043 426 1123 485 de
1144 424 1424 500 pecuniis
1449 427 1828 503 repetundis.
1888 428 2019 503 Quo
2044 427 2124 488 de
2146 428 2304 488 reo?

231 514 313 579 de
338 512 546 585 equite
569 513 868 572 Romano.
922 512 1006 575 At
1025 508 1143 569 iste
1165 508 1321 569 ordo
1347 510 1479 585 lege
1503 527 1578 571 ea
1601 527 1725 573 non
1743 519 2004 573 tenetur.
2053 512 2184 580 1110,
2211 510 2301 571 ina

231 595 384 669 quit.
414 594 632 668 capite,
659 610 775 662 Quo
798 610 878 652 EA
896 608 1148 652 rucuma
1166 607 1556 652 rnavssnmrr.
1587 595 1753 656 Nihil
1764 597 1987 656 audisti
2001 596 2062 655 in
2080 595 2301 655 Postu·

236 694 419 746 mum,
457 694 643 752 quum
666 677 723 737 in
754 675 1072 737 Gabinium
1094 675 1283 739 iudex
1306 692 1500 747 esses,
1540 676 1683 738 nihil
1708 677 1961 739 Gabinio
1987 679 2298 750 damnate,

236 777 429 834 quum
448 761 505 821 in
534 777 672 823 eum
699 759 835 821 lites
852 761 1346 823 aestimarentur.
1390 763 1475 821 At
1494 776 1658 820 nunc
1681 761 1887 821 audio.
1932 763 2100 821 Reus
2119 760 2302 836 igitur

234 842 566 906 Postumus
584 853 681 906 est
702 861 777 905 ea
796 845 813 903 Ι
822 861 952 920 ege,
981 860 1102 919 qua
1116 862 1238 906 non
1256 844 1444 904 modo
1462 843 1618 920 ipse,
1638 845 1753 906 sed
1767 850 1934 905 totus
1949 842 2128 903 etiam
2144 845 2298 904 ordo

227 931 477 991 solutus
500 946 573 991 ac
588 931 743 991 liber
761 937 875 989 est.
919 930 1023 988 VI.
1045 927 1140 989 13.
1163 928 1278 989 Hic
1301 943 1419 1004 ego
1434 945 1598 990 nunc
1613 945 1737 989 non
1759 943 1876 990 vos
1890 927 2064 1005 prius
2086 925 2301 1005 implo-

233 1013 406 1081 rabo,
443 1013 685 1088 equites
720 1010 997 1081 Romani,
1036 1028 1299 1086 quorum
1333 1011 1431 1073 ius
1466 1012 1690 1074 iudicio
1726 1018 2076 1089 temptatur,
2117 1027 2300 1085 quam

234 1113 370 1165 vos,
408 1105 763 1166 senatores,
800 1112 1060 1170 quorum
1084 1095 1286 1168 agitur
1307 1095 1465 1157 fides
1499 1096 1560 1156 in
1596 1097 1759 1157 hunc
1783 1096 2097 1159 ordinem:
2134 1110 2295 1169 quae

240 1180 489 1253 quidem
514 1197 703 1254 quum
727 1194 920 1253 saepe
943 1185 1086 1239 ante
1110 1186 1234 1238 tum
1257 1178 1320 1237 in
1345 1178 1463 1241 hac
1482 1179 1620 1254 ipsa
1643 1197 1835 1242 causa
1856 1196 2058 1256 nuper
2079 1186 2177 1239 est
2199 1193 2302 1240 co-

234 1261 423 1335 gnita.
474 1264 623 1325 Nam
641 1277 827 1337 quum
846 1277 881 1320 0
889 1260 1075 1335 ptimo
1093 1268 1154 1320 et
1167 1260 1694 1336 praestantissimo
1711 1266 1988 1332 consule,
2004 1263 2109 1323 Cn.
2124 1264 2301 1322 Pom·

237 1344 401 1418 peio‚
427 1344 506 1404 de
528 1344 645 1404 hac
668 1345 805 1419 ipsa
820 1342 1184 1417 quaestione
1204 1343 1515 1403 referente
1530 1345 1905 1407 exsisterent
1924 1362 2052 1405 non
2072 1346 2297 1413 nullae,

239 1429 356 1487 sed
384 1443 740 1503 perpaucae
763 1434 968 1487 tamen
991 1427 1256 1486 acerbae
1278 1424 1638 1494 sententiae,
1673 1442 1836 1501 quae
1861 1433 2204 1495 censerent,
2237 1434 2306 1486 ut

236 1511 479 1580 tribuni,
496 1520 565 1572 ut
577 1508 894 1587 praefecti,
907 1518 975 1570 ut
987 1509 1243 1581 scribae,
1261 1507 1596 1569 utcomites
1613 1525 1828 1571 omnes
1842 1509 2307 1584 magistratuum

237 1595 378 1669 lege
398 1595 512 1655 hac
530 1602 902 1666 tenerentur,
926 1609 1060 1665 VOS,
1082 1610 1219 1666 VOS,
1244 1591 1512 1668 inquam,
1529 1591 1649 1669 ipsi
1665 1599 1728 1654 et
1744 1600 1998 1654 senatus
2013 1593 2307 1667 frequens

229 1676 467 1751 restitit,
494 1685 569 1749 et,
604 1672 973 1752 quamquam
1001 1684 1123 1738 tum
1153 1682 1405 1751 propter
1435 1677 1754 1736 multorum
1781 1675 2001 1736 delicta
2030 1675 2207 1736 etiam
2232 1679 2310 1738 ad

233 1761 647 1827 innocentium
678 1759 1016 1836 periculum
1052 1766 1296 1834 tempus
1329 1757 1478 1819 iilud
1507 1766 1838 1832 exarserat,
1883 1767 2105 1832 tamen,
2127 1777 2309 1835 quum

234 1847 441 1907 odium
482 1861 608 1910 non
632 1841 1140 1917 restinguamus,
1170 1843 1312 1904 huic
1355 1841 1552 1902 ordini
1593 1842 1793 1916 ignem
1834 1859 2060 1904 novum
2092 1843 2310 1904 subiici

233 1943 354 1991 non
393 1927 645 1994 sivistis.
704 1925 802 1990 14.
831 1928 963 1989 Hoc
994 1930 1197 1987 animo
1228 1926 1408 2001 igitur
1437 1934 1706 1996 senatus.
1761 1925 1946 2001 Quid,
1991 1943 2102 1988 vos
2137 1926 2311 2002 equi-

234 2022 328 2073 tes
358 2010 638 2083 Romani‚
674 2011 817 2085 quid
849 2012 1091 2071 tandem
1122 2010 1272 2071 estis
1301 2011 1532 2091 acturi?
1561 2010 1810 2071 Glaucia
1833 2011 2090 2084 solebat,
2123 2010 2308 2072 homo

230 2096 539 2169 'impuruS‚
582 2095 693 2154 sed
722 2100 919 2154 tamen
951 2100 1194 2166 acutus,
1234 2093 1527 2168 populum
1553 2110 1822 2167 monere,
1863 2102 1957 2163 ut,
1989 2111 2173 2167 quum
2208 2096 2310 2154 lex

235 2177 440 2253 aliqua
469 2176 839 2249 recitaretur,
866 2176 1123 2251 primum
1150 2192 1393 2237 versum
1417 2177 1789 2237 attenderem
1824 2177 1876 2236 si
1907 2184 2076 2238 esset
2103 2192 2308 2236 meu,-

208 2263 370 2331 '‘i-on,
405 2276 644 2332 consur„
673 2275 967 2333 PRAETOR,
997 2276 1303 2320 namsi-En
1329 2276 1620 2335 murrum,
1651 2276 1730 2319 ne
1759 2261 2092 2321 laboraretz
2125 2260 2312 2320 sciret

234 2344 378 2405 nihil
408 2345 486 2404 ad
520 2361 590 2404 se
622 2344 952 2418 pertinere:
988 2344 1078 2403 sin
1112 2351 1309 2404 esset=
1341 2359 1676 2412 omcunour.
1701 2358 1850 2405 ros‘r
1888 2359 2051 2404 nme
2094 2358 2308 2417 mean,

232 2429 469 2488 videret
508 2443 586 2487 ne
628 2444 750 2503 qua
774 2443 934 2489 nova
968 2427 1328 2503 quaestione
1363 2429 1749 2503 adligaretur.
1839 2426 1937 2488 15.
1967 2428 2141 2487 Nunc
2172 2444 2307 2499 VOS,

234 2513 474 2587 equites
505 2511 793 2584 Romani,
842 2511 1060 2571 videte.
1163 2510 1346 2571 Scitis
1386 2528 1484 2571 me
1527 2518 1721 2571 ortum
1766 2527 1805 2570 e,
1839 2509 2052 2570 vobis:
2107 2509 2310 2569 omnia

202 2613 207 2620 ·
236 2597 490 2670 semper
510 2594 787 2656 sensisse
819 2612 929 2669 pro
964 2593 1173 2654 vobis:
1216 2592 1363 2653 nihil
1405 2593 1620 2653 horum
1659 2592 1794 2654 sine
1822 2608 2044 2667 magna
2074 2608 2220 2651 cura
2250 2600 2312 2653 et

236 2695 472 2739 summa
519 2678 766 2739 caritate
810 2677 992 2738 vestri
1035 2677 1267 2737 ordinis
1312 2677 1550 2749 loquor.
1635 2676 1812 2735 Alius
1845 2675 2000 2735 alios
2030 2674 2311 2736 homines

235 2770 297 2823 et
326 2759 593 2835 ordineS‚
629 2777 747 2835 ego
772 2778 889 2822 vos
926 2759 1556 2834 sempercomplexus
1589 2774 1742 2819 sum.
1792 2757 2016 2817 Moneo
2047 2764 2107 2817 et
2135 2773 2309 2831 prae·

236 2846 396 2915 dice,
438 2844 670 2919 integra
698 2861 767 2904 re
790 2860 1099 2919 causaque
1127 2839 1433 2912 denuntio,
1496 2856 1710 2901 omnes
1727 2840 2004 2901 homines
2031 2841 2313 2916 deosque

230 2936 460 2990 test0r=
493 2925 946 3003 dumpotestis,
980 2928 1122 2987 dum
1145 2926 1304 2999 licet,
1338 2924 1659 3000 providete
1687 2941 1765 2983 ne
1796 2923 2101 2985 duriorem
2127 2923 2311 2985 vobis

239 3012 662 3076 condicionem
722 3008 1001 3072 statuatis
1045 3008 1368 3084 ordinique
1419 3015 1624 3069 vestro
1670 3025 1848 3083 quam
1897 3008 2054 3086 serre
2091 3007 2306 3084 possit.

233 3095 460 3170 Serpet
489 3094 608 3154 hoc
636 3095 881 3167 maium,
913 3092 1055 3152 mihi
1090 3092 1336 3163 credite,
1368 3091 1611 3166 longius
1645 3109 1826 3168 quam
1861 3091 2106 3167 putatis.
2176 3092 2310 3149 v11.

237 3176 337 3239 16.
389 3176 817 3240 Potenssssimo
872 3183 934 3236 et
983 3174 1362 3238 nobilissimo
1404 3174 1645 3237 tribuno
1701 3175 1932 3251 piebis,
1970 3175 2049 3234 Μ.
2085 3175 2309 3245 Druse,

239 3263 407 3324 illam
436 3258 500 3320 in
532 3262 884 3333 equestrem
917 3254 1190 3318 ordinem
1223 3254 1650 3329 quaestionem
1686 3256 1933 3318 ferenti:
1967 3272 2024 3317 s1
2060 3272 2198 3324 oms
2227 3270 2318 3316 on-

240 3354 766 3424 amuumcaunAm
789 3354 1088 3397 rsscumAm
1112 3354 1407 3410 camssar,
1431 3346 1646 3413 aperte
1670 3339 1910 3415 equites
1932 3338 2190 3399 Romani
2213 3354 2308 3397 re·

241 3426 545 3504 stiterunt.
602 3423 797 3497 Quid?
830 3422 951 3481 hoc
974 3420 1159 3481 licere
1184 3421 1517 3486 volebant?
1557 3424 1831 3482 minime:
1871 3436 2076 3493 neque
2105 3420 2318 3479 solum·

242 3509 364 3572 boc
378 3525 577 3585 genus
604 3506 902 3583 pecuniae
929 3505 1268 3581 capiendae
1291 3511 1489 3579 turpe,
1515 3498 1631 3563 sed
1647 3502 1828 3561 etiam
1842 3501 2137 3562 nefarium
2165 3514 2320 3555 esse.
