2514 3928
278 211 402 279 148
883 210 964 271 IN
988 210 1056 270 L.
1086 208 1420 273 PISONEM
1448 205 1751 269 ORATIO.
2199 298 2207 307 ,
2306 220 2392 274 50

279 363 530 435 blicam,
577 364 690 425 sed
737 379 814 423 ne
854 363 1064 438 lugere
1095 362 1341 439 quidem
1370 362 1606 433 liceret,
1653 377 1838 437 quum
1874 359 2027 421 civis
2060 359 2146 434 is,
2180 380 2383 437 quem

280 447 380 508 hic
410 448 563 508 ordo
587 445 970 507 adsentiente
983 446 1151 506 Italia
1174 445 1535 521 cunctisque
1563 445 1847 520 gentibus
1863 456 2381 507 conservatorem

282 530 516 606 patriae
545 529 861 604 iudicarat,
892 531 1057 590 nullo
1085 528 1337 602 iudicio,
1367 530 1532 589 nulla
1561 529 1715 603 lege,
1752 530 1917 589 nullo
1949 544 2137 600 more,
2171 531 2379 591 servi-

282 615 365 676 tio
392 622 578 689 atque
607 615 792 675 armis
824 615 1183 689 pelleretur,
1229 630 1353 674 non
1396 612 1593 674 dicam
1642 611 1871 673 auxilio
1911 620 2148 687 vestro,
2194 615 2377 688 quod

284 713 428 758 vere
458 696 599 758 licet
630 697 869 770 dicere,
902 698 1015 758 sed
1046 707 1212 757 certe
1247 695 1523 771 silentio,
1568 705 1689 757 tum
1724 696 1957 756 Romae
1991 695 2186 755 ruisse
2218 713 2378 758 con-

283 784 451 844 sules
484 780 810 857 quisquam
847 780 1259 842 existimabit?
1300 780 1401 841 24.
1444 778 1555 854 Qui
1591 782 1859 841 latrones
1894 778 2101 854 igitur,
2145 780 2201 839 si
2232 779 2378 855 qui-

283 867 422 926 dem
460 881 573 926 vos
604 866 896 925 consules
917 872 948 922 ⁴?
988 863 1093 939 qui
1125 865 1501 938 praedoneS,
1535 862 1641 940 qui
1682 863 1913 935 hosteS,
1949 864 2052 937 qui
2086 863 2375 939 prodito·

284 965 403 1022 reS,
435 948 540 1023 qui
566 947 805 1026 tyranni
835 948 1348 1008 nominabuntur?
1383 948 1483 1007 XI.
1514 948 1797 1021 Magnum
1829 963 2047 1007 nomen
2082 956 2204 1020 est,
2237 964 2374 1007 ma-

284 1050 402 1106 gna
439 1031 715 1106 specieS,
747 1047 968 1106 magna
999 1030 1293 1106 dignitaS,
1324 1047 1545 1106 magna
1573 1031 1862 1092 maiestas
1892 1031 2195 1091 consulis:
2239 1047 2373 1091 non

285 1114 532 1190 capiunt
560 1115 879 1189 angustiae
908 1114 1176 1190 pectoris
1205 1113 1322 1188 tui,
1365 1132 1483 1177 non
1534 1113 1750 1190 recipit
1789 1115 2005 1175 levitas
2049 1113 2195 1187 ista,
2238 1131 2375 1176 non

285 1207 533 1274 egestas
562 1198 774 1258 animi=
814 1215 932 1258 non
964 1197 1286 1259 infirmitas
1319 1197 1546 1274 ingenii
1576 1198 1852 1268 sustinet,
1887 1214 2006 1258 non
2037 1198 2375 1259 insolentia

285 1299 485 1343 rerum
517 1282 922 1342 secundarum
958 1291 1184 1344 tantam
1217 1297 1562 1357 personam,
1592 1290 1715 1343 tam
1739 1298 2007 1357 gravem,
2038 1290 2158 1342 tam
2182 1298 2373 1343 seve--

285 1382 432 1426 ram.
522 1365 804 1441 Seplasia
836 1367 1213 1438 mehercule,
1253 1373 1323 1429 ut
1349 1366 1469 1427 dici
1497 1366 1854 1439 audiebam,
1896 1374 1955 1426 te
1993 1374 2059 1426 ut
2100 1364 2370 1440 primum

283 1449 559 1526 aspexit,
595 1450 967 1525 Campanum
1011 1452 1329 1513 consulem
1356 1450 1720 1526 repudiavit.
1806 1448 2102 1510 Audierat
2134 1449 2373 1511 Decios

281 1534 526 1610 Magios
556 1542 617 1594 et
650 1534 729 1594 de
756 1536 989 1595 Taurea
1033 1535 1137 1596 illo
1164 1533 1427 1596 Vibellio
1474 1534 1708 1610 aliquid
1737 1542 2090 1608 acceperat:
2135 1532 2196 1593 in
2230 1536 2366 1610 qui-

283 1619 399 1679 bus
436 1617 490 1677 si
520 1617 855 1678 moderatio
888 1617 1020 1690 illa,
1068 1634 1228 1693 quae
1263 1617 1323 1676 in
1358 1618 1583 1681 nostris
1617 1620 1775 1680 solet
1804 1633 1948 1678 esse
1979 1617 2366 1691 consulibua,

286 1718 406 1762 non
444 1701 571 1771 fuit,
601 1711 664 1759 at
694 1700 805 1760 fuit
833 1717 1076 1775 pompa,
1109 1699 1219 1761 suit
1246 1701 1511 1776 specieS,
1545 1701 1655 1763 l'uit
1686 1701 1971 1762 incessus
2004 1704 2219 1762 saltem
2251 1701 2366 1763 Se-

288 1783 484 1858 plasia
516 1782 738 1857 dignus
773 1793 834 1843 et
867 1782 1096 1857 Capua.
1181 1783 1285 1844 25.
1317 1783 1638 1846 Gabinium
1670 1785 1940 1861 denique
1972 1784 2026 1846 si
2065 1785 2370 1846 vidissent

285 1864 667 1928 duumvirum
707 1865 895 1926 vestri
928 1866 1011 1926 illi
1044 1869 1444 1943 unguentarii,
1479 1869 1658 1930 citius
1687 1869 2101 1945 agnovissent.
2175 1869 2369 1931 Erant

288 1948 368 2009 illi
399 1947 627 2024 compti
659 1948 861 2026 capilli
895 1958 955 2012 et
984 1951 1301 2013 madentes
1331 1950 1748 2016 cincinnorum
1775 1953 2048 2018 fimbriae
2077 1959 2137 2013 et
2163 1951 2359 2015 fluen-

288 2046 377 2095 tes
420 2042 900 2109 cerussataeque
938 2036 1203 2109 buccae,
1245 2035 1470 2112 dignae
1500 2037 1754 2113 Capua,
1822 2038 1936 2097 sed
1984 2037 2086 2098 illa
2129 2046 2360 2099 vetere.

284 2118 433 2178 Nam
465 2116 620 2176 haee
655 2115 919 2193 quidem,
953 2136 1113 2195 quae
1147 2136 1311 2180 nunc
1345 2129 1468 2194 est,
1503 2120 2136 2196 splendidissimorum
2169 2120 2364 2181 homi·

283 2218 457 2273 num,
522 2199 990 2262 fortissimorum
1055 2203 1362 2277 virorum,
1411 2206 1775 2279 optimorum
1828 2203 2050 2264 civium
2093 2203 2365 2280 mihique

283 2282 790 2346 amicissimorum
847 2285 1227 2347 multitudine
1285 2288 1617 2349 redundat=
1686 2304 1947 2364 quorum
2003 2288 2248 2363 Capuae
2301 2298 2363 2349 te

285 2375 724 2443 praetextatum
758 2385 935 2429 nemo
969 2370 1214 2444 aspexit
1256 2370 1524 2449 quinon
1560 2381 1830 2447 gemeret
1863 2371 2172 2448 desiderio
2206 2372 2358 2432 mei:

284 2450 459 2512 cuius
483 2450 741 2512 consilio
769 2470 952 2527 quum
978 2452 1326 2514 universam
1349 2471 1476 2515 rem
1503 2455 1806 2529 publicam
1830 2463 1954 2516 tum
1979 2455 2139 2515 illam
2164 2456 2360 2529 ipsam

286 2535 493 2596 urbem
527 2535 923 2597 meminerant
948 2553 1091 2598 esse
1123 2546 1447 2598 servatam.
1514 2538 1614 2599 Me
1641 2538 1917 2600 inaurata
1944 2536 2143 2600 statua
2168 2539 2359 2599 dona-

283 2628 444 2681 rant:
479 2635 576 2693 me
609 2627 932 2694 patronum
962 2637 1149 2682 unum
1181 2620 1557 2682 asciverant:
1600 2639 1638 2683 a
1667 2639 1765 2684 me
1797 2639 1867 2684 se
1897 2622 2125 2683 habere
2154 2622 2358 2697 vitam,

284 2708 593 2777 fortunas,
632 2703 860 2765 liberos
888 2702 1335 2766 arbitrabantur
1354 2727 1370 2760 ε
1402 2720 1497 2765 me
1527 2714 1587 2766 et
1613 2715 2001 2780 praesentem
2032 2715 2242 2767 eontra
2271 2706 2357 2766 la·
2421 2739 2431 2747 ·

282 2787 603 2850 trocinium
646 2795 812 2849 tuum
855 2787 985 2850 suis
1028 2787 1293 2870 decretis
1343 2787 1685 2865 legatisque
1726 2790 2126 2851 defenderant
2165 2799 2225 2850 et
2251 2789 2356 2850 ab—

284 2881 518 2934 sentem
551 2871 828 2948 principe
858 2872 962 2932 Cn.
993 2871 1284 2948 Pompeio
1314 2874 1618 2934 referente
1647 2882 1708 2934 et
1737 2874 1813 2934 de
1838 2889 2099 2948 corpore
2136 2871 2224 2932 rei
2244 2890 2356 2948 pu-

281 2953 478 3015 blicae
519 2961 760 3020 tuorum
802 2956 1100 3017 scelerum
1148 2957 1267 3017 tela
1293 2957 1630 3018 revellente
1655 2965 2037 3018 revocarant.
2125 2956 2225 3018 26.
2258 2957 2354 3016 An

282 3045 407 3098 tum
437 3054 576 3098 eras
606 3039 852 3112 consul,
899 3058 1085 3115 quum
1129 3040 1189 3099 in
1225 3039 1455 3101 Palatio
1498 3058 1634 3102 mea
1664 3041 1882 3104 domus
1920 3040 2204 3110 ardebat,
2232 3056 2353 3100 non

282 3136 433 3182 casu
457 3120 687 3196 aliquo,
717 3120 831 3182 sed
857 3121 1100 3197 ignibus
1125 3122 1362 3184 iniectis
1384 3122 1710 3201 instigante
1744 3131 1844 3185 te?
1869 3124 2126 3201 Ecquod
2157 3123 2215 3184 in
2241 3122 2355 3185 hac

279 3205 432 3265 urbe
474 3205 671 3266 maius
716 3221 1005 3281 umquam
1046 3205 1397 3286 *incendium
1440 3207 1551 3270 suit
1585 3208 1682 3269 cui
1722 3224 1842 3269 non
1886 3208 2106 3270 consul
2136 3206 2352 3269 subve-

279 3287 480 3348 nerittt
520 3291 602 3350 At
641 3296 707 3349 tu
745 3287 851 3350 illo
897 3288 1037 3365 ipso
1081 3298 1359 3367 tempore
1401 3293 1567 3368 apud
1609 3308 1856 3353 socrum
1899 3301 2061 3354 tuam
2093 3307 2282 3368 prope
2317 3308 2354 3351 a

283 3371 434 3431 meis
468 3370 747 3445 aedibus,
776 3373 951 3435 cuius
988 3374 1235 3436 domum
1268 3376 1347 3436 ad
1381 3392 1577 3436 meam
1607 3374 1855 3437 domum
1879 3373 2350 3437 exhauriendam

285 3455 684 3530 patefeceras,
721 3456 1020 3530 sedebas,
1052 3474 1174 3519 non
1208 3459 1564 3534 exstinctor,
1593 3459 1705 3520 sed
1736 3467 1952 3520 auctor
1981 3456 2260 3530 incendii,
2294 3468 2354 3520 et
