2514 3928
13 381 78 435 29
606 373 772 433 CAP.
811 381 1067 434 12—15.
1112 379 1164 439 s.
1193 379 1265 434 so
1289 403 1349 413 --
1372 382 1458 435 35.
1956 373 2074 438 127

7 524 335 585 Poenorum
366 524 498 585 iura
531 525 720 585 calles
762 526 847 568 ·-'-
885 523 1225 598 reliqueras
1256 523 1417 585 enim
1449 522 1754 586 civitatem
1782 532 1946 586 tuam
1992 562 2074 573 --

2 614 202 684 neque
228 615 476 671 nostras
507 606 757 684 potuisti
793 608 963 682 leges
994 606 1330 682 inspicere:
1373 609 1548 682 ipsae
1596 607 1755 668 enim
1802 617 1859 668 te
1902 626 1942 668 a
1969 625 2072 670 co-

1 691 264 789 gnitioone
305 709 418 753 sua
460 691 684 752 iudicio
728 689 972 766 publico
1015 691 1432 766 reppulerunt.
1518 690 1622 752 33.
1670 690 1826 765 Quid
1875 692 1985 753 fuit
2013 693 2073 753 in

3 774 317 850 rogatione
346 774 439 850 ea,
473 792 632 851 quae
664 775 742 834 de
769 773 1061 849 Pompeio
1096 790 1134 833 a
1176 773 1369 834 Gellio
1400 782 1461 834 et
1489 791 1527 834 a
1557 775 1815 835 Lentulo
1848 791 2071 837 consu·

0 857 152 920 libus
183 861 303 920 lata
331 868 456 933 est,
511 859 570 918 in
603 875 727 934 quo
775 857 1007 932 aliquid
1051 857 1561 936 [sacrosanctum]
1606 866 1931 932 exceptum
1980 859 2070 919 vi-

0 942 281 1003 deretur?
322 943 584 1004 PrImum
626 941 788 1002 enim
817 938 1283 1002 sacrosanctum
1319 957 1463 1002 essc
1494 939 1640 1000 nihil
1686 949 1908 1016 potest,
1954 942 2074 1004 nisi

0 1027 163 1102 quod
196 1024 463 1113 populus
499 1027 792 1102 plebesve
823 1023 1055 1085 sanxit·
1092 1024 1318 1085 deinde
1350 1023 1703 1091 sanctiones
1732 1027 2073 1086 sacrandae

0 1117 135 1171 sunt
173 1119 278 1171 aut
315 1126 540 1201 genere
582 1109 721 1185 ipso
769 1115 953 1184 atque
995 1107 1404 1170 obtestatione
1451 1108 1536 1186 [et
1578 1108 2069 1188 consecratione]

0 1192 144 1268 legis
173 1202 277 1255 aut
312 1196 541 1268 poena,
576 1210 759 1268 quum
792 1201 974 1268 caput
1003 1191 1166 1266 eius,
1198 1191 1305 1268 qui
1339 1201 1550 1252 contra
1579 1191 1818 1267 fecerit,
1850 1209 2070 1254 conse·

0 1284 214 1337 cratur.
303 1277 459 1350 Quid
498 1276 692 1336 habes
722 1276 901 1349 igitur
934 1274 1152 1336 dicere
1195 1276 1274 1336 de
1305 1275 1602 1336 Gaditano
1653 1276 1904 1337 foedere
1935 1276 2070 1338 eius

0 1356 202 1419 modi?
239 1356 453 1424 Utrum
485 1357 701 1432 capitis
748 1356 1211 1418 consecratione
1245 1375 1322 1418 an
1354 1358 1759 1420 obtestatione
1791 1358 1943 1434 legis
1971 1377 2067 1421 sa-

0 1450 388 1503 crosanctum
399 1448 550 1504 esse
563 1445 894 1509 confirmas
905 1445 934 1503 ἲ
961 1441 1115 1503 Nihil
1130 1443 1376 1505 omnino
1391 1458 1682 1517 umquam
1697 1444 1777 1503 de
1791 1443 1909 1503 isto
1929 1444 2055 1503 foe-

0 1527 145 1584 dere
169 1526 250 1584 ad
275 1529 588 1603 populum,
614 1527 760 1588 nihil
785 1529 863 1587 ad
889 1526 1127 1602 plebem
1156 1528 1339 1588 latum
1362 1543 1503 1589 esse
1525 1525 1698 1587 dico:
1732 1527 1810 1586 de
1834 1526 2059 1601 quibus

0 1608 208 1684 igitur,
240 1610 420 1672 etiam
451 1610 505 1672 si
532 1614 720 1673 latum
754 1619 922 1673 esset
950 1618 1179 1687 [neque
1208 1611 1405 1688 legem
1439 1626 1644 1686 neque
1674 1626 1939 1686 poenam
1972 1611 2057 1670 la·

0 1702 114 1754 tam
145 1691 335 1770 esseJ,
370 1692 446 1754 n'e
478 1694 658 1770 quem
688 1692 883 1755 civem
910 1691 1346 1769 reciperemus,
1378 1701 1576 1755 tamen
1601 1693 1664 1753 id
1686 1700 1871 1767 esset,
1906 1694 2071 1768 quod

0 1774 212 1853 postea
246 1779 512 1853 populus
540 1776 855 1851 iussisset,
898 1782 1124 1852 ratum,
1172 1794 1377 1854 neque
1413 1776 1748 1854 quidquam
1784 1774 1902 1836 illis
1938 1793 2072 1837 ver-

0 1861 102 1934 bis,
135 1877 193 1922 st
217 1877 354 1930 omn
387 1862 856 1923 SAcaosAnca-um
874 1878 1074 1935 Essa'r,
1110 1878 1255 1923 esse
1283 1868 1609 1936 exceptum
1631 1859 1959 1933 videretur,
1993 1860 2070 1924 de

0 1947 93 2023 iis,
163 1962 352 2021 quum
384 1946 652 2021 populus
686 1947 1003 2008 Romanus
1042 1944 1189 2006 nihil
1230 1961 1522 2021 umquam
1573 1943 1851 2018 iusserit,
1896 1943 2069 2020 quid—

0 2045 176 2106 quam
205 2030 404 2091 audes
434 2029 642 2090 dicere
672 2037 1132 2090 sacrosanctum
1176 2028 1414 2089 fuisse?
1452 2030 1584 2088 XV.
1608 2026 1712 2091 34.
1760 2029 1886 2089 Nec
1920 2045 2067 2089 vero

0 2128 138 2173 iaec
170 2112 367 2173 oratio
408 2129 547 2173 mea
574 2113 655 2172 ad
683 2112 1108 2171 infirmandum
1156 2112 1378 2172 foedus
1410 2112 1873 2187 Gaditanorum,
1915 2111 2069 2172 iudi·

0 2211 127 2269 =eS,
154 2194 433 2271 pertinet.
491 2195 707 2269 Neque
737 2192 896 2254 enim
928 2202 1024 2256 est
1066 2210 1267 2254 meum
1309 2204 1520 2256 contra
1561 2195 1657 2256 ius
1687 2194 1916 2271 optime
1945 2211 2069 2255 me-

0 2278 146 2339 ritae
177 2276 461 2351 civitatiS,
494 2276 705 2339 co'ntra
735 2276 1085 2353 opinionem
1119 2276 1467 2351 vetustatiS,
1501 2286 1714 2340 contra
1745 2277 2068 2340 auctorita·

0 2378 110 2422 ;em
152 2371 408 2424 senatus
452 2360 674 2422 dicere.
774 2360 957 2423 Duris
1007 2360 1166 2421 enim
1205 2362 1516 2437 quondam
1558 2361 1933 2437 temporibus
1979 2358 2068 2420 rei

0 2444 268 2519 :ublieae
298 2454 574 2518 nostrae,
622 2462 807 2521 quum
852 2453 1222 2521 praepotens
1269 2453 1427 2506 terra
1455 2444 1729 2522 marique
1756 2446 2065 2521 Karthago

0 2526 132 2589 iixa
161 2530 401 2590 duabus
429 2529 741 2605 Hispaniis
784 2528 924 2591 huic
965 2529 1223 2606 imperio
1266 2529 1606 2592 immineret
1635 2538 1692 2590 et
1725 2547 1911 2605 quum
1943 2530 2067 2589 duo

0 2610 236 2672 'ulmina
256 2612 462 2675 'nostri
496 2612 734 2688 imperii
765 2613 966 2674 subito
995 2613 1053 2673 in
1078 2612 1393 2689 Hispania,
1429 2616 1535 2675 Cn.
1571 2613 1714 2673 etP.
1742 2612 2067 2688 Scipiones

0 2693 271 2757 exstincti
302 2695 706 2769 occidissent,
752 2698 820 2755 L.
849 2696 1118 2757 Marcius
1152 2696 1438 2771 primipili
1469 2694 1746 2758 centurio
1781 2711 1917 2754 cum
1952 2694 2065 2752 Ga-

0 2776 210 2839 iitanis
257 2781 475 2841 foedus
520 2780 706 2841 icisse
749 2778 987 2840 dicitur.
1077 2778 1253 2852 Quod
1301 2797 1488 2853 quum
1522 2777 1719 2851 magis
1752 2777 1874 2836 fide
1903 2775 2067 2836 illius

0 2861 232 2935 ›opuli,
274 2862 501 2925 iustitia
529 2871 770 2937 nostra,
815 2870 1113 2923 vetustate
1155 2860 1424 2935 denique
1465 2860 1602 2936 ipsa
1646 2875 1826 2934 quam
1858 2858 2064 2937 aliquo

0 2944 235 3005 >ablico
275 2945 521 3007 vinculo
563 2945 879 3022 religionis
927 2953 1263 3018 teneretur,
1326 2942 1639 3018 sapientes
1680 2942 1961 3006 homines
2007 2952 2068 3006 et

0 3027 215 3089 ›ublici
248 3028 395 3091 iuris
432 3030 626 3105 periti,
659 3029 956 3104 Gaditani,
982 3031 1063 3092 M.
1097 3028 1331 3105 Lepido
1365 3028 1432 3102 Q.
1465 3026 1673 3089 Catulo
1707 3028 2065 3091 consulibus

0 3130 16 3171 ι
48 3121 269 3174 senatu
305 3114 383 3174 de
414 3114 665 3175 foedere
697 3114 1179 3189 postulaverunt.
1268 3114 1415 3173 Tum
1459 3120 1555 3173 est
1585 3111 1720 3172 cum
1751 3112 2064 3175 Gaditanis

0 3196 210 3256 'oedus
250 3199 346 3257 vel
385 3204 744 3258 renovatum
795 3197 890 3257 vel
932 3199 1142 3259 ictum:
1231 3197 1312 3257 de
1358 3212 1481 3273 quo
1516 3197 1764 3257 foedere
1795 3199 2065 3273 populus

0 3280 299 3341 {omanus
327 3279 690 3341 sententiam
713 3297 835 3340 non
866 3279 1027 3351 tulit,
1076 3279 1181 3355 qui
1221 3278 1461 3341 iniussu
1505 3298 1619 3341 suo
1668 3281 1833 3341 nullo
1879 3289 2059 3356 pacto

0 3367 194 3424 >otest
220 3362 517 3460 religione
548 3361 822 3441 obligari.
901 3362 1127 3425 35.1ta
1155 3363 1455 3424 Gaditana
1484 3363 1718 3436 civitas,
1759 3365 1928 3437 quod
1959 3365 2064 3422 be-

0 3446 223 3507 ieficiis
268 3446 400 3508 suis
449 3464 596 3522 erga
645 3464 774 3508 rem
833 3446 1138 3523 publicam
1191 3456 1462 3508 nostram
1510 3445 1810 3519 consequi
1851 3445 2065 3520 potuit,

0 3530 156 3605 luod
186 3530 614 3605 imperatorum
647 3529 1039 3604 testimoniis,
1079 3531 1244 3606 quod
1278 3537 1611 3600 vetustate,
1656 3528 1822 3600 quod
1852 3526 1917 3596 Q.
1959 3527 2063 3583 ca-

0 3612 107 3687 uli,
138 3613 360 3674 summi
389 3612 519 3686 viri,
548 3615 938 3718 auctoritate,
971 3615 1138 3692 quod
1169 3611 1396 3672 iudicio
1428 3617 1700 3679 senatuS,
1736 3606 1903 3678 quod
1939 3605 2058 3660 roe-

2339 1367 2369 1407 “k
2343 1299 2374 1315 1·

2407 2846 2508 3016 mr
2406 2304 2514 2797 nummu
2407 2143 2512 2239 ιιι
2407 1654 2514 2082 minutam
2381 1233 2514 1604 mannu-
2401 1148 2514 1214 a·
2375 1050 2426 1077 ²
