2514 3928
217 177 302 240 68
475 178 552 235 ΙΝ
593 177 656 235 Ρ.
688 177 1072 236 VATINIUM
1110 176 1415 236 TESTEM
1448 174 2040 237 INTERROGATIO.

220 336 648 411 tempestatem
686 326 778 388 rei
824 328 1138 403 publicae,
1183 327 1506 387 Clodium?
1546 325 1651 402 qui
1686 335 1886 388 tamen
1920 344 2108 402 quum
2145 329 2292 405 iure,

220 429 406 488 quum
450 428 647 486 more,
692 429 877 487 quum
924 402 1223 487 potestate
1256 409 1546 472 iudicium
1578 410 1875 484 impedire
1906 428 2023 471 non
2059 420 2293 486 posset,

216 495 401 556 rediit
441 495 519 554 ad
559 494 722 555 illam
763 495 885 556 vim
923 504 984 556 et
1017 497 1281 556 furorem
1314 511 1492 555 suum
1522 495 1870 568 ducemque
1903 512 1972 554 se
2004 494 2291 557 militibus

218 580 342 641 tuis
385 579 681 655 praebuit.
747 581 814 638 In
849 597 972 655 quo
1004 596 1081 639 ne
1116 579 1264 654 quid
1294 595 1330 637 a
1357 594 1455 638 me
1490 577 1719 637 dictum
1754 577 1811 636 in
1851 585 1909 638 te
1943 578 2150 653 potius
2183 597 2291 655 pu-

222 674 314 723 tes
347 679 528 739 quam
559 664 670 724 abs
705 675 760 723 te
790 679 933 724 esse
965 662 1330 738 quaesitum,
1359 662 1590 721 nullum
1622 678 1781 722 onus
1811 661 2119 736 imponam
2150 663 2293 722 mihi

216 746 578 808 testimonib
631 764 789 822 quae
836 745 980 806 mihi
1014 747 1181 806 brevi
1221 756 1494 821 tempore
1523 761 1603 804 ex
1633 746 1854 804 eodem
1885 746 2002 805 isto
2027 748 2174 807 ,loco
2209 746 2293 805 vi·

213 831 339 891 deo
385 846 528 891 esse
573 830 859 901 dicenda,
907 830 1201 902 servabo,
1248 840 1433 904 teque
1462 845 1585 889 non
1619 845 1899 904 arguam,
1948 830 2090 900 sed,
2134 836 2202 889 ut
2233 829 2292 890 in

216 917 440 976 ceteris
494 916 680 975 rebus
747 913 895 988 feci,
937 913 1188 988 rogabo,
1253 911 1357 977 34.
1390 914 1629 986 Quaero
1660 929 1737 972 ex
1768 923 1858 985 te,
1892 913 2119 987 Vatini,
2149 930 2291 973 num

216 997 359 1073 quis
407 999 466 1057 in
498 997 613 1058 hae
649 995 892 1058 civitate
924 1004 1066 1073 post
1095 996 1309 1058 urbem
1338 994 1646 1059 conditam
1669 995 1931 1057 tribunis
1958 999 2156 1071 plebis
2184 1015 2290 1072 ap-

220 1081 485 1156 pellarit,
531 1097 608 1140 ne
651 1098 897 1141 eausam
941 1081 1217 1141 diceret?
1262 1098 1403 1141 num
1453 1080 1596 1156 quis
1635 1097 1779 1142 reus
1810 1082 1869 1141 in
1908 1081 2163 1141 tribunal
2197 1080 2288 1141 sui

218 1163 592 1240 quaesitoris
624 1164 971 1225 escenderit
998 1181 1264 1240 eumque
1297 1164 1355 1225 vi
1385 1163 1761 1225 deturbarit‘e
1788 1164 2081 1226 subsellia
2110 1164 2288 1224 dissi-

221 1248 420 1324 parit?
446 1266 633 1309 urnas
665 1249 1000 1309 deiecerit?
1029 1266 1137 1310 eas
1167 1248 1435 1324 denique
1466 1265 1682 1310 omnes
1705 1265 1808 1309 res
1831 1249 1890 1308 in
1915 1247 2141 1309 iudicio
2167 1249 2286 1308 dis-

217 1333 523 1393 turbando
557 1333 947 1409 commiserit,
980 1350 1236 1409 quarum
1267 1349 1470 1393 rerum
1501 1336 1691 1394 causa
1720 1332 1946 1394 iudicia
1982 1341 2125 1392 sunt
2146 1349 2290 1392 con-

220 1415 468 1478 stituta?
519 1415 763 1480 sciasne
816 1426 941 1478 tum
989 1417 1224 1493 fugisse
1265 1417 1660 1478 Memmium?
1702 1425 2100 1478 accusatores
2149 1433 2292 1477 esse

220 1509 362 1562 tuos
395 1502 473 1561 de
504 1500 623 1561 tuis
662 1510 1028 1577 tuorumque
1061 1501 1344 1562 manibus
1374 1508 1667 1577 ereptos?
1711 1501 1951 1562 iudices
1983 1501 2289 1576 quaestio-

218 1602 362 1646 num
389 1585 468 1645 de
503 1585 800 1661 proximis
833 1585 1238 1647 tribunalibus
1270 1602 1413 1646 esse
1447 1586 1790 1661 depulsos?
1828 1585 1886 1645 in
1922 1587 2055 1646 foro
2076 1631 2093 1658 ,
2135 1587 2290 1659 luce,

218 1667 603 1743 inspectante
631 1670 862 1745 populo
899 1671 1176 1729 Romano
1211 1669 1669 1744 quaestionem,
1705 1670 2129 1744 magistratuS,
2164 1686 2288 1727 mo-

216 1769 346 1813 rem
379 1750 708 1827 maiorum,
739 1755 929 1828 leges,
959 1752 1218 1826 iudiceS,
1249 1770 1442 1826 reum,
1476 1770 1738 1828 poenam
1770 1770 1913 1813 esse
1948 1754 2291 1814 sublatam?

219 1836 372 1896 haec
407 1834 610 1895 omnia
639 1836 883 1897 sciasne
908 1836 1217 1911 diligentia
1242 1836 1305 1896 C.
1327 1836 1593 1898 Memmii
1618 1836 1879 1912 publicis
1907 1836 2124 1897 tabulis
2146 1851 2290 1897 esse

218 1926 427 1981 notata
454 1927 641 1995 atque
671 1927 932 1982 testata?
978 1923 1183 1997 Atque
1218 1921 1368 1982 illud
1396 1921 1576 1983 etiam
1609 1938 1870 1997 quaero,
1916 1918 2133 2010 quum,
2180 1936 2288 1996 po-

220 2012 355 2065 stea
399 2021 582 2080 quam
627 2021 696 2065 es
740 2008 1114 2080 postulatus,
1161 2023 1240 2066 ex
1269 2005 1577 2081 legatione
1608 2005 1898 2077 redieriS,
1942 2022 2021 2066 ne
2053 2004 2192 2080 quis
2231 2012 2290 2064 te

219 2087 446 2149 iudicia
480 2089 773 2164 defugere
809 2089 1229 2171 arbitraretur,
1263 2098 1479 2165 teque,
1513 2107 1701 2164 quum
1732 2089 1840 2150 tibi
1869 2098 2067 2150 utrum
2099 2089 2289 2148 velles

219 2170 449 2246 liceret,
480 2172 772 2233 dictitaris
803 2161 1051 2235 causam
1083 2174 1289 2235 dicere
1318 2175 1636 2246 maluisse,
1673 2173 1779 2250 qui
1810 2183 2288 2233 consentaneum

218 2256 428 2330 fuerit,
473 2274 661 2332 quum
711 2257 1031 2333 legationis
1064 2257 1343 2334 perfugio
1376 2257 1463 2318 uti
1493 2258 1836 2332 noluisseS,
1878 2255 2289 2332 appellatione

224 2303 676 2415 impro'bissima
708 2349 765 2402 te
793 2342 874 2401 ad.
905 2341 1192 2402 auxilium
1225 2341 1522 2403 nefarium
1557 2341 1957 2417 confugisse?

386 2425 518 2484 XV.
563 2423 665 2486 35.
729 2425 805 2486 Et
848 2425 1135 2501 quoniam
1175 2426 1498 2500 legationis
1544 2435 1684 2487 tuae
1732 2428 1891 2487 sacta
1920 2422 2141 2484 mentio
2173 2430 2286 2493 est,

219 2508 364 2569 volo
407 2508 620 2569 audire
664 2510 742 2569 de
770 2516 830 2569 te
861 2525 985 2586 quo
1017 2510 1264 2570 tandem
1295 2520 1546 2571 senatus
1579 2511 1861 2571 consulto
1893 2510 2129 2583 legatus
2160 2505 2291 2565 sis?

221 2594 311 2654 De
354 2603 531 2668 gestu
571 2592 839 2667 intelligo
892 2594 1040 2668 quid
1081 2595 1501 2669 respondeas·
1544 2603 1648 2655 tua
1683 2596 1848 2667 lege,
1886 2592 2060 2653 dicis,
2124 2591 2287 2650 Esne

220 2677 397 2752 igitur
431 2677 662 2774 patriae
684 2676 1063 2739 certissimus
1090 2677 1437 2752 parricida?
1456 2678 1873 2753 Spectarasne
1895 2677 1974 2743 id,
1987 2682 2054 2736 ut
2084 2684 2288 2748 patres

220 2760 552 2837 conscripti
582 2777 660 2822 ex
688 2778 755 2821 re
786 2748 1031 2838 publica
1061 2761 1333 2821 funditus
1364 2762 1755 2822 tollerentur?
1782 2759 2007 2820 ne‘hoc
2042 2759 2288 2833 quidem

225 2844 465 2904 senatui
493 2844 918 2920 relinquebas,
966 2846 1134 2921 quod
1180 2861 1359 2904 nemo
1395 2862 1683 2920 umquam
1714 2843 1967 2911 ademit,
2011 2852 2079 2903 ut
2109 2841 2291 2916 legati

220 2944 299 2987 ex
345 2928 477 2989 eius
527 2928 758 2988 ordinis
800 2927 1158 2990 auctoritate
1204 2930 1593 3003 legarentur?
1633 2930 1892 2989 Adeone
1935 2926 2043 2987 tibi
2090 2924 2283 2985 sordi-

219 3012 364 3071 dum
399 3010 722 3072 consilium
761 3013 1066 3087 publicum
1099 3011 1295 3073 visum
1328 3022 1445 3084 est,
1509 3014 1668 3073 adeo
1700 3011 1985 3072 adflictus
2016 3017 2286 3080 senatus,

220 3095 376 3154 adeo
421 3094 645 3155 misera
688 3104 747 3156 et
780 3105 1086 3172 prostrata
1116 3113 1216 3156 res
1254 3096 1530 3178 publiea,
1571 3106 1786 3157 utnon
1832 3095 2083 3155 nuntios
2116 3091 2289 3168 pacis

220 3195 293 3238 ac
329 3178 505 3252 belli,
553 3197 672 3239 non
707 3190 1014 3251 oratores,
1059 3198 1177 3241 non
1216 3180 1612 3277 interpretes,
1648 3197 1768 3240 non
1807 3178 2008 3240 bellici
2046 3175 2285 3238 consilii

222 3272 535 3336 auetoreS,
580 3280 701 3324 non
745 3263 1054 3326 ministros
1108 3264 1375 3325 muneris
1408 3262 1801 3339 provincialis
1832 3272 2083 3324 senatus
2118 3276 2288 3320 more

220 3347 515 3430 maiorum
546 3347 817 3424 deligere
850 3355 1107 3424 posset?
1157 3347 1257 3409 36.
1293 3348 1625 3424 Eripueras
1656 3345 1895 3407 senatui
1929 3343 2287 3422 provinciae

220 3431 642 3492 decernendae
674 3442 1055 3508 potestatem,
1088 3433 1472 3509 imperatorIS
1504 3431 1810 3508 deligendi
1842 3430 2150 3500 iudicium,
2182 3444 2278 3488 ae·

2478 153 2487 211 Α.
