2514 3928
362 263 489 326 300
661 263 738 323 IN
769 262 850 322 Μ.
879 261 1284 324 ANTONIUM
1314 261 1597 323 ORATIO
1628 262 2052 323 PHILIPPICA
2078 263 2123 322 1.
2417 276 2451 324 2

361 415 613 478 quaedam
646 414 814 464 oblata
848 415 1138 464 videbatur:
1182 414 1331 464 erecti
1376 422 1517 464 erant
1566 429 1659 479 spe
1695 413 1938 464 libertatis
1974 425 2022 464 et
2065 415 2154 464 otii
2191 415 2458 466 bonorum

366 484 546 534 animi:
597 483 869 533 constituta
922 497 1004 531 res
1044 481 1250 547 publica
1299 483 1585 546 putabatur.
1669 481 1771 532 Sed
1802 483 1906 532 cito
1938 481 2029 532 ille
2063 483 2458 534 simulationem

366 551 571 601 sustulit
604 551 786 613 suique
818 549 997 600 similis
1032 550 1176 601 visus
1210 557 1305 604 est.
1378 549 1559 601 Habito
1593 551 1728 599 enim
1765 550 2007 600 Kalendis
2040 551 2203 600 Iuniis
2243 562 2457 613 senatu,

365 635 465 680 pon
501 635 616 669 eum
664 634 813 682 quem
853 627 1001 668 antea
1060 619 1134 687 de·
1161 634 1217 669 re
1249 619 1449 683 publica
1497 633 1701 668 sensnm
1750 633 1842 668 nec
1895 619 2215 683 superiorum
2252 621 2456 670 dierum

365 689 491 738 actis
529 689 922 738 consentientem
960 686 1266 737 voluntatem
1305 687 1538 736 ostendit.
1613 686 1747 736 Nihil
1787 687 1967 737 deinde
2003 688 2069 737 ad
2105 695 2356 738 senatum
2383 705 2457 740 re-

367 756 587 807 ferebat:
617 771 710 822 per
745 757 1009 822 populum,
1046 757 1100 806 id
1131 763 1225 815 est,
1262 771 1356 822 per
1383 755 1602 806 infimam
1641 755 2302 820 corruptamqueffplebem
2339 772 2460 808 con·

368 832 554 891 tempta
580 824 881 891 amplissimi
919 824 1112 875 ordinis
1138 825 1466 883 auctoritate,
1494 824 1678 889 agebat
1700 826 1870 874 omnia
1904 832 2075 875 contra
2099 832 2320 875 senatus
2339 840 2460 876 con·

363 895 569 954 sultnm,
603 895 740 957 quod
772 896 881 959 ipse
908 893 1013 943 lieri
1039 892 1280 951 voluerat,
1316 892 1516 942 tabulas
1536 892 1744 957 figebat,
1781 893 2189 943 civitatem”imn
2202 893 2458 944 unitates-

366 978 463 1025 que
497 964 678 1022 dabat,
728 961 931 1012 exsules
966 960 1266 1015 reducebat:
1303 975 1464 1023 eaque
1499 975 1555 1010 se
1594 961 1757 1010 faeere
1787 961 1956 1010 omnia
1982 961 2185 1011 dicebat
2220 977 2295 1011 ex
2329 961 2457 1028 legi·
2513 998 2514 1019 l

364 1032 459 1080 bus
487 1030 715 1080 Caesaris
760 1039 848 1080 aut
892 1045 955 1080 ex
995 1029 1105 1078 eius
1136 1030 1530 1084 commentariis.
1603 1029 1732 1078 Tum
1769 1027 1963 1089 Cicero,
2001 1028 2276 1094 desperata
2309 1044 2454 1095 pror-

366 1113 455 1148 sus
493 1098 711 1148 Antonio
750 1097 959 1148 consule
1002 1095 1285 1154 libertate,
1312 1098 1487 1147 urbem
1524 1097 1742 1160 reliquit,
1777 1098 1827 1147 in
1863 1095 2131 1148 Graeciam
2171 1098 2367 1164 iturus,
2400 1112 2455 1148 ea

365 1175 547 1230 mente,
585 1174 640 1215 ut
674 1166 911 1217 Kalendis
942 1167 1208 1232 Ianuariis,
1247 1182 1347 1229 quo
1383 1167 1464 1217 die
1499 1167 1664 1216 Pansa
1694 1174 1744 1215 et
1767 1166 1957 1217 Hirtius
1994 1165 2321 1215 consulatum
2362 1167 2455 1216 ini-

365 1235 460 1283 turi
490 1241 648 1295 erant,
687 1236 906 1286 adesset.
977 1234 1082 1285 Nec
1117 1242 1284 1285 tamen
1324 1236 1421 1285 iter
1459 1234 1586 1287 illud
1620 1233 1855 1288 absolvit.
1934 1234 2062 1283 Nam
2096 1234 2454 1300 Leucopetrao

364 1303 578 1354 adversa
604 1312 902 1369 tempestate
923 1305 1174 1368 detentus,
1211 1305 1276 1354 ab
1312 1305 1395 1366 iis,
1431 1303 1519 1366 qui
1557 1303 1621 1353 ab
1658 1304 1783 1353 urbe
1810 1308 2068 1366 venerant,
2090 1310 2140 1353 et
2161 1305 2453 1353 contionem

363 1373 562 1438 accepit
594 1372 823 1434 Antonii,
861 1388 1011 1436 quam
1025 1371 1180 1427 valde
1205 1373 1459 1438 probavit,
1483 1379 1533 1422 et
1568 1370 1670 1421 alia
1702 1373 1960 1438 cognovit,
1986 1370 2123 1421 unde
2161 1372 2454 1422 revertendi
2512 1376 2514 1445 j

364 1441 629 1492 consilium
662 1443 814 1507 cepit.
857 1444 977 1492 Post
1009 1443 1347 1492 reversionem
1384 1457 1412 1492 e
1449 1442 1530 1491 via
1555 1439 1822 1506 languens,
1860 1441 1914 1489 in
1932 1447 2186 1504 senatum,
2235 1442 2333 1504 qui
2360 1441 2453 1491 Ka·
2512 1456 2514 1507 g

365 1510 527 1560 lendis
565 1510 733 1577 Sept„
767 1519 822 1560 ut
850 1511 983 1561 Phil.
1025 1511 1089 1565 V.
1127 1511 1342 1576 legitur,
1385 1511 1438 1560 in
1491 1510 1618 1560 aede
1645 1508 1957 1560 Concordiae
1985 1506 2315 1574 habebatur,
2356 1523 2451 1558 uon
2512 1530 2514 1593 1

365 1579 519 1629 venit.
559 1579 668 1639 Quo
700 1580 921 1646 graviter
954 1588 1238 1630 commotus
1274 1580 1545 1642 Antonius,
1580 1577 1751 1627 fabros
1771 1593 1826 1627 se
1859 1578 2129 1627 missurum
2157 1585 2209 1626 et
2241 1578 2451 1630 domum
2512 1608 2514 1659 Ι

365 1648 476 1698 eius
518 1644 911 1700 disturbaturum
972 1649 1209 1699 audiente
1267 1656 1445 1699 senatu
1482 1647 1630 1701 dixit.
1700 1646 1968 1709 Postridie,
2000 1647 2057 1696 id
2089 1653 2186 1704 est,
2224 1646 2319 1697 lv.
2354 1645 2449 1697 No·
2494 1666 2514 1725 ,4

367 1730 458 1766 nas
514 1715 687 1782 Sept.,
739 1714 913 1768 Cicero
967 1719 1020 1767 in
1064 1723 1295 1766 senatum
1357 1716 1492 1767 venit
1526 1716 1732 1766 absente
1766 1714 1987 1766 Antonio
2024 1722 2075 1764 et
2103 1713 2272 1779 hanc,
2326 1729 2451 1778 quas
2512 1738 2514 1805 ἱ

366 1784 494 1835 infra
521 1784 723 1850 legitur,
763 1786 1017 1835 oraionem
1054 1783 1249 1835 habuit.

498 1952 541 2012 1.
587 1950 643 2014 1.
688 1952 849 2013 Ante
880 1970 1062 2029 quam
1096 1952 1173 2013 de
1197 1968 1264 2011 re
1290 1951 1565 2028 publica,
1611 1958 1816 2027 patres
1854 1947 2223 2026 conscripti,
2251 1948 2430 2013 dicar
2510 1971 2514 2028 ι

371 2054 471 2111 ea,
506 2052 665 2113 quae
694 2037 955 2097 dicenda
990 2037 1108 2098 hoc
1142 2045 1417 2110 ternpore
1450 2034 1728 2107 arbitror,
1760 2051 2067 2110 exponam
2100 2032 2289 2094 vobis
2321 2036 2448 2096 bre-
2512 2030 2514 2052 '

368 2119 522 2182 viter
544 2118 863 2182 consilium
889 2128 949 2182 ct
974 2117 1374 2195 profectionis
1398 2128 1458 2181 et
1480 2117 1853 2201 reversionis
1878 2134 2068 2179 meae.
2099 2118 2234 2192 Ego
2264 2134 2453 2193 quum

369 2220 680 2280 sperarem
729 2203 1061 2288 aliquando
1101 2205 1181 2264 ad
1220 2211 1489 2264 vestrum
1538 2202 1861 2264 consffium
1901 2199 2456 2278 auctoritatemque

367 2303 495 2346 rem
552 2285 853 2362 publicam
895 2302 1039 2362 esse
1082 2295 1461 2361 revocatam,
1520 2287 1885 2347 manendum
1919 2282 2064 2346 mihi
2106 2286 2455 2346 statuebam

370 2367 551 2445 quasi
600 2367 659 2428 in
708 2367 915 2444 vigilia
959 2371 1222 2445 quadam
1270 2368 1576 2431 consulari
1618 2386 1692 2430 ac
1730 2368 2054 2440 senatoria.
2142 2368 2274 2428 Nec
2310 2384 2455 2430 vero

370 2468 631 2528 usquam
675 2450 1067 2522 discedebam
1117 2470 1230 2514 nec
1273 2470 1310 2513 a
1343 2469 1411 2514 re
1454 2451 1696 2529 publica
1728 2450 2084 2514 deiiciebam
2115 2452 2347 2513 oculos
2383 2468 2455 2513 ex

370 2554 445 2597 eo
478 2536 597 2610 die,
637 2553 761 2613 quo
793 2537 850 2595 in
882 2538 1096 2598 aedem
1131 2535 1388 2599 Telluris
1424 2534 1748 2599 convocati
1779 2553 2012 2597 sumus.
2057 2535 2121 2594 in
2150 2550 2279 2609 quo
2308 2543 2453 2598 tem·
2513 2591 2514 2594 ,

371 2621 492 2697 plo,
518 2619 890 2699 quantumin
925 2637 1021 2682 me
1045 2619 1178 2697 suit,
1205 2619 1322 2682 ieci
1348 2621 1737 2681 fundamenta
1761 2619 1932 2695 pacis
1956 2616 2451 2680 Atheniensium·

373 2721 494 2780 que
523 2703 819 2767 renovavi
851 2713 1031 2767 vetus
1055 2705 1436 2781 exemplum:
1467 2704 1763 2765 Graecum
1794 2702 1972 2765 etiam
1996 2702 2253 2763 verbum
2276 2719 2453 2762 usur·

373 2786 544 2864 pavi,
578 2807 701 2865 quo
735 2798 855 2851 turn
891 2788 949 2849 in
986 2789 1282 2852 sedandis
1311 2787 1643 2850 discordiis
1675 2804 1789 2848 usa
1819 2795 1949 2847 erat
1977 2783 2194 2847 civitas
2220 2782 2342 2848 illa
2372 2793 2458 2846 at-

374 2889 495 2946 que
534 2888 774 2934 omnem
819 2873 1171 2935 memoriam
1215 2871 1662 2935 discordiarum
1719 2868 2031 2932 oblivione
2073 2866 2453 2943 sempiterna

372 2954 694 3016 delendam
718 2956 949 3018 censui.
1037 2957 1096 3017 2.
1129 2957 1446 3017 Praeclara
1477 2966 1598 3017 tum
1636 2952 1828 3016 oratio
1859 2952 1940 3012 M.
1970 2950 2249 3025 Antonii,
2280 2967 2455 3027 egre·

373 3035 474 3111 gia
502 3038 681 3098 etiam
717 3040 1028 3100 voluntasz
1067 3056 1188 3115 pax
1218 3040 1487 3116 denique
1522 3055 1632 3113 per
1657 3054 1795 3098 eum
1827 3044 1887 3097 et
1916 3051 2029 3112 per
2058 3033 2285 3096 liberos
2321 3035 2456 3095 eius

375 3134 512 3179 cum
544 3120 1088 3194 praestantissimis
1121 3120 1360 3183 civibus
1383 3122 1739 3185 confirmata
1769 3126 1882 3180 est.
1927 3120 2132 3194 Atque
2159 3116 2258 3179 bis
2290 3118 2454 3193 prin-

374 3200 553 3277 cipiis
606 3200 845 3278 reliqua
892 3203 1372 3268 consentiebant.
1468 3206 1565 3267 Ad
1605 3200 2075 3265 deliberationes
2110 3218 2252 3270 eas,
2295 3217 2454 3275 quas

376 3283 639 3344 habebat
680 3284 845 3345 domi
892 3288 970 3346 de
1010 3302 1077 3346 re
1114 3289 1386 3362 publica,
1432 3284 1743 3363 principes
1787 3284 2047 3347 civitatis
2093 3282 2455 3345 adhibebat:

374 3365 453 3425 ad
483 3366 646 3426 hunc
675 3363 950 3429 ordinem
983 3385 1085 3431 res
1116 3372 1377 3447 optimas
1409 3370 1722 3431 deserebat
1748 3391 1763 3425 ε
1800 3367 1947 3429 nihil
1977 3377 2101 3430 tum
2124 3365 2249 3448 ,nisi
2283 3367 2456 3442 quod

375 3455 504 3509 erat
533 3457 741 3511 notum
773 3454 1051 3515 omnibus
1095 3453 1153 3515 in
1189 3454 1250 3516 C.
1287 3453 1566 3516 Caesaris
1609 3445 2058 3515 commentariis
2100 3447 2457 3525 reperieba-

367 3538 489 3591 tur=
523 3550 761 3595 summa
784 3535 1130 3600 constantia
1158 3539 1237 3599 ad
1262 3555 1356 3611 ea,
1389 3553 1547 3614 quae
1582 3534 1862 3613 quaesita
1887 3544 2076 3609 erant,
2105 3533 2461 3609 responde·
