<?xml version="1.0" encoding="UTF-8"?>
<!DOCTYPE html PUBLIC "-//W3C//DTD XHTML 1.0 Transitional//EN"
    "http://www.w3.org/TR/xhtml1/DTD/xhtml1-transitional.dtd">
<html xmlns="http://www.w3.org/1999/xhtml" xml:lang="en" lang="en">
 <head>
  <title>
</title>
<meta http-equiv="Content-Type" content="text/html;charset=utf-8" />
  <meta name='ocr-system' content='tesseract 3.04.00' />
  <meta name='ocr-capabilities' content='ocr_page ocr_carea ocr_par ocr_line ocrx_word'/>
</head>
<body>
  <div class='ocr_page' id='page_1' title='image "./scriptaquaemans02cicegoog_0014.png"; bbox 0 0 2514 3928; ppageno 0'>
   <div class='ocr_carea' id='block_1_1' title="bbox 121 99 1527 152">
    <p class='ocr_par' dir='ltr' id='par_1_1' title="bbox 121 99 1527 152">
     <span class='ocr_line' id='line_1_1' title="bbox 121 99 1527 152; baseline 0.001 -1"><span class='ocrx_word' id='word_1_1' title='bbox 121 117 150 151; x_wconf 83' lang='lat' dir='ltr'>x</span> <span class='ocrx_word' id='word_1_2' title='bbox 796 99 1178 152; x_wconf 82' lang='lat' dir='ltr'><strong>PROOEMIUM</strong></span> <span class='ocrx_word' id='word_1_3' title='bbox 1213 100 1469 152; x_wconf 86' lang='lat' dir='ltr'>EDITORI</span> <span class='ocrx_word' id='word_1_4' title='bbox 1473 100 1527 152; x_wconf 87' lang='lat' dir='ltr'>S.</span> 
     </span>
    </p>
   </div>
   <div class='ocr_carea' id='block_1_2' title="bbox 115 236 2264 3407">
    <p class='ocr_par' dir='ltr' id='par_1_2' title="bbox 115 236 2264 3407">
     <span class='ocr_line' id='line_1_2' title="bbox 121 236 2213 302; baseline 0.002 -15"><span class='ocrx_word' id='word_1_5' title='bbox 121 238 231 302; x_wconf 87' lang='lat' dir='ltr'>cepi</span> <span class='ocrx_word' id='word_1_6' title='bbox 258 239 462 287; x_wconf 84' lang='lat' dir='ltr'>maiore.</span> <span class='ocrx_word' id='word_1_7' title='bbox 505 237 629 302; x_wconf 85' lang='lat' dir='ltr'>Cap.</span> <span class='ocrx_word' id='word_1_8' title='bbox 656 236 742 288; x_wconf 90' lang='grc'>51.</span> <span class='ocrx_word' id='word_1_9' title='bbox 768 238 818 299; x_wconf 74' lang='grc'>5.</span> <span class='ocrx_word' id='word_1_10' title='bbox 845 238 958 289; x_wconf 90' lang='grc'><strong>110.</strong></span> <span class='ocrx_word' id='word_1_11' title='bbox 999 252 1064 287; x_wconf 89' lang='lat' dir='ltr'>ne</span> <span class='ocrx_word' id='word_1_12' title='bbox 1096 252 1228 288; x_wconf 89' lang='lat' dir='ltr'>nunc</span> <span class='ocrx_word' id='word_1_13' title='bbox 1251 239 1455 302; x_wconf 85' lang='lat' dir='ltr'>quidem</span> <span class='ocrx_word' id='word_1_14' title='bbox 1480 238 1682 288; x_wconf 87' lang='lat' dir='ltr'>deserui</span> <span class='ocrx_word' id='word_1_15' title='bbox 1705 240 2005 289; x_wconf 84' lang='lat' dir='ltr'>sententiam</span> <span class='ocrx_word' id='word_1_16' title='bbox 2027 254 2213 301; x_wconf 82' lang='lat' dir='ltr'>meam,</span> 
     </span>
     <span class='ocr_line' id='line_1_3' title="bbox 120 305 2215 374; baseline 0.003 -20"><span class='ocrx_word' id='word_1_17' title='bbox 120 321 221 368; x_wconf 84' lang='lat' dir='ltr'>qua</span> <span class='ocrx_word' id='word_1_18' title='bbox 253 307 374 355; x_wconf 91' lang='lat' dir='ltr'>olim</span> <span class='ocrx_word' id='word_1_19' title='bbox 405 307 615 370; x_wconf 82' lang='lat' dir='ltr'>scripsi:</span> <span class='ocrx_word' id='word_1_20' title='bbox 653 305 789 356; x_wconf 71' lang='lat' dir='ltr'>Nihil</span> <span class='ocrx_word' id='word_1_21' title='bbox 808 307 1045 357; x_wconf 81' lang='lat' dir='ltr'>iuvabant</span> <span class='ocrx_word' id='word_1_22' title='bbox 1071 316 1408 372; x_wconf 62' lang='lat' dir='ltr'>anagnostae.-</span> <span class='ocrx_word' id='word_1_23' title='bbox 1442 307 1594 357; x_wconf 82' lang='lat' dir='ltr'>libelli</span> <span class='ocrx_word' id='word_1_24' title='bbox 1613 322 1719 372; x_wconf 82' lang='lat' dir='ltr'>pro</span> <span class='ocrx_word' id='word_1_25' title='bbox 1753 309 1864 358; x_wconf 80' lang='lat' dir='ltr'>vino</span> <span class='ocrx_word' id='word_1_26' title='bbox 1890 311 2037 359; x_wconf 84' lang='lat' dir='ltr'>etiam</span> <span class='ocrx_word' id='word_1_27' title='bbox 2056 325 2215 374; x_wconf 76' lang='lat' dir='ltr'>saepe</span> 
     </span>
     <span class='ocr_line' id='line_1_4' title="bbox 120 375 2212 440; baseline 0.003 -17"><span class='ocrx_word' id='word_1_28' title='bbox 120 375 607 440; x_wconf 63' lang='lat' dir='ltr'>oppignerabanlur.</span> <span class='ocrx_word' id='word_1_29' title='bbox 683 376 739 424; x_wconf 87' lang='lat' dir='ltr'>In</span> <span class='ocrx_word' id='word_1_30' title='bbox 782 390 882 437; x_wconf 90' lang='lat' dir='ltr'>quo</span> <span class='ocrx_word' id='word_1_31' title='bbox 928 378 1021 424; x_wconf 88' lang='lat' dir='ltr'>etsi</span> <span class='ocrx_word' id='word_1_32' title='bbox 1069 378 1329 427; x_wconf 86' lang='lat' dir='ltr'>accusavit</span> <span class='ocrx_word' id='word_1_33' title='bbox 1374 375 1629 426; x_wconf 85' lang='lat' dir='ltr'>levitatem</span> <span class='ocrx_word' id='word_1_34' title='bbox 1678 391 1842 426; x_wconf 79' lang='lat' dir='ltr'>meam</span> <span class='ocrx_word' id='word_1_35' title='bbox 1880 376 1934 426; x_wconf 84' lang='lat' dir='ltr'>C.</span> <span class='ocrx_word' id='word_1_36' title='bbox 1972 379 2049 428; x_wconf 86' lang='lat' dir='ltr'>Fr.</span> <span class='ocrx_word' id='word_1_37' title='bbox 2089 379 2212 429; x_wconf 88' lang='lat' dir='ltr'>Her-</span> 
     </span>
     <span class='ocr_line' id='line_1_5' title="bbox 122 443 2212 509; baseline 0.004 -20"><span class='ocrx_word' id='word_1_38' title='bbox 122 459 350 503; x_wconf 56' lang='lat' dir='ltr'>mannum,</span> <span class='ocrx_word' id='word_1_39' title='bbox 388 459 484 509; x_wconf 85' lang='lat' dir='ltr'>ego</span> <span class='ocrx_word' id='word_1_40' title='bbox 511 450 685 494; x_wconf 82' lang='lat' dir='ltr'>tamen</span> <span class='ocrx_word' id='word_1_41' title='bbox 724 443 848 493; x_wconf 87' lang='lat' dir='ltr'>nihil</span> <span class='ocrx_word' id='word_1_42' title='bbox 879 443 995 508; x_wconf 79' lang='lat' dir='ltr'>feci,</span> <span class='ocrx_word' id='word_1_43' title='bbox 1032 445 1169 509; x_wconf 85' lang='lat' dir='ltr'>quod</span> <span class='ocrx_word' id='word_1_44' title='bbox 1203 461 1303 495; x_wconf 89' lang='lat' dir='ltr'>non</span> <span class='ocrx_word' id='word_1_45' title='bbox 1337 445 1453 494; x_wconf 86' lang='lat' dir='ltr'>aliis</span> <span class='ocrx_word' id='word_1_46' title='bbox 1480 460 1679 508; x_wconf 87' lang='lat' dir='ltr'>quoque</span> <span class='ocrx_word' id='word_1_47' title='bbox 1710 445 1834 496; x_wconf 83' lang='lat' dir='ltr'>locis</span> <span class='ocrx_word' id='word_1_48' title='bbox 1863 448 2027 496; x_wconf 86' lang='lat' dir='ltr'>critici</span> <span class='ocrx_word' id='word_1_49' title='bbox 2052 449 2212 498; x_wconf 87' lang='lat' dir='ltr'>secuti</span> 
     </span>
     <span class='ocr_line' id='line_1_6' title="bbox 120 512 2212 576; baseline 0.003 -18"><span class='ocrx_word' id='word_1_50' title='bbox 120 513 236 562; x_wconf 82' lang='lat' dir='ltr'>sint.</span> <span class='ocrx_word' id='word_1_51' title='bbox 289 512 414 562; x_wconf 88' lang='lat' dir='ltr'>Nam</span> <span class='ocrx_word' id='word_1_52' title='bbox 452 528 605 576; x_wconf 89' lang='lat' dir='ltr'>quum</span> <span class='ocrx_word' id='word_1_53' title='bbox 636 514 690 561; x_wconf 87' lang='lat' dir='ltr'>in</span> <span class='ocrx_word' id='word_1_54' title='bbox 719 512 831 563; x_wconf 89' lang='lat' dir='ltr'>cod.</span> <span class='ocrx_word' id='word_1_55' title='bbox 869 513 1030 567; x_wconf 84' lang='lat' dir='ltr'>Paris.</span> <span class='ocrx_word' id='word_1_56' title='bbox 1070 514 1443 564; x_wconf 70' lang='lat' dir='ltr'>A.‘habeatur:</span> <span class='ocrx_word' id='word_1_57' title='bbox 1479 514 1600 564; x_wconf 71' lang='lat' dir='ltr'>nihil</span> <span class='ocrx_word' id='word_1_58' title='bbox 1634 530 1829 565; x_wconf 62' lang='lat' dir='ltr'>sane‘a</span> <span class='ocrx_word' id='word_1_59' title='bbox 1864 523 1914 566; x_wconf 79' lang='lat' dir='ltr'>te</span> <span class='ocrx_word' id='word_1_60' title='bbox 1949 515 2127 576; x_wconf 82' lang='lat' dir='ltr'><strong><em>libelli,</em></strong></span> <span class='ocrx_word' id='word_1_61' title='bbox 2161 519 2212 566; x_wconf 82' lang='lat' dir='ltr'>in</span> 
     </span>
     <span class='ocr_line' id='line_1_7' title="bbox 119 581 2214 648; baseline 0.004 -20"><span class='ocrx_word' id='word_1_62' title='bbox 119 581 331 645; x_wconf 89' lang='lat' dir='ltr'>reliquis</span> <span class='ocrx_word' id='word_1_63' title='bbox 358 581 464 631; x_wconf 79' lang='lat' dir='ltr'>fere</span> <span class='ocrx_word' id='word_1_64' title='bbox 494 581 638 632; x_wconf 85' lang='lat' dir='ltr'>libris</span> <span class='ocrx_word' id='word_1_65' title='bbox 663 582 752 630; x_wconf 85' lang='lat' dir='ltr'>sit:</span> <span class='ocrx_word' id='word_1_66' title='bbox 778 582 898 632; x_wconf 74' lang='lat' dir='ltr'>nihil</span> <span class='ocrx_word' id='word_1_67' title='bbox 922 597 1046 632; x_wconf 81' lang='lat' dir='ltr'>sane</span> <span class='ocrx_word' id='word_1_68' title='bbox 1063 582 1220 634; x_wconf 78' lang='lat' dir='ltr'>Attae</span> <span class='ocrx_word' id='word_1_69' title='bbox 1249 583 1485 633; x_wconf 82' lang='lat' dir='ltr'>iuvabant</span> <span class='ocrx_word' id='word_1_70' title='bbox 1507 590 1835 648; x_wconf 67' lang='lat' dir='ltr'>antiqno-stae,</span> <span class='ocrx_word' id='word_1_71' title='bbox 1865 585 1917 633; x_wconf 91' lang='lat' dir='ltr'>in</span> <span class='ocrx_word' id='word_1_72' title='bbox 1943 585 2069 634; x_wconf 87' lang='lat' dir='ltr'>alio:</span> <span class='ocrx_word' id='word_1_73' title='bbox 2096 586 2214 636; x_wconf 71' lang='lat' dir='ltr'>nihil</span> 
     </span>
     <span class='ocr_line' id='line_1_8' title="bbox 116 650 2214 718; baseline 0.004 -21"><span class='ocrx_word' id='word_1_74' title='bbox 116 665 244 700; x_wconf 77' lang='lat' dir='ltr'>sane</span> <span class='ocrx_word' id='word_1_75' title='bbox 265 658 314 701; x_wconf 83' lang='lat' dir='ltr'>te</span> <span class='ocrx_word' id='word_1_76' title='bbox 341 650 578 701; x_wconf 81' lang='lat' dir='ltr'>iuvabant</span> <span class='ocrx_word' id='word_1_77' title='bbox 604 659 934 715; x_wconf 64' lang='lat' dir='ltr'>anagnostae,</span> <span class='ocrx_word' id='word_1_78' title='bbox 961 651 1088 701; x_wconf 86' lang='lat' dir='ltr'>illud</span> <span class='ocrx_word' id='word_1_79' title='bbox 1116 660 1285 701; x_wconf 82' lang='lat' dir='ltr'>autem</span> <span class='ocrx_word' id='word_1_80' title='bbox 1318 651 1457 702; x_wconf 91' lang='lat' dir='ltr'>nullo</span> <span class='ocrx_word' id='word_1_81' title='bbox 1484 653 1634 703; x_wconf 90' lang='lat' dir='ltr'>modo</span> <span class='ocrx_word' id='word_1_82' title='bbox 1659 652 1876 718; x_wconf 79' lang='lat' dir='ltr'>intelligi</span> <span class='ocrx_word' id='word_1_83' title='bbox 1905 656 2069 718; x_wconf 78' lang='lat' dir='ltr'>possit</span> <span class='ocrx_word' id='word_1_84' title='bbox 2092 655 2214 717; x_wconf 88' lang='lat' dir='ltr'>qnid</span> 
     </span>
     <span class='ocr_line' id='line_1_9' title="bbox 119 719 2214 786; baseline 0.003 -21"><span class='ocrx_word' id='word_1_85' title='bbox 119 719 186 766; x_wconf 84' lang='lat' dir='ltr'>sit</span> <span class='ocrx_word' id='word_1_86' title='bbox 206 720 382 785; x_wconf 79' lang='lat' dir='ltr'>Attae,</span> <span class='ocrx_word' id='word_1_87' title='bbox 407 721 618 770; x_wconf 82' lang='lat' dir='ltr'>minime</span> <span class='ocrx_word' id='word_1_88' title='bbox 642 721 840 770; x_wconf 86' lang='lat' dir='ltr'>videtur</span> <span class='ocrx_word' id='word_1_89' title='bbox 873 719 1206 784; x_wconf 82' lang='lat' dir='ltr'>improbabile</span> <span class='ocrx_word' id='word_1_90' title='bbox 1225 736 1339 770; x_wconf 81' lang='lat' dir='ltr'>esse</span> <span class='ocrx_word' id='word_1_91' title='bbox 1360 722 1458 771; x_wconf 86' lang='lat' dir='ltr'>hoc</span> <span class='ocrx_word' id='word_1_92' title='bbox 1476 729 1715 786; x_wconf 76' lang='lat' dir='ltr'><strong>statuere,</strong></span> <span class='ocrx_word' id='word_1_93' title='bbox 1740 721 1790 770; x_wconf 89' lang='lat' dir='ltr'>in</span> <span class='ocrx_word' id='word_1_94' title='bbox 1825 721 1922 771; x_wconf 90' lang='lat' dir='ltr'>hoc</span> <span class='ocrx_word' id='word_1_95' title='bbox 1951 723 2063 772; x_wconf 91' lang='lat' dir='ltr'>loco</span> <span class='ocrx_word' id='word_1_96' title='bbox 2096 720 2214 772; x_wconf 79' lang='grc' dir='ltr'><em>διτ-</em></span> 
     </span>
     <span class='ocr_line' id='line_1_10' title="bbox 118 786 2216 855; baseline 0.004 -22"><span class='ocrx_word' id='word_1_97' title='bbox 118 786 436 853; x_wconf 79' lang='grc' dir='ltr'><em>τογραφίαν,</em></span> <span class='ocrx_word' id='word_1_98' title='bbox 467 797 720 841; x_wconf 81' lang='lat' dir='ltr'>versatam</span> <span class='ocrx_word' id='word_1_99' title='bbox 739 804 869 849; x_wconf 88' lang='lat' dir='ltr'>esse,</span> <span class='ocrx_word' id='word_1_100' title='bbox 907 804 1005 852; x_wconf 80' lang='lat' dir='ltr'>qua</span> <span class='ocrx_word' id='word_1_101' title='bbox 1034 804 1188 849; x_wconf 88' lang='lat' dir='ltr'>quum</span> <span class='ocrx_word' id='word_1_102' title='bbox 1221 790 1341 840; x_wconf 90' lang='lat' dir='ltr'>olim</span> <span class='ocrx_word' id='word_1_103' title='bbox 1367 791 1611 855; x_wconf 87' lang='lat' dir='ltr'>scriptum</span> <span class='ocrx_word' id='word_1_104' title='bbox 1631 790 1806 840; x_wconf 79' lang='lat' dir='ltr'>fuerit:</span> <span class='ocrx_word' id='word_1_105' title='bbox 1844 790 1966 842; x_wconf 73' lang='lat' dir='ltr'>nihil</span> <span class='ocrx_word' id='word_1_106' title='bbox 1980 792 2216 844; x_wconf 78' lang='lat' dir='ltr'>iuvabant</span> 
     </span>
     <span class='ocr_line' id='line_1_11' title="bbox 119 859 2213 927; baseline 0.004 -24"><span class='ocrx_word' id='word_1_107' title='bbox 119 867 448 924; x_wconf 60' lang='lat' dir='ltr'>anagnostae,</span> <span class='ocrx_word' id='word_1_108' title='bbox 480 874 579 909; x_wconf 87' lang='lat' dir='ltr'>vox</span> <span class='ocrx_word' id='word_1_109' title='bbox 613 865 940 923; x_wconf 69' lang='lat' dir='ltr'>anaynoslae,</span> <span class='ocrx_word' id='word_1_110' title='bbox 975 872 1106 921; x_wconf 86' lang='lat' dir='ltr'>quae</span> <span class='ocrx_word' id='word_1_111' title='bbox 1136 859 1303 908; x_wconf 89' lang='lat' dir='ltr'>minus</span> <span class='ocrx_word' id='word_1_112' title='bbox 1335 860 1522 909; x_wconf 85' lang='lat' dir='ltr'>usitata</span> <span class='ocrx_word' id='word_1_113' title='bbox 1556 868 1680 919; x_wconf 85' lang='lat' dir='ltr'>erat,</span> <span class='ocrx_word' id='word_1_114' title='bbox 1715 861 1950 910; x_wconf 80' lang='lat' dir='ltr'>videatur</span> <span class='ocrx_word' id='word_1_115' title='bbox 1978 871 2213 927; x_wconf 85' lang='lat' dir='ltr'>corrupta</span> 
     </span>
     <span class='ocr_line' id='line_1_12' title="bbox 118 927 2213 994; baseline 0.003 -21"><span class='ocrx_word' id='word_1_116' title='bbox 118 941 234 975; x_wconf 89' lang='lat' dir='ltr'>esse</span> <span class='ocrx_word' id='word_1_117' title='bbox 260 928 322 976; x_wconf 89' lang='lat' dir='ltr'>ab</span> <span class='ocrx_word' id='word_1_118' title='bbox 354 927 589 986; x_wconf 78' lang='lat' dir='ltr'>librariiS,</span> <span class='ocrx_word' id='word_1_119' title='bbox 625 934 681 976; x_wconf 90' lang='lat' dir='ltr'>ut</span> <span class='ocrx_word' id='word_1_120' title='bbox 715 927 834 977; x_wconf 88' lang='lat' dir='ltr'>inde</span> <span class='ocrx_word' id='word_1_121' title='bbox 863 936 1088 977; x_wconf 85' lang='lat' dir='ltr'>oreretur</span> <span class='ocrx_word' id='word_1_122' title='bbox 1109 935 1346 978; x_wconf 81' lang='lat' dir='ltr'>aneatlae</span> <span class='ocrx_word' id='word_1_123' title='bbox 1368 927 1447 978; x_wconf 89' lang='lat' dir='ltr'>vel</span> <span class='ocrx_word' id='word_1_124' title='bbox 1473 944 1598 978; x_wconf 82' lang='lat' dir='ltr'>sane</span> <span class='ocrx_word' id='word_1_125' title='bbox 1624 936 1781 988; x_wconf 79' lang='lat' dir='ltr'>altae,</span> <span class='ocrx_word' id='word_1_126' title='bbox 1811 943 1941 993; x_wconf 84' lang='lat' dir='ltr'>quae</span> <span class='ocrx_word' id='word_1_127' title='bbox 1963 931 2213 994; x_wconf 85' lang='lat' dir='ltr'>scriptura</span> 
     </span>
     <span class='ocr_line' id='line_1_13' title="bbox 120 995 2213 1065; baseline 0.003 -22"><span class='ocrx_word' id='word_1_128' title='bbox 120 1009 275 1054; x_wconf 88' lang='lat' dir='ltr'>quum</span> <span class='ocrx_word' id='word_1_129' title='bbox 315 1011 378 1046; x_wconf 89' lang='lat' dir='ltr'>ex</span> <span class='ocrx_word' id='word_1_130' title='bbox 410 996 618 1045; x_wconf 87' lang='lat' dir='ltr'>meliore</span> <span class='ocrx_word' id='word_1_131' title='bbox 648 995 774 1046; x_wconf 88' lang='lat' dir='ltr'>libro</span> <span class='ocrx_word' id='word_1_132' title='bbox 807 1004 1030 1045; x_wconf 85' lang='lat' dir='ltr'>correcta</span> <span class='ocrx_word' id='word_1_133' title='bbox 1066 997 1137 1046; x_wconf 78' lang='lat' dir='ltr'>ita</span> <span class='ocrx_word' id='word_1_134' title='bbox 1171 1007 1326 1057; x_wconf 87' lang='lat' dir='ltr'>esset,</span> <span class='ocrx_word' id='word_1_135' title='bbox 1364 1005 1417 1046; x_wconf 90' lang='lat' dir='ltr'>ut</span> <span class='ocrx_word' id='word_1_136' title='bbox 1440 1012 1561 1046; x_wconf 85' lang='lat' dir='ltr'>vera</span> <span class='ocrx_word' id='word_1_137' title='bbox 1593 1012 1691 1047; x_wconf 88' lang='lat' dir='ltr'>vox</span> <span class='ocrx_word' id='word_1_138' title='bbox 1717 1006 2025 1065; x_wconf 68' lang='lat' dir='ltr'><strong><em>anagnostae</em></strong></span> <span class='ocrx_word' id='word_1_139' title='bbox 2057 1014 2213 1064; x_wconf 88' lang='lat' dir='ltr'>super</span> 
     </span>
     <span class='ocr_line' id='line_1_14' title="bbox 1866 1069 2212 1133; baseline 0.003 -15"><span class='ocrx_word' id='word_1_140' title='bbox 1866 1069 2212 1133; x_wconf 64' lang='lat' dir='ltr'>*anagnostae</span> 
     </span>
     <span class='ocr_line' id='line_1_15' title="bbox 1356 1133 2163 1202; baseline 0.004 -18"><span class='ocrx_word' id='word_1_141' title='bbox 1356 1135 1477 1185; x_wconf 77' lang='lat' dir='ltr'>nihil</span> <span class='ocrx_word' id='word_1_142' title='bbox 1507 1151 1630 1185; x_wconf 82' lang='lat' dir='ltr'>sane</span> <span class='ocrx_word' id='word_1_143' title='bbox 1665 1133 1869 1186; x_wconf 79' lang='lat' dir='ltr'>Attae*</span> <span class='ocrx_word' id='word_1_144' title='bbox 1904 1139 2163 1202; x_wconf 82' lang='lat' dir='ltr'>iuvabant,</span> 
     </span>
     <span class='ocr_line' id='line_1_16' title="bbox 118 1203 2211 1272; baseline 0.001 -20"><span class='ocrx_word' id='word_1_145' title='bbox 118 1203 270 1254; x_wconf 81' lang='lat' dir='ltr'>facile</span> <span class='ocrx_word' id='word_1_146' title='bbox 308 1204 551 1254; x_wconf 89' lang='lat' dir='ltr'>librorum</span> <span class='ocrx_word' id='word_1_147' title='bbox 602 1206 876 1272; x_wconf 83' lang='lat' dir='ltr'>scriptura:</span> <span class='ocrx_word' id='word_1_148' title='bbox 925 1205 1045 1256; x_wconf 72' lang='lat' dir='ltr'>nihil</span> <span class='ocrx_word' id='word_1_149' title='bbox 1085 1222 1209 1256; x_wconf 78' lang='lat' dir='ltr'>sane</span> <span class='ocrx_word' id='word_1_150' title='bbox 1242 1206 1402 1256; x_wconf 79' lang='lat' dir='ltr'>Attae</span> <span class='ocrx_word' id='word_1_151' title='bbox 1442 1204 1676 1255; x_wconf 81' lang='lat' dir='ltr'>iuvabant</span> <span class='ocrx_word' id='word_1_152' title='bbox 1712 1215 2055 1270; x_wconf 74' lang='lat' dir='ltr'>anaqnostae,</span> <span class='ocrx_word' id='word_1_153' title='bbox 2094 1206 2211 1255; x_wconf 86' lang='lat' dir='ltr'>iude</span> 
     </span>
     <span class='ocr_line' id='line_1_17' title="bbox 119 1275 2212 1341; baseline 0.001 -20"><span class='ocrx_word' id='word_1_154' title='bbox 119 1276 294 1324; x_wconf 81' lang='lat' dir='ltr'>enasci</span> <span class='ocrx_word' id='word_1_155' title='bbox 311 1276 496 1340; x_wconf 89' lang='lat' dir='ltr'>potuit.</span> <span class='ocrx_word' id='word_1_156' title='bbox 522 1275 668 1335; x_wconf 89' lang='lat' dir='ltr'>Quod</span> <span class='ocrx_word' id='word_1_157' title='bbox 680 1278 725 1324; x_wconf 87' lang='lat' dir='ltr'>si</span> <span class='ocrx_word' id='word_1_158' title='bbox 737 1275 857 1326; x_wconf 88' lang='lat' dir='ltr'>aliis</span> <span class='ocrx_word' id='word_1_159' title='bbox 878 1277 1044 1326; x_wconf 81' lang='lat' dir='ltr'>minus</span> <span class='ocrx_word' id='word_1_160' title='bbox 1056 1277 1300 1341; x_wconf 80' lang='lat' dir='ltr'>probatur</span> <span class='ocrx_word' id='word_1_161' title='bbox 1313 1276 1476 1338; x_wconf 87' lang='lat' dir='ltr'>iisque</span> <span class='ocrx_word' id='word_1_162' title='bbox 1495 1289 1588 1325; x_wconf 79' lang='lat' dir='ltr'>sua</span> <span class='ocrx_word' id='word_1_163' title='bbox 1607 1275 1813 1324; x_wconf 85' lang='lat' dir='ltr'>inventa</span> <span class='ocrx_word' id='word_1_164' title='bbox 1832 1277 1995 1340; x_wconf 81' lang='lat' dir='ltr'>magis</span> <span class='ocrx_word' id='word_1_165' title='bbox 2012 1275 2212 1340; x_wconf 78' lang='lat' dir='ltr'><strong>placent</strong></span> 
     </span>
     <span class='ocr_line' id='line_1_18' title="bbox 117 1342 2212 1410; baseline 0.001 -19"><span class='ocrx_word' id='word_1_166' title='bbox 117 1357 271 1405; x_wconf 89' lang='lat' dir='ltr'>quam</span> <span class='ocrx_word' id='word_1_167' title='bbox 292 1359 420 1409; x_wconf 85' lang='lat' dir='ltr'>mea,</span> <span class='ocrx_word' id='word_1_168' title='bbox 446 1344 500 1394; x_wconf 89' lang='lat' dir='ltr'>id</span> <span class='ocrx_word' id='word_1_169' title='bbox 535 1360 632 1410; x_wconf 84' lang='lat' dir='ltr'>ego</span> <span class='ocrx_word' id='word_1_170' title='bbox 655 1361 754 1396; x_wconf 88' lang='lat' dir='ltr'>non</span> <span class='ocrx_word' id='word_1_171' title='bbox 779 1346 1002 1410; x_wconf 87' lang='lat' dir='ltr'>impedio</span> <span class='ocrx_word' id='word_1_172' title='bbox 1021 1372 1090 1380; x_wconf 95' lang='lat'><strong>—</strong></span> <span class='ocrx_word' id='word_1_173' title='bbox 1114 1360 1421 1408; x_wconf 82' lang='lat' dir='ltr'>quamquam</span> <span class='ocrx_word' id='word_1_174' title='bbox 1442 1345 1663 1409; x_wconf 82' lang='lat' dir='ltr'>ingenue</span> <span class='ocrx_word' id='word_1_175' title='bbox 1684 1342 1846 1392; x_wconf 77' lang='lat' dir='ltr'>fateor</span> <span class='ocrx_word' id='word_1_176' title='bbox 1863 1343 2000 1392; x_wconf 89' lang='lat' dir='ltr'>&#39;mihi</span> <span class='ocrx_word' id='word_1_177' title='bbox 2019 1344 2212 1394; x_wconf 82' lang='lat' dir='ltr'>nullam</span> 
     </span>
     <span class='ocr_line' id='line_1_19' title="bbox 121 1410 2215 1477; baseline 0.001 -17"><span class='ocrx_word' id='word_1_178' title='bbox 121 1412 339 1464; x_wconf 83' lang='lat' dir='ltr'>aliorum</span> <span class='ocrx_word' id='word_1_179' title='bbox 375 1415 661 1464; x_wconf 82' lang='lat' dir='ltr'>criticorum</span> <span class='ocrx_word' id='word_1_180' title='bbox 682 1417 1019 1466; x_wconf 88' lang='lat' dir='ltr'>coniecturam</span> <span class='ocrx_word' id='word_1_181' title='bbox 1046 1427 1255 1477; x_wconf 88' lang='lat' dir='ltr'>prorsus</span> <span class='ocrx_word' id='word_1_182' title='bbox 1291 1414 1415 1462; x_wconf 81' lang='lat' dir='ltr'>satis</span> <span class='ocrx_word' id='word_1_183' title='bbox 1452 1413 1733 1473; x_wconf 80' lang='lat' dir='ltr'>fecisse—,</span> <span class='ocrx_word' id='word_1_184' title='bbox 1759 1410 1907 1459; x_wconf 87' lang='lat' dir='ltr'>modo</span> <span class='ocrx_word' id='word_1_185' title='bbox 1933 1425 1994 1458; x_wconf 89' lang='lat' dir='ltr'>ne</span> <span class='ocrx_word' id='word_1_186' title='bbox 2029 1413 2215 1462; x_wconf 88' lang='lat' dir='ltr'>iactent</span> 
     </span>
     <span class='ocr_line' id='line_1_20' title="bbox 119 1479 2217 1545; baseline -0.001 -13"><span class='ocrx_word' id='word_1_187' title='bbox 119 1484 420 1545; x_wconf 82' lang='lat' dir='ltr'>gravitatem</span> <span class='ocrx_word' id='word_1_188' title='bbox 458 1499 602 1533; x_wconf 85' lang='lat' dir='ltr'>suam</span> <span class='ocrx_word' id='word_1_189' title='bbox 633 1485 685 1532; x_wconf 91' lang='lat' dir='ltr'>in</span> <span class='ocrx_word' id='word_1_190' title='bbox 722 1499 800 1542; x_wconf 90' lang='lat' dir='ltr'>eo,</span> <span class='ocrx_word' id='word_1_191' title='bbox 839 1484 890 1531; x_wconf 90' lang='lat' dir='ltr'>in</span> <span class='ocrx_word' id='word_1_192' title='bbox 926 1496 1026 1544; x_wconf 88' lang='lat' dir='ltr'>quo</span> <span class='ocrx_word' id='word_1_193' title='bbox 1055 1496 1216 1543; x_wconf 90' lang='lat' dir='ltr'>neque</span> <span class='ocrx_word' id='word_1_194' title='bbox 1247 1480 1427 1528; x_wconf 86' lang='lat' dir='ltr'>levitas</span> <span class='ocrx_word' id='word_1_195' title='bbox 1453 1494 1617 1540; x_wconf 88' lang='lat' dir='ltr'>neque</span> <span class='ocrx_word' id='word_1_196' title='bbox 1646 1479 1872 1543; x_wconf 82' lang='lat' dir='ltr'>gravitas</span> <span class='ocrx_word' id='word_1_197' title='bbox 1894 1485 2068 1527; x_wconf 88' lang='lat' dir='ltr'>nostra</span> <span class='ocrx_word' id='word_1_198' title='bbox 2097 1495 2217 1544; x_wconf 88' lang='lat' dir='ltr'>per·</span> 
     </span>
     <span class='ocr_line' id='line_1_21' title="bbox 120 1546 2215 1618; baseline 0 -20"><span class='ocrx_word' id='word_1_199' title='bbox 120 1552 253 1615; x_wconf 87' lang='lat' dir='ltr'>spici</span> <span class='ocrx_word' id='word_1_200' title='bbox 290 1562 476 1618; x_wconf 87' lang='lat' dir='ltr'>potest,</span> <span class='ocrx_word' id='word_1_201' title='bbox 514 1553 606 1601; x_wconf 89' lang='lat' dir='ltr'>sed</span> <span class='ocrx_word' id='word_1_202' title='bbox 641 1559 836 1599; x_wconf 85' lang='lat' dir='ltr'>tantum</span> <span class='ocrx_word' id='word_1_203' title='bbox 871 1549 1021 1598; x_wconf 90' lang='lat' dir='ltr'>modo</span> <span class='ocrx_word' id='word_1_204' title='bbox 1058 1549 1341 1596; x_wconf 85' lang='lat' dir='ltr'>coniectura</span> <span class='ocrx_word' id='word_1_205' title='bbox 1371 1547 1604 1596; x_wconf 86' lang='lat' dir='ltr'>ducimur</span> <span class='ocrx_word' id='word_1_206' title='bbox 1634 1546 1701 1595; x_wconf 82' lang='lat' dir='ltr'>ad</span> <span class='ocrx_word' id='word_1_207' title='bbox 1734 1547 1814 1611; x_wconf 91' lang='lat' dir='ltr'>id,</span> <span class='ocrx_word' id='word_1_208' title='bbox 1855 1547 1991 1610; x_wconf 91' lang='lat' dir='ltr'>quod</span> <span class='ocrx_word' id='word_1_209' title='bbox 2024 1550 2215 1612; x_wconf 85' lang='lat' dir='ltr'>proba-</span> 
     </span>
     <span class='ocr_line' id='line_1_22' title="bbox 118 1615 2213 1682; baseline 0.001 -16"><span class='ocrx_word' id='word_1_210' title='bbox 118 1620 221 1669; x_wconf 84' lang='lat' dir='ltr'>bile</span> <span class='ocrx_word' id='word_1_211' title='bbox 258 1637 372 1671; x_wconf 87' lang='lat' dir='ltr'>esse</span> <span class='ocrx_word' id='word_1_212' title='bbox 407 1621 652 1670; x_wconf 83' lang='lat' dir='ltr'>videatur.</span> <span class='ocrx_word' id='word_1_213' title='bbox 727 1617 900 1667; x_wconf 82' lang='lat' dir='ltr'>Paullo</span> <span class='ocrx_word' id='word_1_214' title='bbox 936 1627 1052 1682; x_wconf 83' lang='lat' dir='ltr'>post</span> <span class='ocrx_word' id='word_1_215' title='bbox 1091 1615 1277 1664; x_wconf 91' lang='lat' dir='ltr'>retinui</span> <span class='ocrx_word' id='word_1_216' title='bbox 1307 1616 1419 1665; x_wconf 88' lang='lat' dir='ltr'>cod.</span> <span class='ocrx_word' id='word_1_217' title='bbox 1456 1630 1563 1680; x_wconf 82' lang='lat' dir='ltr'>reg.</span> <span class='ocrx_word' id='word_1_218' title='bbox 1602 1615 1763 1665; x_wconf 75' lang='lat' dir='ltr'>PariS.</span> <span class='ocrx_word' id='word_1_219' title='bbox 1804 1616 1869 1667; x_wconf 86' lang='lat' dir='ltr'>A.</span> <span class='ocrx_word' id='word_1_220' title='bbox 1906 1617 2213 1680; x_wconf 83' lang='lat' dir='ltr'>scripturum</span> 
     </span>
     <span class='ocr_line' id='line_1_23' title="bbox 119 1684 2213 1752; baseline 0.001 -18"><span class='ocrx_word' id='word_1_221' title='bbox 119 1688 277 1737; x_wconf 80' lang='lat' dir='ltr'>hanc:</span> <span class='ocrx_word' id='word_1_222' title='bbox 326 1689 510 1752; x_wconf 79' lang='lat' dir='ltr'>ltaque</span> <span class='ocrx_word' id='word_1_223' title='bbox 544 1700 742 1748; x_wconf 78' lang='lat' dir='ltr'>semper</span> <span class='ocrx_word' id='word_1_224' title='bbox 776 1684 1076 1735; x_wconf 72' lang='lat' dir='ltr'>versabatur</span> <span class='ocrx_word' id='word_1_225' title='bbox 1118 1689 1170 1734; x_wconf 81' lang='lat' dir='ltr'>in</span> <span class='ocrx_word' id='word_1_226' title='bbox 1214 1698 1306 1747; x_wconf 77' lang='lat' dir='ltr'>spe</span> <span class='ocrx_word' id='word_1_227' title='bbox 1342 1699 1508 1734; x_wconf 82' lang='lat' dir='ltr'>rerum</span> <span class='ocrx_word' id='word_1_228' title='bbox 1550 1699 1812 1750; x_wconf 64' lang='lat' dir='ltr'>novarum,</span> <span class='ocrx_word' id='word_1_229' title='bbox 1862 1699 2015 1748; x_wconf 87' lang='lat' dir='ltr'>quam</span> <span class='ocrx_word' id='word_1_230' title='bbox 2059 1689 2213 1737; x_wconf 87' lang='lat' dir='ltr'>etiam</span> 
     </span>
     <span class='ocr_line' id='line_1_24' title="bbox 118 1752 2211 1820; baseline 0 -18"><span class='ocrx_word' id='word_1_231' title='bbox 118 1756 334 1806; x_wconf 83' lang='lat' dir='ltr'>lacobus</span> <span class='ocrx_word' id='word_1_232' title='bbox 374 1755 408 1804; x_wconf 92' lang='lat' dir='ltr'>l.</span> <span class='ocrx_word' id='word_1_233' title='bbox 452 1770 494 1803; x_wconf 87' lang='lat' dir='ltr'>c.</span> <span class='ocrx_word' id='word_1_234' title='bbox 539 1769 592 1819; x_wconf 90' lang='lat' dir='ltr'>p.</span> <span class='ocrx_word' id='word_1_235' title='bbox 634 1754 752 1805; x_wconf 87' lang='grc'><strong>716.</strong></span> <span class='ocrx_word' id='word_1_236' title='bbox 802 1754 991 1804; x_wconf 86' lang='lat' dir='ltr'>iudicio</span> <span class='ocrx_word' id='word_1_237' title='bbox 1039 1769 1131 1804; x_wconf 86' lang='lat' dir='ltr'>suo</span> <span class='ocrx_word' id='word_1_238' title='bbox 1177 1755 1541 1818; x_wconf 82' lang='lat' dir='ltr'>comprobavit.</span> <span class='ocrx_word' id='word_1_239' title='bbox 1612 1752 1740 1803; x_wconf 84' lang='lat' dir='ltr'>Nam</span> <span class='ocrx_word' id='word_1_240' title='bbox 1777 1753 1920 1820; x_wconf 89' lang='lat' dir='ltr'>inde,</span> <span class='ocrx_word' id='word_1_241' title='bbox 1974 1756 2115 1818; x_wconf 86' lang='lat' dir='ltr'>quod</span> <span class='ocrx_word' id='word_1_242' title='bbox 2162 1759 2211 1805; x_wconf 86' lang='lat' dir='ltr'>in</span> 
     </span>
     <span class='ocr_line' id='line_1_25' title="bbox 119 1822 2212 1893; baseline 0.001 -20"><span class='ocrx_word' id='word_1_243' title='bbox 119 1826 302 1876; x_wconf 87' lang='lat' dir='ltr'>ceteris</span> <span class='ocrx_word' id='word_1_244' title='bbox 350 1826 490 1874; x_wconf 87' lang='lat' dir='ltr'>libris</span> <span class='ocrx_word' id='word_1_245' title='bbox 540 1822 647 1872; x_wconf 79' lang='lat' dir='ltr'>fere</span> <span class='ocrx_word' id='word_1_246' title='bbox 681 1824 793 1873; x_wconf 90' lang='lat' dir='ltr'>sine</span> <span class='ocrx_word' id='word_1_247' title='bbox 812 1823 1049 1873; x_wconf 82' lang='lat' dir='ltr'>Ablativo</span> <span class='ocrx_word' id='word_1_248' title='bbox 1086 1823 1300 1889; x_wconf 82' lang='lat' dir='ltr'>legitur:</span> <span class='ocrx_word' id='word_1_249' title='bbox 1337 1825 1587 1893; x_wconf 56' lang='lat' dir='ltr'>iffirerum</span> <span class='ocrx_word' id='word_1_250' title='bbox 1622 1837 1870 1888; x_wconf 77' lang='lat' dir='ltr'>novarum,</span> <span class='ocrx_word' id='word_1_251' title='bbox 1911 1838 2012 1874; x_wconf 88' lang='lat' dir='ltr'>non</span> <span class='ocrx_word' id='word_1_252' title='bbox 2040 1827 2212 1887; x_wconf 89' lang='lat' dir='ltr'>sequi-</span> 
     </span>
     <span class='ocr_line' id='line_1_26' title="bbox 117 1885 2213 1958; baseline 0.002 -19"><span class='ocrx_word' id='word_1_253' title='bbox 117 1900 227 1951; x_wconf 89' lang='lat' dir='ltr'>tur,</span> <span class='ocrx_word' id='word_1_254' title='bbox 281 1891 464 1942; x_wconf 79' lang='lat' dir='ltr'>falsam</span> <span class='ocrx_word' id='word_1_255' title='bbox 510 1906 622 1942; x_wconf 88' lang='lat' dir='ltr'>esse</span> <span class='ocrx_word' id='word_1_256' title='bbox 663 1885 805 1943; x_wconf 84' lang='lat' dir='ltr'>illam</span> <span class='ocrx_word' id='word_1_257' title='bbox 854 1894 1174 1958; x_wconf 82' lang='lat' dir='ltr'>scripturam.</span> <span class='ocrx_word' id='word_1_258' title='bbox 1251 1892 1383 1952; x_wconf 88' lang='lat' dir='ltr'>Quin</span> <span class='ocrx_word' id='word_1_259' title='bbox 1432 1900 1645 1958; x_wconf 85' lang='lat' dir='ltr'>apparet</span> <span class='ocrx_word' id='word_1_260' title='bbox 1693 1894 1847 1942; x_wconf 85' lang='lat' dir='ltr'>etiam</span> <span class='ocrx_word' id='word_1_261' title='bbox 1896 1893 2047 1943; x_wconf 78' lang='lat' dir='ltr'>facile</span> <span class='ocrx_word' id='word_1_262' title='bbox 2095 1904 2213 1943; x_wconf 84' lang='lat' dir='ltr'>ante</span> 
     </span>
     <span class='ocr_line' id='line_1_27' title="bbox 118 1959 2213 2029; baseline 0.001 -19"><span class='ocrx_word' id='word_1_263' title='bbox 118 1976 306 2011; x_wconf 78' lang='lat' dir='ltr'>rerum</span> <span class='ocrx_word' id='word_1_264' title='bbox 341 1961 573 2012; x_wconf 87' lang='lat' dir='ltr'>excidere</span> <span class='ocrx_word' id='word_1_265' title='bbox 609 1963 837 2027; x_wconf 88' lang='lat' dir='ltr'>potuisse</span> <span class='ocrx_word' id='word_1_266' title='bbox 870 1978 979 2029; x_wconf 78' lang='lat' dir='ltr'>spe.</span> <span class='ocrx_word' id='word_1_267' title='bbox 1057 1961 1176 2027; x_wconf 88' lang='lat' dir='ltr'>Cap.</span> <span class='ocrx_word' id='word_1_268' title='bbox 1208 1959 1296 2013; x_wconf 83' lang='lat'>53.</span> <span class='ocrx_word' id='word_1_269' title='bbox 1328 1963 1377 2023; x_wconf 76' lang='lat' dir='ltr'>S.</span> <span class='ocrx_word' id='word_1_270' title='bbox 1412 1962 1528 2013; x_wconf 88' lang='lat'>114.</span> <span class='ocrx_word' id='word_1_271' title='bbox 1569 1971 1706 2014; x_wconf 89' lang='lat' dir='ltr'>recte</span> <span class='ocrx_word' id='word_1_272' title='bbox 1737 1961 1861 2014; x_wconf 88' lang='lat' dir='ltr'>mihi</span> <span class='ocrx_word' id='word_1_273' title='bbox 1898 1963 2099 2013; x_wconf 87' lang='lat' dir='ltr'>videtur</span> <span class='ocrx_word' id='word_1_274' title='bbox 2134 1964 2213 2012; x_wconf 83' lang='lat' dir='ltr'>Ia-</span> 
     </span>
     <span class='ocr_line' id='line_1_28' title="bbox 118 2029 2264 2097; baseline 0.001 -18"><span class='ocrx_word' id='word_1_275' title='bbox 118 2031 277 2080; x_wconf 74' lang='lat' dir='ltr'>cobus</span> <span class='ocrx_word' id='word_1_276' title='bbox 307 2031 340 2079; x_wconf 95' lang='lat' dir='ltr'>l.</span> <span class='ocrx_word' id='word_1_277' title='bbox 373 2046 416 2083; x_wconf 91' lang='lat' dir='ltr'>c.</span> <span class='ocrx_word' id='word_1_278' title='bbox 457 2047 510 2097; x_wconf 89' lang='lat' dir='ltr'>p.</span> <span class='ocrx_word' id='word_1_279' title='bbox 545 2031 647 2083; x_wconf 87' lang='grc'>716</span> <span class='ocrx_word' id='word_1_280' title='bbox 681 2034 733 2082; x_wconf 89' lang='lat' dir='ltr'>in</span> <span class='ocrx_word' id='word_1_281' title='bbox 772 2034 920 2083; x_wconf 87' lang='lat' dir='ltr'>verbo</span> <span class='ocrx_word' id='word_1_282' title='bbox 955 2032 1254 2083; x_wconf 78' lang='lat' dir='ltr'>videbantur</span> <span class='ocrx_word' id='word_1_283' title='bbox 1290 2032 1579 2087; x_wconf 81' lang='lat' dir='ltr'>offendisse.</span> <span class='ocrx_word' id='word_1_284' title='bbox 1655 2029 1760 2083; x_wconf 91' lang='lat' dir='ltr'>Sed</span> <span class='ocrx_word' id='word_1_285' title='bbox 1795 2047 1949 2095; x_wconf 86' lang='lat' dir='ltr'>quum</span> <span class='ocrx_word' id='word_1_286' title='bbox 1985 2032 2264 2088; x_wconf 60' lang='lat' dir='ltr'>nitebant-0</span> 
     </span>
     <span class='ocr_line' id='line_1_29' title="bbox 119 2100 2212 2166; baseline 0.002 -19"><span class='ocrx_word' id='word_1_287' title='bbox 119 2106 220 2157; x_wconf 78' lang='lat' dir='ltr'>tur,</span> <span class='ocrx_word' id='word_1_288' title='bbox 252 2101 387 2164; x_wconf 88' lang='lat' dir='ltr'>quod</span> <span class='ocrx_word' id='word_1_289' title='bbox 410 2103 641 2166; x_wconf 79' lang='lat' dir='ltr'>proxime</span> <span class='ocrx_word' id='word_1_290' title='bbox 662 2102 857 2152; x_wconf 87' lang='lat' dir='ltr'>accedit</span> <span class='ocrx_word' id='word_1_291' title='bbox 889 2102 956 2152; x_wconf 89' lang='lat' dir='ltr'>ad</span> <span class='ocrx_word' id='word_1_292' title='bbox 984 2102 1265 2151; x_wconf 86' lang='lat' dir='ltr'>litterarum</span> <span class='ocrx_word' id='word_1_293' title='bbox 1292 2100 1695 2166; x_wconf 86' lang='lat' dir='ltr'>similitudinem,</span> <span class='ocrx_word' id='word_1_294' title='bbox 1719 2102 1795 2151; x_wconf 87' lang='lat' dir='ltr'>sic</span> <span class='ocrx_word' id='word_1_295' title='bbox 1819 2116 1932 2150; x_wconf 90' lang='lat' dir='ltr'>cum</span> <span class='ocrx_word' id='word_1_296' title='bbox 1957 2102 2212 2152; x_wconf 79' lang='lat' dir='ltr'>Infinitive</span> 
     </span>
     <span class='ocr_line' id='line_1_30' title="bbox 119 2170 2212 2231; baseline 0.002 -16"><span class='ocrx_word' id='word_1_297' title='bbox 119 2170 443 2219; x_wconf 85' lang='lat' dir='ltr'>coniunctum</span> <span class='ocrx_word' id='word_1_298' title='bbox 489 2170 658 2220; x_wconf 88' lang='lat' dir='ltr'>minus</span> <span class='ocrx_word' id='word_1_299' title='bbox 703 2178 836 2222; x_wconf 87' lang='lat' dir='ltr'>recte</span> <span class='ocrx_word' id='word_1_300' title='bbox 884 2171 985 2221; x_wconf 84' lang='lat' dir='ltr'>dici</span> <span class='ocrx_word' id='word_1_301' title='bbox 1035 2172 1315 2231; x_wconf 90' lang='lat' dir='ltr'>videretur,</span> <span class='ocrx_word' id='word_1_302' title='bbox 1363 2170 1673 2221; x_wconf 81' lang='lat' dir='ltr'>conabantur</span> <span class='ocrx_word' id='word_1_303' title='bbox 1706 2177 1875 2219; x_wconf 79' lang='lat' dir='ltr'>autem</span> <span class='ocrx_word' id='word_1_304' title='bbox 1914 2171 1977 2220; x_wconf 83' lang='lat' dir='ltr'>ab</span> <span class='ocrx_word' id='word_1_305' title='bbox 2028 2170 2212 2220; x_wconf 86' lang='lat' dir='ltr'>litteris</span> 
     </span>
     <span class='ocr_line' id='line_1_31' title="bbox 116 2237 2211 2303; baseline 0.002 -17"><span class='ocrx_word' id='word_1_306' title='bbox 116 2239 248 2300; x_wconf 90' lang='lat' dir='ltr'>ipsis</span> <span class='ocrx_word' id='word_1_307' title='bbox 279 2237 396 2303; x_wconf 88' lang='lat' dir='ltr'>plus</span> <span class='ocrx_word' id='word_1_308' title='bbox 429 2240 710 2299; x_wconf 85' lang='lat' dir='ltr'>recederet,</span> <span class='ocrx_word' id='word_1_309' title='bbox 749 2239 875 2289; x_wconf 87' lang='lat' dir='ltr'>nihil</span> <span class='ocrx_word' id='word_1_310' title='bbox 912 2255 1068 2290; x_wconf 84' lang='lat' dir='ltr'>ausus</span> <span class='ocrx_word' id='word_1_311' title='bbox 1106 2255 1219 2290; x_wconf 90' lang='lat' dir='ltr'>sum</span> <span class='ocrx_word' id='word_1_312' title='bbox 1254 2246 1466 2290; x_wconf 80' lang='lat' dir='ltr'>mutare.</span> <span class='ocrx_word' id='word_1_313' title='bbox 1540 2240 1704 2290; x_wconf 86' lang='lat' dir='ltr'>Etiam</span> <span class='ocrx_word' id='word_1_314' title='bbox 1742 2253 1857 2303; x_wconf 83' lang='lat' dir='ltr'>cap.</span> <span class='ocrx_word' id='word_1_315' title='bbox 1890 2239 1976 2290; x_wconf 84' lang='lat'>56.</span> <span class='ocrx_word' id='word_1_316' title='bbox 2013 2240 2063 2301; x_wconf 76' lang='lat' dir='ltr'>S.</span> <span class='ocrx_word' id='word_1_317' title='bbox 2109 2239 2211 2290; x_wconf 80' lang='lat'>120</span> 
     </span>
     <span class='ocr_line' id='line_1_32' title="bbox 118 2308 2211 2371; baseline 0.001 -16"><span class='ocrx_word' id='word_1_318' title='bbox 118 2321 229 2369; x_wconf 81' lang='lat' dir='ltr'>sqq.</span> <span class='ocrx_word' id='word_1_319' title='bbox 271 2309 490 2358; x_wconf 82' lang='lat' dir='ltr'>maxime</span> <span class='ocrx_word' id='word_1_320' title='bbox 525 2316 728 2358; x_wconf 87' lang='lat' dir='ltr'>secutus</span> <span class='ocrx_word' id='word_1_321' title='bbox 773 2324 888 2359; x_wconf 90' lang='lat' dir='ltr'>sum</span> <span class='ocrx_word' id='word_1_322' title='bbox 930 2308 984 2359; x_wconf 88' lang='lat' dir='ltr'>C.</span> <span class='ocrx_word' id='word_1_323' title='bbox 1023 2309 1279 2359; x_wconf 84' lang='lat' dir='ltr'>Halmium</span> <span class='ocrx_word' id='word_1_324' title='bbox 1320 2317 1371 2358; x_wconf 90' lang='lat' dir='ltr'>et</span> <span class='ocrx_word' id='word_1_325' title='bbox 1415 2309 1478 2359; x_wconf 89' lang='lat' dir='ltr'>de</span> <span class='ocrx_word' id='word_1_326' title='bbox 1528 2309 1754 2358; x_wconf 86' lang='lat' dir='ltr'>versibus</span> <span class='ocrx_word' id='word_1_327' title='bbox 1803 2308 2009 2371; x_wconf 88' lang='lat' dir='ltr'>quidem</span> <span class='ocrx_word' id='word_1_328' title='bbox 2045 2310 2211 2370; x_wconf 82' lang='lat' dir='ltr'>Accii,</span> 
     </span>
     <span class='ocr_line' id='line_1_33' title="bbox 119 2374 2213 2443; baseline 0 -19"><span class='ocrx_word' id='word_1_329' title='bbox 119 2377 208 2435; x_wconf 85' lang='lat' dir='ltr'>qui</span> <span class='ocrx_word' id='word_1_330' title='bbox 233 2378 303 2426; x_wconf 90' lang='lat' dir='ltr'>ibi</span> <span class='ocrx_word' id='word_1_331' title='bbox 337 2377 601 2436; x_wconf 86' lang='lat' dir='ltr'>habentur,</span> <span class='ocrx_word' id='word_1_332' title='bbox 632 2377 849 2429; x_wconf 85' lang='lat' dir='ltr'>conferri</span> <span class='ocrx_word' id='word_1_333' title='bbox 871 2393 1005 2427; x_wconf 91' lang='lat' dir='ltr'>nunc</span> <span class='ocrx_word' id='word_1_334' title='bbox 1029 2380 1180 2428; x_wconf 87' lang='lat' dir='ltr'>etiarn</span> <span class='ocrx_word' id='word_1_335' title='bbox 1213 2394 1276 2428; x_wconf 86' lang='lat' dir='ltr'>ea</span> <span class='ocrx_word' id='word_1_336' title='bbox 1305 2384 1549 2443; x_wconf 79' lang='lat' dir='ltr'>possunt,</span> <span class='ocrx_word' id='word_1_337' title='bbox 1584 2393 1714 2440; x_wconf 84' lang='lat' dir='ltr'>quae</span> <span class='ocrx_word' id='word_1_338' title='bbox 1747 2374 1891 2428; x_wconf 88' lang='lat' dir='ltr'>Otto</span> <span class='ocrx_word' id='word_1_339' title='bbox 1919 2376 2213 2427; x_wconf 84' lang='lat' dir='ltr'>Ribbeck</span> 
     </span>
     <span class='ocr_line' id='line_1_34' title="bbox 118 2444 2208 2512; baseline 0.002 -21"><span class='ocrx_word' id='word_1_340' title='bbox 118 2445 169 2492; x_wconf 86' lang='lat' dir='ltr'>in</span> <span class='ocrx_word' id='word_1_341' title='bbox 209 2444 537 2511; x_wconf 71' lang='lat' dir='ltr'>Trayicorum</span> <span class='ocrx_word' id='word_1_342' title='bbox 570 2446 866 2498; x_wconf 81' lang='lat' dir='ltr'>Latinorum</span> <span class='ocrx_word' id='word_1_343' title='bbox 898 2448 1122 2512; x_wconf 77' lang='lat' dir='ltr'>reliquiis</span> <span class='ocrx_word' id='word_1_344' title='bbox 1152 2462 1205 2512; x_wconf 87' lang='lat' dir='ltr'>p.</span> <span class='ocrx_word' id='word_1_345' title='bbox 1243 2446 1345 2497; x_wconf 85' lang='lat'>154</span> <span class='ocrx_word' id='word_1_346' title='bbox 1373 2461 1452 2509; x_wconf 88' lang='lat' dir='ltr'>sq.</span> <span class='ocrx_word' id='word_1_347' title='bbox 1491 2454 1541 2495; x_wconf 91' lang='lat' dir='ltr'>et</span> <span class='ocrx_word' id='word_1_348' title='bbox 1570 2460 1622 2510; x_wconf 88' lang='lat' dir='ltr'>p.</span> <span class='ocrx_word' id='word_1_349' title='bbox 1660 2445 1763 2497; x_wconf 82' lang='lat'>328</span> <span class='ocrx_word' id='word_1_350' title='bbox 1798 2461 1875 2509; x_wconf 87' lang='lat' dir='ltr'>sq.</span> <span class='ocrx_word' id='word_1_351' title='bbox 1912 2446 2208 2511; x_wconf 87' lang='lat' dir='ltr'>disputavit.</span> 
     </span>
     <span class='ocr_line' id='line_1_35' title="bbox 121 2511 2213 2582; baseline 0 -21"><span class='ocrx_word' id='word_1_352' title='bbox 121 2511 241 2578; x_wconf 84' lang='lat' dir='ltr'>Cap.</span> <span class='ocrx_word' id='word_1_353' title='bbox 276 2514 359 2566; x_wconf 88' lang='grc'><strong>59.</strong></span> <span class='ocrx_word' id='word_1_354' title='bbox 397 2516 448 2578; x_wconf 76' lang='lat' dir='ltr'>S.</span> <span class='ocrx_word' id='word_1_355' title='bbox 487 2516 587 2567; x_wconf 80' lang='grc'><strong>126</strong></span> <span class='ocrx_word' id='word_1_356' title='bbox 622 2525 750 2569; x_wconf 85' lang='lat' dir='ltr'>extr.</span> <span class='ocrx_word' id='word_1_357' title='bbox 787 2531 886 2566; x_wconf 89' lang='lat' dir='ltr'>non</span> <span class='ocrx_word' id='word_1_358' title='bbox 918 2517 1328 2582; x_wconf 83' lang='lat' dir='ltr'>interrogationis</span> <span class='ocrx_word' id='word_1_359' title='bbox 1361 2516 1583 2581; x_wconf 82' lang='lat' dir='ltr'>signum,</span> <span class='ocrx_word' id='word_1_360' title='bbox 1620 2516 1713 2565; x_wconf 90' lang='lat' dir='ltr'>sed</span> <span class='ocrx_word' id='word_1_361' title='bbox 1746 2515 1988 2579; x_wconf 80' lang='lat' dir='ltr'>punctum</span> <span class='ocrx_word' id='word_1_362' title='bbox 2021 2529 2213 2579; x_wconf 90' lang='lat' dir='ltr'>ponere</span> 
     </span>
     <span class='ocr_line' id='line_1_36' title="bbox 120 2581 2211 2651; baseline 0.001 -22"><span class='ocrx_word' id='word_1_363' title='bbox 120 2581 382 2635; x_wconf 83' lang='lat' dir='ltr'>debebam.</span> <span class='ocrx_word' id='word_1_364' title='bbox 461 2585 583 2651; x_wconf 84' lang='lat' dir='ltr'>Cap.</span> <span class='ocrx_word' id='word_1_365' title='bbox 621 2585 707 2638; x_wconf 87' lang='grc'><strong>63.</strong></span> <span class='ocrx_word' id='word_1_366' title='bbox 732 2586 788 2648; x_wconf 68' lang='lat' dir='ltr'>s.</span> <span class='ocrx_word' id='word_1_367' title='bbox 829 2585 946 2637; x_wconf 89' lang='lat'>131.</span> <span class='ocrx_word' id='word_1_368' title='bbox 985 2585 1168 2648; x_wconf 89' lang='lat' dir='ltr'>reliqui</span> <span class='ocrx_word' id='word_1_369' title='bbox 1202 2600 1313 2635; x_wconf 86' lang='lat' dir='ltr'>eam</span> <span class='ocrx_word' id='word_1_370' title='bbox 1342 2586 1661 2649; x_wconf 84' lang='lat' dir='ltr'>scripturam,</span> <span class='ocrx_word' id='word_1_371' title='bbox 1695 2599 1825 2647; x_wconf 84' lang='lat' dir='ltr'>quae</span> <span class='ocrx_word' id='word_1_372' title='bbox 1860 2584 1910 2633; x_wconf 91' lang='lat' dir='ltr'>in</span> <span class='ocrx_word' id='word_1_373' title='bbox 1944 2583 2083 2633; x_wconf 87' lang='lat' dir='ltr'>libris</span> <span class='ocrx_word' id='word_1_374' title='bbox 2116 2592 2211 2641; x_wconf 88' lang='lat' dir='ltr'>est,</span> 
     </span>
     <span class='ocr_line' id='line_1_37' title="bbox 120 2651 2213 2719; baseline -0 -18"><span class='ocrx_word' id='word_1_375' title='bbox 120 2666 426 2719; x_wconf 83' lang='lat' dir='ltr'>quamquam</span> <span class='ocrx_word' id='word_1_376' title='bbox 458 2656 584 2705; x_wconf 88' lang='lat' dir='ltr'>mihi</span> <span class='ocrx_word' id='word_1_377' title='bbox 610 2670 810 2718; x_wconf 88' lang='lat' dir='ltr'>quoque</span> <span class='ocrx_word' id='word_1_378' title='bbox 844 2670 944 2705; x_wconf 89' lang='lat' dir='ltr'>non</span> <span class='ocrx_word' id='word_1_379' title='bbox 980 2656 1103 2704; x_wconf 83' lang='lat' dir='ltr'>satis</span> <span class='ocrx_word' id='word_1_380' title='bbox 1135 2663 1369 2704; x_wconf 79' lang='lat' dir='ltr'>constare</span> <span class='ocrx_word' id='word_1_381' title='bbox 1398 2653 1560 2703; x_wconf 85' lang='lat' dir='ltr'>oratio</span> <span class='ocrx_word' id='word_1_382' title='bbox 1593 2653 1875 2703; x_wconf 84' lang='lat' dir='ltr'>videbatur.</span> <span class='ocrx_word' id='word_1_383' title='bbox 1919 2652 2045 2702; x_wconf 88' lang='lat' dir='ltr'>Nam</span> <span class='ocrx_word' id='word_1_384' title='bbox 2074 2651 2213 2714; x_wconf 87' lang='lat' dir='ltr'>quod</span> 
     </span>
     <span class='ocr_line' id='line_1_38' title="bbox 119 2719 2211 2789; baseline -0 -20"><span class='ocrx_word' id='word_1_385' title='bbox 119 2719 408 2789; x_wconf 81' lang='lat' dir='ltr'>Madvigius</span> <span class='ocrx_word' id='word_1_386' title='bbox 448 2723 636 2774; x_wconf 88' lang='lat' dir='ltr'>delevit</span> <span class='ocrx_word' id='word_1_387' title='bbox 666 2740 920 2789; x_wconf 81' lang='lat' dir='ltr'>quumque,</span> <span class='ocrx_word' id='word_1_388' title='bbox 960 2725 1015 2774; x_wconf 90' lang='lat' dir='ltr'>id</span> <span class='ocrx_word' id='word_1_389' title='bbox 1048 2731 1183 2774; x_wconf 89' lang='lat' dir='ltr'>recte</span> <span class='ocrx_word' id='word_1_390' title='bbox 1220 2724 1372 2773; x_wconf 84' lang='lat' dir='ltr'>etiam</span> <span class='ocrx_word' id='word_1_391' title='bbox 1408 2722 1608 2786; x_wconf 88' lang='lat' dir='ltr'>Ieepius</span> <span class='ocrx_word' id='word_1_392' title='bbox 1640 2722 1674 2772; x_wconf 92' lang='lat' dir='ltr'>l.</span> <span class='ocrx_word' id='word_1_393' title='bbox 1710 2738 1752 2772; x_wconf 94' lang='lat' dir='ltr'>c.</span> <span class='ocrx_word' id='word_1_394' title='bbox 1791 2736 1844 2786; x_wconf 88' lang='lat' dir='ltr'>p.</span> <span class='ocrx_word' id='word_1_395' title='bbox 1882 2721 1933 2772; x_wconf 89' lang='grc'><strong>8.</strong></span> <span class='ocrx_word' id='word_1_396' title='bbox 1966 2720 2211 2771; x_wconf 79' lang='lat' dir='ltr'>audacius</span> 
     </span>
     <span class='ocr_line' id='line_1_39' title="bbox 121 2787 2211 2857; baseline 0.001 -22"><span class='ocrx_word' id='word_1_397' title='bbox 121 2787 312 2840; x_wconf 79' lang='lat' dir='ltr'>sactum</span> <span class='ocrx_word' id='word_1_398' title='bbox 349 2806 462 2841; x_wconf 83' lang='lat' dir='ltr'>esse</span> <span class='ocrx_word' id='word_1_399' title='bbox 500 2796 877 2856; x_wconf 81' lang='lat' dir='ltr'>pronuntiavit,</span> <span class='ocrx_word' id='word_1_400' title='bbox 908 2795 1055 2842; x_wconf 88' lang='lat' dir='ltr'>cuius</span> <span class='ocrx_word' id='word_1_401' title='bbox 1089 2807 1186 2857; x_wconf 83' lang='lat' dir='ltr'>ego</span> <span class='ocrx_word' id='word_1_402' title='bbox 1222 2792 1577 2850; x_wconf 87' lang='lat' dir='ltr'>coniecturam,</span> <span class='ocrx_word' id='word_1_403' title='bbox 1616 2806 1716 2854; x_wconf 82' lang='lat' dir='ltr'>qua</span> <span class='ocrx_word' id='word_1_404' title='bbox 1751 2790 1841 2841; x_wconf 87' lang='lat' dir='ltr'>ille</span> <span class='ocrx_word' id='word_1_405' title='bbox 1875 2798 2086 2841; x_wconf 80' lang='lat' dir='ltr'>cunetae</span> <span class='ocrx_word' id='word_1_406' title='bbox 2116 2804 2211 2855; x_wconf 92' lang='lat' dir='ltr'>pro</span> 
     </span>
     <span class='ocr_line' id='line_1_40' title="bbox 119 2859 2214 2928; baseline 0.001 -23"><span class='ocrx_word' id='word_1_407' title='bbox 119 2872 355 2925; x_wconf 82' lang='lat' dir='ltr'>quumque</span> <span class='ocrx_word' id='word_1_408' title='bbox 390 2860 714 2910; x_wconf 87' lang='lat' dir='ltr'>scribendum</span> <span class='ocrx_word' id='word_1_409' title='bbox 749 2875 862 2910; x_wconf 88' lang='lat' dir='ltr'>esse</span> <span class='ocrx_word' id='word_1_410' title='bbox 898 2862 1238 2919; x_wconf 84' lang='lat' dir='ltr'>existimavit,</span> <span class='ocrx_word' id='word_1_411' title='bbox 1272 2861 1607 2925; x_wconf 88' lang='lat' dir='ltr'>recepissem,</span> <span class='ocrx_word' id='word_1_412' title='bbox 1641 2862 1688 2928; x_wconf 81' lang='lat' dir='ltr'>si</span> <span class='ocrx_word' id='word_1_413' title='bbox 1719 2860 1846 2909; x_wconf 90' lang='lat' dir='ltr'>mihi</span> <span class='ocrx_word' id='word_1_414' title='bbox 1880 2859 2031 2908; x_wconf 86' lang='lat' dir='ltr'>huius</span> <span class='ocrx_word' id='word_1_415' title='bbox 2070 2859 2214 2908; x_wconf 89' lang='lat' dir='ltr'>verbi</span> 
     </span>
     <span class='ocr_line' id='line_1_41' title="bbox 122 2925 2212 2993; baseline 0.001 -20"><span class='ocrx_word' id='word_1_416' title='bbox 122 2925 388 2978; x_wconf 85' lang='lat' dir='ltr'>collocatio</span> <span class='ocrx_word' id='word_1_417' title='bbox 414 2928 526 2978; x_wconf 88' lang='lat' dir='ltr'>loco</span> <span class='ocrx_word' id='word_1_418' title='bbox 557 2930 683 2978; x_wconf 86' lang='lat' dir='ltr'>satis</span> <span class='ocrx_word' id='word_1_419' title='bbox 708 2931 974 2979; x_wconf 85' lang='lat' dir='ltr'>convenire</span> <span class='ocrx_word' id='word_1_420' title='bbox 993 2930 1268 2981; x_wconf 85' lang='lat' dir='ltr'>videretur.</span> <span class='ocrx_word' id='word_1_421' title='bbox 1308 2926 1432 2993; x_wconf 81' lang='lat' dir='ltr'>cap.</span> <span class='ocrx_word' id='word_1_422' title='bbox 1457 2927 1543 2979; x_wconf 82' lang='lat'>64.</span> <span class='ocrx_word' id='word_1_423' title='bbox 1573 2930 1622 2990; x_wconf 73' lang='lat'>§-</span> <span class='ocrx_word' id='word_1_424' title='bbox 1653 2927 1771 2982; x_wconf 84' lang='lat'>134.</span> <span class='ocrx_word' id='word_1_425' title='bbox 1795 2930 1952 2979; x_wconf 81' lang='lat' dir='ltr'>verba</span> <span class='ocrx_word' id='word_1_426' title='bbox 1974 2934 2212 2993; x_wconf 80' lang='lat' dir='ltr'>corrupta</span> 
     </span>
     <span class='ocr_line' id='line_1_42' title="bbox 119 2997 2215 3063; baseline 0.003 -22"><span class='ocrx_word' id='word_1_427' title='bbox 119 2997 435 3048; x_wconf 79' lang='lat' dir='ltr'>emendanda</span> <span class='ocrx_word' id='word_1_428' title='bbox 457 2999 531 3047; x_wconf 87' lang='lat' dir='ltr'>sic</span> <span class='ocrx_word' id='word_1_429' title='bbox 552 3005 725 3047; x_wconf 88' lang='lat' dir='ltr'>censet</span> <span class='ocrx_word' id='word_1_430' title='bbox 748 2998 949 3063; x_wconf 87' lang='lat' dir='ltr'>Ieepius</span> <span class='ocrx_word' id='word_1_431' title='bbox 970 2999 1006 3049; x_wconf 93' lang='lat' dir='ltr'>l.</span> <span class='ocrx_word' id='word_1_432' title='bbox 1030 3015 1072 3047; x_wconf 92' lang='lat' dir='ltr'>c.</span> <span class='ocrx_word' id='word_1_433' title='bbox 1098 3012 1152 3062; x_wconf 90' lang='lat' dir='ltr'>p.</span> <span class='ocrx_word' id='word_1_434' title='bbox 1179 2997 1239 3048; x_wconf 82' lang='lat'>9:</span> <span class='ocrx_word' id='word_1_435' title='bbox 1280 2998 1421 3060; x_wconf 82' lang='lat' dir='ltr'>Quae</span> <span class='ocrx_word' id='word_1_436' title='bbox 1450 3014 1539 3049; x_wconf 77' lang='lat' dir='ltr'>res</span> <span class='ocrx_word' id='word_1_437' title='bbox 1562 2998 1796 3048; x_wconf 77' lang='lat' dir='ltr'>hominem</span> <span class='ocrx_word' id='word_1_438' title='bbox 1819 2999 2043 3061; x_wconf 79' lang='lat' dir='ltr'>impellit,</span> <span class='ocrx_word' id='word_1_439' title='bbox 2070 3004 2125 3047; x_wconf 82' lang='lat' dir='ltr'>ut</span> <span class='ocrx_word' id='word_1_440' title='bbox 2146 2997 2215 3046; x_wconf 70' lang='lat' dir='ltr'>sie</span> 
     </span>
     <span class='ocr_line' id='line_1_43' title="bbox 118 3066 2212 3131; baseline 0.001 -19"><span class='ocrx_word' id='word_1_441' title='bbox 118 3070 219 3112; x_wconf 82' lang='lat' dir='ltr'>tam</span> <span class='ocrx_word' id='word_1_442' title='bbox 246 3067 617 3131; x_wconf 73' lang='lat' dir='ltr'>intemperans?</span> <span class='ocrx_word' id='word_1_443' title='bbox 658 3066 761 3117; x_wconf 76' lang='lat' dir='ltr'>Est</span> <span class='ocrx_word' id='word_1_444' title='bbox 785 3069 910 3117; x_wconf 81' lang='lat' dir='ltr'>enim</span> <span class='ocrx_word' id='word_1_445' title='bbox 944 3068 1092 3116; x_wconf 86' lang='lat' dir='ltr'>nimia</span> <span class='ocrx_word' id='word_1_446' title='bbox 1117 3068 1317 3131; x_wconf 65' lang='lat' dir='ltr'>gloriae</span> <span class='ocrx_word' id='word_1_447' title='bbox 1352 3067 1655 3129; x_wconf 76' lang='lat' dir='ltr'>cupiditate.-</span> <span class='ocrx_word' id='word_1_448' title='bbox 1682 3067 1925 3130; x_wconf 73' lang='lat' dir='ltr'>familiam</span> <span class='ocrx_word' id='word_1_449' title='bbox 1955 3068 2212 3131; x_wconf 65' lang='lat' dir='ltr'>gladiato-</span> 
     </span>
     <span class='ocr_line' id='line_1_44' title="bbox 117 3134 2214 3200; baseline 0.001 -20"><span class='ocrx_word' id='word_1_450' title='bbox 117 3134 262 3192; x_wconf 75' lang='lat' dir='ltr'>riam,</span> <span class='ocrx_word' id='word_1_451' title='bbox 297 3137 467 3195; x_wconf 85' lang='lat' dir='ltr'>eredo,</span> <span class='ocrx_word' id='word_1_452' title='bbox 502 3142 682 3185; x_wconf 78' lang='lat' dir='ltr'>nactus</span> <span class='ocrx_word' id='word_1_453' title='bbox 711 3144 791 3187; x_wconf 77' lang='lat' dir='ltr'>esc</span> <span class='ocrx_word' id='word_1_454' title='bbox 824 3146 918 3187; x_wconf 84' lang='lat' dir='ltr'>ete.</span> <span class='ocrx_word' id='word_1_455' title='bbox 953 3136 1016 3187; x_wconf 90' lang='lat' dir='ltr'>cl.</span> <span class='ocrx_word' id='word_1_456' title='bbox 1040 3150 1152 3200; x_wconf 87' lang='lat' dir='ltr'>cap.</span> <span class='ocrx_word' id='word_1_457' title='bbox 1172 3137 1260 3187; x_wconf 87' lang='grc'>51.</span> <span class='ocrx_word' id='word_1_458' title='bbox 1290 3136 1339 3197; x_wconf 76' lang='lat' dir='ltr'>S.</span> <span class='ocrx_word' id='word_1_459' title='bbox 1367 3135 1484 3191; x_wconf 91' lang='grc'><strong>110.</strong></span> <span class='ocrx_word' id='word_1_460' title='bbox 1524 3136 1610 3187; x_wconf 80' lang='lat' dir='ltr'>An</span> <span class='ocrx_word' id='word_1_461' title='bbox 1640 3136 1802 3186; x_wconf 73' lang='lat' dir='ltr'>sicubi</span> <span class='ocrx_word' id='word_1_462' title='bbox 1828 3136 2002 3187; x_wconf 78' lang='lat' dir='ltr'>aderit</span> <span class='ocrx_word' id='word_1_463' title='bbox 2024 3136 2214 3186; x_wconf 79' lang='lat' dir='ltr'>Gellius</span> 
     </span>
     <span class='ocr_line' id='line_1_45' title="bbox 118 3202 2214 3269; baseline 0 -18"><span class='ocrx_word' id='word_1_464' title='bbox 118 3227 184 3237; x_wconf 87' lang='lat'>--</span> <span class='ocrx_word' id='word_1_465' title='bbox 218 3203 277 3252; x_wconf 86' lang='lat' dir='ltr'>id</span> <span class='ocrx_word' id='word_1_466' title='bbox 302 3207 402 3254; x_wconf 80' lang='lat' dir='ltr'>erit</span> <span class='ocrx_word' id='word_1_467' title='bbox 427 3205 710 3269; x_wconf 78' lang='lat' dir='ltr'>populare?</span> <span class='ocrx_word' id='word_1_468' title='bbox 743 3205 845 3256; x_wconf 78' lang='lat' dir='ltr'>Est</span> <span class='ocrx_word' id='word_1_469' title='bbox 869 3206 993 3256; x_wconf 82' lang='lat' dir='ltr'>enim</span> <span class='ocrx_word' id='word_1_470' title='bbox 1024 3204 1163 3256; x_wconf 75' lang='lat' dir='ltr'>homo</span> <span class='ocrx_word' id='word_1_471' title='bbox 1198 3207 1294 3256; x_wconf 83' lang='lat' dir='ltr'>iste</span> <span class='ocrx_word' id='word_1_472' title='bbox 1318 3207 1504 3269; x_wconf 80' lang='lat' dir='ltr'>populo</span> <span class='ocrx_word' id='word_1_473' title='bbox 1538 3206 1759 3256; x_wconf 82' lang='lat' dir='ltr'>Romano</span> <span class='ocrx_word' id='word_1_474' title='bbox 1793 3205 2007 3257; x_wconf 80' lang='lat' dir='ltr'>deditus.</span> <span class='ocrx_word' id='word_1_475' title='bbox 2076 3202 2214 3253; x_wconf 73' lang='lat' dir='ltr'>Nihil</span> 
     </span>
     <span class='ocr_line' id='line_1_46' title="bbox 115 3271 2209 3340; baseline 0.004 -23"><span class='ocrx_word' id='word_1_476' title='bbox 115 3271 220 3319; x_wconf 78' lang='lat' dir='ltr'>vidi</span> <span class='ocrx_word' id='word_1_477' title='bbox 248 3276 432 3337; x_wconf 65' lang='lat' dir='ltr'>magis:</span> <span class='ocrx_word' id='word_1_478' title='bbox 465 3273 552 3337; x_wconf 77' lang='lat' dir='ltr'>qui</span> <span class='ocrx_word' id='word_1_479' title='bbox 582 3298 654 3311; x_wconf 89' lang='lat'>—</span> <span class='ocrx_word' id='word_1_480' title='bbox 681 3290 838 3339; x_wconf 80' lang='lat' dir='ltr'>usque</span> <span class='ocrx_word' id='word_1_481' title='bbox 871 3289 930 3324; x_wconf 92' lang='lat' dir='ltr'>eo</span> <span class='ocrx_word' id='word_1_482' title='bbox 964 3289 1060 3324; x_wconf 82' lang='lat' dir='ltr'>non</span> <span class='ocrx_word' id='word_1_483' title='bbox 1085 3276 1188 3338; x_wconf 81' lang='lat' dir='ltr'>fuit</span> <span class='ocrx_word' id='word_1_484' title='bbox 1209 3276 1493 3340; x_wconf 76' lang='lat' dir='ltr'>popularis,</span> <span class='ocrx_word' id='word_1_485' title='bbox 1528 3282 1583 3324; x_wconf 81' lang='lat' dir='ltr'>ut</span> <span class='ocrx_word' id='word_1_486' title='bbox 1615 3273 1744 3325; x_wconf 85' lang='lat' dir='ltr'>bona</span> <span class='ocrx_word' id='word_1_487' title='bbox 1780 3276 1917 3324; x_wconf 73' lang='lat' dir='ltr'>selus</span> <span class='ocrx_word' id='word_1_488' title='bbox 1951 3278 2209 3325; x_wconf 78' lang='lat' dir='ltr'>comesset.</span> 
     </span>
     <span class='ocr_line' id='line_1_47' title="bbox 119 3337 2212 3407; baseline 0.003 -23"><span class='ocrx_word' id='word_1_489' title='bbox 119 3337 241 3386; x_wconf 82' lang='lat' dir='ltr'>Han</span> <span class='ocrx_word' id='word_1_490' title='bbox 259 3341 307 3392; x_wconf 87' lang='lat' dir='ltr'>d.</span> <span class='ocrx_word' id='word_1_491' title='bbox 354 3340 573 3391; x_wconf 78' lang='lat' dir='ltr'>Tursell.</span> <span class='ocrx_word' id='word_1_492' title='bbox 617 3342 717 3394; x_wconf 83' lang='lat' dir='ltr'>vol.</span> <span class='ocrx_word' id='word_1_493' title='bbox 762 3343 916 3407; x_wconf 50' lang='lat' dir='ltr'>II.*p.</span> <span class='ocrx_word' id='word_1_494' title='bbox 953 3341 1074 3393; x_wconf 84' lang='lat'>391.</span> <span class='ocrx_word' id='word_1_495' title='bbox 1149 3344 1388 3393; x_wconf 80' lang='lat' dir='ltr'>Extrema</span> <span class='ocrx_word' id='word_1_496' title='bbox 1428 3343 1524 3392; x_wconf 82' lang='lat' dir='ltr'>bac</span> <span class='ocrx_word' id='word_1_497' title='bbox 1568 3344 1620 3405; x_wconf 76' lang='grc' dir='ltr'>ς.</span> <span class='ocrx_word' id='word_1_498' title='bbox 1660 3344 1846 3393; x_wconf 87' lang='lat' dir='ltr'>veritus</span> <span class='ocrx_word' id='word_1_499' title='bbox 1889 3356 2004 3392; x_wconf 87' lang='lat' dir='ltr'>sum</span> <span class='ocrx_word' id='word_1_500' title='bbox 2051 3355 2212 3391; x_wconf 81' lang='lat' dir='ltr'>nonne</span> 
     </span>
    </p>
   </div>
   <div class='ocr_carea' id='block_1_3' title="bbox 122 1100 1303 1165">
    <p class='ocr_par' dir='ltr' id='par_1_3' title="bbox 122 1100 1303 1165">
     <span class='ocr_line' id='line_1_48' title="bbox 122 1100 1303 1165; baseline 0.002 -19"><span class='ocrx_word' id='word_1_501' title='bbox 122 1114 269 1148; x_wconf 72' lang='lat' dir='ltr'>versu</span> <span class='ocrx_word' id='word_1_502' title='bbox 305 1109 605 1165; x_wconf 91' lang='lat' dir='ltr'>poneretur,</span> <span class='ocrx_word' id='word_1_503' title='bbox 654 1102 707 1150; x_wconf 89' lang='lat' dir='ltr'>in</span> <span class='ocrx_word' id='word_1_504' title='bbox 745 1100 881 1150; x_wconf 86' lang='lat' dir='ltr'>hunc</span> <span class='ocrx_word' id='word_1_505' title='bbox 927 1100 1031 1150; x_wconf 83' lang='lat' dir='ltr'>l&#39;ere</span> <span class='ocrx_word' id='word_1_506' title='bbox 1069 1100 1303 1150; x_wconf 87' lang='lat' dir='ltr'>modum:</span> 
     </span>
    </p>
   </div>
  </div>
 </body>
</html>
