2514 3928
40 183 148 237 1oe
686 180 855 242 CAP.
884 186 1123 242 30—32.
1158 190 1208 252 S.
1239 190 1476 243 72—78.
1577 242 1582 243 ff
2018 187 2143 250 202

38 342 225 404 ritum
263 341 407 419 quia
444 352 509 406 te
541 353 706 406 teste
736 361 1103 422 cognoram,
1136 353 1198 408 te
1226 351 1446 412 eodem
1478 358 1736 415 auctore
1764 352 2053 415 defendi?
2084 363 2154 417 et

38 427 101 487 ei
132 428 336 489 dices:
376 429 502 500 Quo
526 427 756 504 usque?
785 445 967 507 quem
994 445 1207 507 negas,
1240 436 1410 508 quod
1431 452 1548 511 pro
1576 436 1781 515 Cispio
1807 440 2154 500 contende·

36 511 176 580 rim,
210 510 545 587 impetrare
567 513 890 588 potuisse?
916 515 1068 575 Nam
1093 515 1273 577 istius
1296 519 1469 580 verbi
1497 537 1612 595 quo
1638 539 1823 597 usqne
1845 522 2002 584 haec
2028 540 2148 598 po·
2259 540 2264 543 ’

37 600 207 655 terat
237 611 383 656 esse
408 594 666 658 invidia:
698 599 876 660 datus
906 598 1135 661 esttibi
1161 599 1282 673 ille,
1316 602 1704 666 condonatus
1728 613 1824 667 est
1851 605 1984 668 ille:
2015 624 2148 668 non-

41 677 202 738 facis
236 678 455 741 finem:
500 682 664 742 ferre
706 699 828 744 non
874 700 1241 759 possumus:
1290 685 1346 746 ei
1393 686 1667 762 quidem,
1715 689 1821 763 qui
1863 707 1978 766 pro
2013 708 2151 752 uno-

44 761 360 834 !aborarit,
391 764 452 824 id
477 764 677 840 ipsum
707 784 830 828 non
858 768 1205 841 obtinuerit,
1236 770 1394 831 dici:
1432 772 1554 842 Quo
1580 774 1801 847 usque?
1831 772 2152 835 irridentis

46 853 248 930 magis
275 862 373 915 est
407 868 589 929 quam
630 852 1171 929 reprehendentisz
1228 853 1350 914 nisi
1379 854 1536 914 forte
1566 870 1683 930 ego
1712 871 1873 916 unus
1913 854 1998 916 ita
2039 871 2148 917 me*

43 936 219 1013 gessi
246 935 307 998 in
331 936 608 1012 iudiciis,
647 936 732 999 ita
761 946 823 999 et
850 955 988 999 cum
1015 938 1113 999 his
1142 946 1205 1000 et
1236 937 1392 1001 inter
1419 938 1538 1000 hos
1567 937 1712 1012 vixi,
1745 939 1799 998 is
1833 936 1896 998 in
1928 937 2148 1001 causis-

42 1029 376 1097 patronus,
423 1021 477 1081 is
519 1023 578 1080 in
622 1038 690 1082 re
725 1021 972 1097 publica
999 1021 1151 1083 civis
1180 1029 1241 1082 et
1268 1039 1405 1082 sum
1435 1031 1498 1083 et
1527 1039 1775 1098 semper
1806 1021 1923 1097 fui,
1961 1024 2136 1083 solus

42 1116 115 1166 ut
144 1121 182 1164 a
214 1113 273 1165 te
304 1104 643 1166 constituar
685 1104 793 1179 qui
820 1104 971 1164 nihil
1011 1121 1049 1163 a
1072 1104 1380 1166 iudicibus
1410 1105 1667 1166 debeam
1699 1123 1994 1182 umquam
2026 1105 2107 1166 im

42 1198 310 1264 petrare.
410 1186 515 1250 76.
554 1187 645 1248 Et
682 1185 831 1247 mihi
871 1188 1246 1249 lacrimulam
1278 1187 1546 1263 Cispiani
1590 1188 1797 1249 iudicii
1839 1189 2135 1251 obiectas.

45 1271 154 1332 Sic
183 1271 343 1330 enim
378 1268 624 1329 dixisti:
669 1270 811 1331 Vidi
838 1285 947 1342 eqo
977 1275 1139 1328 tuam
1166 1272 1566 1331 lacrimulam.
1626 1273 1788 1333 Vide
1821 1290 2007 1346 quam
2035 1289 2148 1334 me

39 1354 134 1415 tui
178 1353 356 1414 verbi
395 1353 723 1428 poeniteat.
810 1352 944 1411 Non
976 1352 1159 1411 modo
1191 1350 1596 1423 lacrimulam,
1635 1355 1748 1412 sed
1804 1357 2024 1415 multas
2053 1356 2136 1413 la-

42 1439 279 1507 crimas
303 1444 366 1497 et
400 1435 610 1496 fletum
647 1451 784 1495 cum
821 1433 1094 1509 singultu
1121 1432 1333 1494 videre
1361 1433 1634 1510 potuisti.
1720 1438 1816 1495 An
1848 1451 1998 1509 ego,
2032 1437 2146 1511 qui·

44 1536 327 1582 meorum
359 1518 624 1580 lacrimis
653 1535 751 1579 me
781 1518 1039 1579 absente
1067 1525 1413 1579 commotus
1443 1516 1798 1591 simultateS,
1831 1535 1987 1592 quas
2011 1535 2136 1578 me-

42 1621 187 1665 cum
232 1603 528 1678 habebat,
583 1601 985 1678 deposuisset
1019 1618 1321 1676 meaeque
1363 1600 1580 1663 salutis
1622 1618 1743 1661 non
1786 1603 1971 1663 modo
2014 1618 2152 1663 nom
2234 1672 2239 1676 ¹

43 1695 461 1765 oppugnator,
491 1696 559 1748 ut
587 1685 813 1748 inimici
844 1686 964 1746 mei
996 1692 1296 1761 putarant,
1326 1686 1437 1746 sed
1470 1683 1653 1745 etiam
1676 1685 1966 1746 defensor
1990 1686 2138 1747 fuis·

41 1781 170 1847 set,
212 1771 398 1833 huius
432 1771 493 1831 in
528 1771 801 1846 periculo
832 1787 956 1831 non
987 1768 1400 1844 significarem
1433 1769 1708 1830 dolorem
1737 1777 1984 1830 meum?
2032 1767 2142 1834 77.

41 1857 134 1916 Tu
164 1864 389 1928 autem,
419 1854 793 1928 LaterensiS,
826 1854 931 1930 qui
962 1862 1086 1914 tum
1115 1853 1400 1913 lacrimas
1429 1869 1601 1914 meas
1630 1859 1835 1928 gratas
1871 1870 2016 1917 esse
2047 1853 2137 1914 di*

45 1939 257 2011 cebaS,
289 1954 454 1999 nunc
490 1939 740 1999 easdem
768 1938 864 1999 vis
893 1936 1236 1998 invidiosas
1261 1936 1476 1998 videri.

175 2021 418 2081 xxxu.
463 2022 666 2095 Negas
701 2021 1068 2083 tribunatum
1098 2021 1326 2082 Plancii
1358 2021 1692 2096 quidquam
1721 2022 2000 2084 attulisse
2029 2023 2111 2083 ad

45 2103 299 2166 iumenti
331 2103 606 2179 dignitati
640 2119 838 2177 meae,
888 2113 1074 2181 atque
1113 2104 1436 2180 hocloco,
1483 2105 1655 2179 quod
1696 2105 2019 2165 verissime
2049 2107 2136 2164 fa-

50 2202 195 2249 cere
226 2195 427 2263 potes,
456 2187 523 2249 L.
555 2186 791 2262 Racilii,
821 2186 1133 2251 fortissimi
1163 2197 1224 2250 et
1252 2186 1734 2250 constantissimi
1763 2186 1895 2260 viri,
1931 2188 2148 2248 divina>

49 2272 110 2331 in
142 2286 242 2331 me
275 2270 491 2331 merita
522 2286 985 2333 commemoras.
1053 2270 1161 2333 Cui
1193 2270 1438 2348 quidem
1473 2286 1612 2346 ego,
1640 2270 1801 2333 sicut
1833 2272 1936 2338 Cn.
1962 2271 2136 2332 Plan-

50 2355 177 2426 cio,
224 2370 560 2429 numquam
590 2353 970 2418 dissimulavi
1009 2371 1106 2416 me
1143 2356 1467 2431 plurimum
1509 2353 1735 2416 debere
1765 2371 2149 2431 semperque
2253 2381 2262 2390 ’

53 2453 204 2515 prae
235 2454 337 2499 me
368 2439 589 2499 serame
616 2439 823 2500 nullas
846 2438 1010 2500 enim
1041 2438 1160 2499 sibi
1196 2440 1296 2500 ille
1327 2454 1531 2514 neque
1565 2438 1990 2502 contentiones
2032 2455 2136 2499 ne-

52 2537 174 2598 que
215 2521 561 2583 inimicitias
600 2539 805 2598 neque
852 2524 1012 2583 vitae
1046 2522 1467 2584 dimicationes
1503 2538 1621 2582 nec
1647 2539 1762 2597 pro
1791 2538 1861 2583 re
1891 2521 2146 2597 publica*

47 2621 163 2667 nec
203 2622 317 2681 pro
352 2621 451 2667 me
486 2605 893 2681 defugiendas
933 2605 1188 2681 putavit.
1277 2607 1483 2681 Atque
1518 2605 1766 2679 utinam,
1802 2622 1983 2680 quam
2017 2620 2150 2678 ego

49 2705 186 2749 sum
214 2687 277 2749 in
304 2688 470 2750 illum
511 2698 750 2765 gratuS,
798 2697 921 2750 tam
950 2687 1226 2749 licuisset
1265 2705 1377 2763 per
1403 2687 1713 2749 hominum
1745 2687 1866 2747 vim
1897 2696 1958 2748 et
1985 2687 2136 2748 iniu-

50 2772 198 2834 riam
266 2775 502 2848 populo
560 2773 839 2834 Romano
871 2771 928 2834 ei
957 2773 1211 2849 gratiam
1246 2773 1499 2834 referret
1532 2770 1658 2832 Sed
1682 2770 1735 2831 si
1764 2787 1886 2832 uon
1918 2771 2142 2832 eadem

50 2855 364 2917 contendit
400 2855 462 2916 in
506 2855 813 2918 tribunatu
839 2856 1153 2931 Plancius,
1201 2854 1552 2917 existimare
1590 2854 1783 2917 debes
1824 2871 1944 2918 non
1993 2853 2148 2916 huie

48 2940 423 3001 voluntatem
461 2940 763 3013 defuisse,
806 2942 921 3001 sed
949 2957 1079 3014 me,
1123 2956 1310 3016 quum
1342 2948 1573 3001 tantum
1609 2939 1726 2999 iam
1751 2938 1998 3002 Plancio
2029 2940 2134 3001 de·

48 3023 277 3097 berem,
312 3023 528 3085 Racilii
558 3023 877 3085 beneficiis
907 3024 1104 3086 fuisse
1136 3033 1507 3087 contentum.
1581 3021 1680 3087 78.
1710 3025 1809 3085 An
1838 3040 1987 3087 vero
2021 3041 2135 3099 pu-

50 3113 146 3168 tas
174 3108 404 3169 idcirco
437 3107 640 3169 minus
669 3106 908 3169 iudices
930 3124 1071 3169 mea
1105 3125 1297 3170 causa
1337 3110 1629 3182 facturos,
1660 3108 1832 3183 quod
1861 3125 1959 3168 me
1989 3123 2145 3168 esse

49 3197 286 3267 gratum
309 3190 696 3254 crimineris?
734 3193 865 3266 An,
907 3208 1092 3267 quum
1135 3201 1343 3268 patres
1373 3191 1712 3267 conscripti
1747 3191 1849 3253 illo
1881 3199 2139 3252 senatus

44 3275 355 3350 consulto,
387 3272 559 3351 qdod
585 3277 646 3336 in
682 3283 1076 3338 monumento
1104 3275 1281 3337 Marii
1312 3277 1678 3357 factumest,
1708 3291 1833 3349 quo
1867 3290 2004 3333 mea
2032 3289 2132 3333 sa·

51 3357 145 3418 lus
175 3358 461 3419 omnibus
489 3366 587 3420 est
618 3358 904 3435 gentibus
933 3361 1390 3431 commendata,
1433 3358 1541 3421 uni
1570 3358 1675 3419 Cn.
1710 3356 1961 3419 Plancio
1994 3369 2137 3427 gra·

49 3438 165 3503 tias
195 3442 436 3518 egerint
457 3478 525 3491 -
551 3460 714 3505 unus
744 3442 906 3505 enim
937 3442 1050 3505 fuit
1070 3443 1149 3504 de
1177 3441 1632 3517 magistratibus
1650 3445 1779 3512 [ant
1796 3454 1912 3514 pro
1941 3432 2132 3505 mag*

2396 1737 2514 1850 riis

2375 2293 2512 2510 15τῖἱὸὶὶ
2380 2240 2472 2268 ἵ
2386 2077 2486 2172 ³73⁸?
2389 1841 2504 2012 Ῑῆῗυ

2455 2513 2502 2594 Δ..

2363 2501 2391 2722 otmunt:

2357 2772 2451 2940 stfffis
2389 2531 2448 2722 um*

2466 2611 2496 2945 “utu—tm.
