<?xml version="1.0" encoding="UTF-8"?>
<!DOCTYPE html PUBLIC "-//W3C//DTD XHTML 1.0 Transitional//EN"
    "http://www.w3.org/TR/xhtml1/DTD/xhtml1-transitional.dtd">
<html xmlns="http://www.w3.org/1999/xhtml" xml:lang="en" lang="en">
 <head>
  <title>
</title>
<meta http-equiv="Content-Type" content="text/html;charset=utf-8" />
  <meta name='ocr-system' content='tesseract 3.04.00' />
  <meta name='ocr-capabilities' content='ocr_page ocr_carea ocr_par ocr_line ocrx_word'/>
</head>
<body>
  <div class='ocr_page' id='page_1' title='image "./scriptaquaemans02cicegoog_0403.png"; bbox 0 0 2514 3928; ppageno 0'>
   <div class='ocr_carea' id='block_1_1' title="bbox 211 224 2289 291">
    <p class='ocr_par' dir='ltr' id='par_1_1' title="bbox 211 224 2289 291">
     <span class='ocr_line' id='line_1_1' title="bbox 211 224 2289 291; baseline 0.003 -8"><span class='ocrx_word' id='word_1_1' title='bbox 211 232 283 284; x_wconf 73' lang='lat'><strong>45</strong></span> <span class='ocrx_word' id='word_1_2' title='bbox 605 235 609 239; x_wconf 83' lang='grc'><em>“</em></span> <span class='ocrx_word' id='word_1_3' title='bbox 743 267 746 270; x_wconf 96' lang='grc'>-</span> <span class='ocrx_word' id='word_1_4' title='bbox 799 226 963 285; x_wconf 82' lang='lat' dir='ltr'><strong>CAP.</strong></span> <span class='ocrx_word' id='word_1_5' title='bbox 998 233 1268 288; x_wconf 79' lang='lat'><strong>38—41.</strong></span> <span class='ocrx_word' id='word_1_6' title='bbox 1313 231 1366 291; x_wconf 77' lang='lat' dir='ltr'><strong>S.</strong></span> <span class='ocrx_word' id='word_1_7' title='bbox 1397 232 1698 286; x_wconf 82' lang='lat'><strong>99—106.</strong></span> <span class='ocrx_word' id='word_1_8' title='bbox 2000 271 2009 280; x_wconf 89' lang='lat'><strong>.</strong></span> <span class='ocrx_word' id='word_1_9' title='bbox 2160 224 2289 289; x_wconf 81' lang='grc'><strong>343</strong></span> 
     </span>
    </p>
   </div>
   <div class='ocr_carea' id='block_1_2' title="bbox 154 369 2335 3540">
    <p class='ocr_par' dir='ltr' id='par_1_2' title="bbox 154 369 2335 3540">
     <span class='ocr_line' id='line_1_2' title="bbox 214 369 2286 453; baseline -0.001 -16"><span class='ocrx_word' id='word_1_10' title='bbox 214 373 653 453; x_wconf 73' lang='lat' dir='ltr'><strong>perstrinxisti,</strong></span> <span class='ocrx_word' id='word_1_11' title='bbox 712 384 778 437; x_wconf 85' lang='lat' dir='ltr'><strong>ut</strong></span> <span class='ocrx_word' id='word_1_12' title='bbox 825 375 1103 437; x_wconf 88' lang='lat' dir='ltr'><strong>florentis</strong></span> <span class='ocrx_word' id='word_1_13' title='bbox 1156 375 1436 437; x_wconf 88' lang='lat' dir='ltr'><strong>coloniae</strong></span> <span class='ocrx_word' id='word_1_14' title='bbox 1487 371 1851 434; x_wconf 79' lang='lat' dir='ltr'><strong>territorium</strong></span> <span class='ocrx_word' id='word_1_15' title='bbox 1898 369 2286 435; x_wconf 88' lang='lat' dir='ltr'><strong>minueretur.</strong></span> 
     </span>
     <span class='ocr_line' id='line_1_3' title="bbox 217 454 2286 535; baseline -0.002 -13"><span class='ocrx_word' id='word_1_16' title='bbox 217 457 359 523; x_wconf 86' lang='lat'><strong>103.</strong></span> <span class='ocrx_word' id='word_1_17' title='bbox 405 459 502 519; x_wconf 91' lang='lat' dir='ltr'><strong>Ab</strong></span> <span class='ocrx_word' id='word_1_18' title='bbox 546 455 660 518; x_wconf 86' lang='lat' dir='ltr'><strong>hac</strong></span> <span class='ocrx_word' id='word_1_19' title='bbox 694 457 1159 535; x_wconf 80' lang='lat' dir='ltr'>perturbatione</span> <span class='ocrx_word' id='word_1_20' title='bbox 1203 456 1567 532; x_wconf 85' lang='lat' dir='ltr'>religionum</span> <span class='ocrx_word' id='word_1_21' title='bbox 1604 456 1861 517; x_wconf 78' lang='lat' dir='ltr'><strong>advolas</strong></span> <span class='ocrx_word' id='word_1_22' title='bbox 1910 454 1971 515; x_wconf 90' lang='lat' dir='ltr'><strong>in</strong></span> <span class='ocrx_word' id='word_1_23' title='bbox 2010 456 2091 516; x_wconf 92' lang='grc' dir='ltr'><strong>Μ.</strong></span> <span class='ocrx_word' id='word_1_24' title='bbox 2136 458 2286 518; x_wconf 88' lang='lat' dir='ltr'><strong>Var-</strong></span> 
     </span>
     <span class='ocr_line' id='line_1_4' title="bbox 213 540 2286 617; baseline 0 -15"><span class='ocrx_word' id='word_1_25' title='bbox 213 543 416 612; x_wconf 76' lang='lat' dir='ltr'><strong>roniS,</strong></span> <span class='ocrx_word' id='word_1_26' title='bbox 448 540 821 603; x_wconf 84' lang='lat' dir='ltr'><strong>sanctissimi</strong></span> <span class='ocrx_word' id='word_1_27' title='bbox 847 549 1032 617; x_wconf 89' lang='lat' dir='ltr'><strong>atque</strong></span> <span class='ocrx_word' id='word_1_28' title='bbox 1060 542 1430 616; x_wconf 74' lang='lat' dir='ltr'><strong>integerrimi</strong></span> <span class='ocrx_word' id='word_1_29' title='bbox 1458 540 1601 612; x_wconf 88' lang='lat' dir='ltr'><strong>viri,</strong></span> <span class='ocrx_word' id='word_1_30' title='bbox 1636 540 1887 600; x_wconf 80' lang='lat' dir='ltr'><strong>fundum</strong></span> <span class='ocrx_word' id='word_1_31' title='bbox 1925 540 2286 602; x_wconf 71' lang='lat' dir='ltr'><strong>Casinatem.</strong></span> 
     </span>
     <span class='ocr_line' id='line_1_5' title="bbox 215 621 2287 700; baseline -0 -15"><span class='ocrx_word' id='word_1_32' title='bbox 215 626 347 699; x_wconf 85' lang='lat' dir='ltr'><strong>Quo</strong></span> <span class='ocrx_word' id='word_1_33' title='bbox 398 624 571 685; x_wconf 67' lang='lat' dir='ltr'><strong>iure?</strong></span> <span class='ocrx_word' id='word_1_34' title='bbox 628 641 751 700; x_wconf 90' lang='lat' dir='ltr'><strong>quo</strong></span> <span class='ocrx_word' id='word_1_35' title='bbox 794 632 944 685; x_wconf 63' lang='lat' dir='ltr'><strong>ore?</strong></span> <span class='ocrx_word' id='word_1_36' title='bbox 996 626 1264 698; x_wconf 89' lang='lat' dir='ltr'><strong>Eodem,</strong></span> <span class='ocrx_word' id='word_1_37' title='bbox 1308 622 1580 699; x_wconf 79' lang='lat' dir='ltr'><strong>inquieS‚</strong></span> <span class='ocrx_word' id='word_1_38' title='bbox 1625 639 1748 697; x_wconf 87' lang='lat' dir='ltr'><strong>quo</strong></span> <span class='ocrx_word' id='word_1_39' title='bbox 1775 621 1851 684; x_wconf 84' lang='lat' dir='ltr'><strong>in</strong></span> <span class='ocrx_word' id='word_1_40' title='bbox 1876 623 2180 685; x_wconf 58' lang='lat' dir='ltr'><strong>&gt;heredum</strong></span> <span class='ocrx_word' id='word_1_41' title='bbox 2220 625 2287 686; x_wconf 91' lang='lat' dir='ltr'><strong>L.</strong></span> 
     </span>
     <span class='ocr_line' id='line_1_6' title="bbox 216 704 2289 784; baseline 0 -15"><span class='ocrx_word' id='word_1_42' title='bbox 216 706 460 781; x_wconf 78' lang='lat' dir='ltr'><strong>Rubrii,</strong></span> <span class='ocrx_word' id='word_1_43' title='bbox 494 724 618 782; x_wconf 92' lang='lat' dir='ltr'><strong>quo</strong></span> <span class='ocrx_word' id='word_1_44' title='bbox 648 708 709 768; x_wconf 88' lang='lat' dir='ltr'><strong>in</strong></span> <span class='ocrx_word' id='word_1_45' title='bbox 740 709 1034 768; x_wconf 84' lang='lat' dir='ltr'><strong>heredum</strong></span> <span class='ocrx_word' id='word_1_46' title='bbox 1064 710 1132 768; x_wconf 73' lang='lat' dir='ltr'><strong>L.</strong></span> <span class='ocrx_word' id='word_1_47' title='bbox 1166 705 1738 782; x_wconf 55' lang='lat' dir='ltr'><strong>Turseli&#39;rpraedia,</strong></span> <span class='ocrx_word' id='word_1_48' title='bbox 1772 722 1896 780; x_wconf 88' lang='lat' dir='ltr'><strong>quo</strong></span> <span class='ocrx_word' id='word_1_49' title='bbox 1928 704 1988 766; x_wconf 91' lang='lat' dir='ltr'><strong>in</strong></span> <span class='ocrx_word' id='word_1_50' title='bbox 2020 708 2289 784; x_wconf 90' lang='lat' dir='ltr'><strong>reliquas</strong></span> 
     </span>
     <span class='ocr_line' id='line_1_7' title="bbox 216 788 2288 867; baseline 0.001 -17"><span class='ocrx_word' id='word_1_51' title='bbox 216 791 690 853; x_wconf 88' lang='lat' dir='ltr'><strong>innumerabiles</strong></span> <span class='ocrx_word' id='word_1_52' title='bbox 738 791 1198 867; x_wconf 88' lang='lat' dir='ltr'><strong>possessiones.</strong></span> <span class='ocrx_word' id='word_1_53' title='bbox 1268 791 1344 851; x_wconf 88' lang='lat' dir='ltr'><strong>Et</strong></span> <span class='ocrx_word' id='word_1_54' title='bbox 1385 790 1440 852; x_wconf 90' lang='lat' dir='ltr'><strong>si</strong></span> <span class='ocrx_word' id='word_1_55' title='bbox 1481 789 1558 849; x_wconf 89' lang='lat' dir='ltr'><strong>ab</strong></span> <span class='ocrx_word' id='word_1_56' title='bbox 1603 788 1807 860; x_wconf 89' lang='lat' dir='ltr'><strong>hasta,</strong></span> <span class='ocrx_word' id='word_1_57' title='bbox 1853 789 2050 850; x_wconf 90' lang='lat' dir='ltr'><strong>valeat</strong></span> <span class='ocrx_word' id='word_1_58' title='bbox 2093 791 2288 865; x_wconf 87' lang='lat' dir='ltr'><strong>hasta,</strong></span> 
     </span>
     <span class='ocr_line' id='line_1_8' title="bbox 217 872 2289 950; baseline 0 -17"><span class='ocrx_word' id='word_1_59' title='bbox 217 876 462 935; x_wconf 88' lang='lat' dir='ltr'><strong>valeant</strong></span> <span class='ocrx_word' id='word_1_60' title='bbox 489 874 760 950; x_wconf 89' lang='lat' dir='ltr'><strong>tabulae,</strong></span> <span class='ocrx_word' id='word_1_61' title='bbox 806 876 990 937; x_wconf 89' lang='lat' dir='ltr'><strong>modo</strong></span> <span class='ocrx_word' id='word_1_62' title='bbox 1021 875 1329 948; x_wconf 86' lang='lat' dir='ltr'><strong>Caesaris,</strong></span> <span class='ocrx_word' id='word_1_63' title='bbox 1381 891 1500 934; x_wconf 91' lang='lat' dir='ltr'><strong>non</strong></span> <span class='ocrx_word' id='word_1_64' title='bbox 1539 880 1707 944; x_wconf 89' lang='lat' dir='ltr'><strong>tuae,</strong></span> <span class='ocrx_word' id='word_1_65' title='bbox 1754 872 1978 947; x_wconf 86' lang='lat' dir='ltr'><strong>quibus</strong></span> <span class='ocrx_word' id='word_1_66' title='bbox 2010 873 2289 950; x_wconf 82' lang='lat' dir='ltr'><strong>debuisti,</strong></span> 
     </span>
     <span class='ocr_line' id='line_1_9' title="bbox 215 954 2290 1033; baseline 0 -16"><span class='ocrx_word' id='word_1_67' title='bbox 215 974 340 1018; x_wconf 88' lang='lat' dir='ltr'><strong>non</strong></span> <span class='ocrx_word' id='word_1_68' title='bbox 398 957 620 1033; x_wconf 84' lang='lat' dir='ltr'><strong>quibus</strong></span> <span class='ocrx_word' id='word_1_69' title='bbox 678 967 743 1020; x_wconf 86' lang='lat' dir='ltr'><strong>tu</strong></span> <span class='ocrx_word' id='word_1_70' title='bbox 787 966 844 1020; x_wconf 92' lang='lat' dir='ltr'><strong>te</strong></span> <span class='ocrx_word' id='word_1_71' title='bbox 882 957 1231 1021; x_wconf 84' lang='lat' dir='ltr'><strong>liberavisti.</strong></span> <span class='ocrx_word' id='word_1_72' title='bbox 1321 955 1616 1019; x_wconf 90' lang='lat' dir='ltr'><strong>Varronis</strong></span> <span class='ocrx_word' id='word_1_73' title='bbox 1632 954 1906 1031; x_wconf 58' lang='lat' dir='ltr'><strong>=quidem</strong></span> <span class='ocrx_word' id='word_1_74' title='bbox 1949 954 2290 1018; x_wconf 84' lang='lat' dir='ltr'><strong>Casinatem</strong></span> 
     </span>
     <span class='ocr_line' id='line_1_10' title="bbox 217 1037 2290 1117; baseline 0.001 -17"><span class='ocrx_word' id='word_1_75' title='bbox 217 1042 471 1102; x_wconf 74' lang='lat' dir='ltr'><strong>fundum</strong></span> <span class='ocrx_word' id='word_1_76' title='bbox 511 1040 663 1116; x_wconf 61' lang='lat' dir='ltr'><strong>‘quis</strong></span> <span class='ocrx_word' id='word_1_77' title='bbox 705 1041 955 1103; x_wconf 89' lang='lat' dir='ltr'><strong>venisse</strong></span> <span class='ocrx_word' id='word_1_78' title='bbox 993 1041 1183 1104; x_wconf 66' lang='lat' dir='ltr'><strong>dicit?</strong></span> <span class='ocrx_word' id='word_1_79' title='bbox 1247 1042 1384 1117; x_wconf 90' lang='lat' dir='ltr'><strong>quis</strong></span> <span class='ocrx_word' id='word_1_80' title='bbox 1426 1041 1662 1101; x_wconf 84' lang='lat' dir='ltr'><strong>hastam</strong></span> <span class='ocrx_word' id='word_1_81' title='bbox 1702 1037 1894 1099; x_wconf 61' lang='lat' dir='ltr'><strong>istius⁴</strong></span> <span class='ocrx_word' id='word_1_82' title='bbox 1923 1038 2290 1102; x_wconf 83' lang='lat' dir='ltr'><strong>venditionis</strong></span> 
     </span>
     <span class='ocr_line' id='line_1_11' title="bbox 216 1122 2283 1200; baseline 0 -17"><span class='ocrx_word' id='word_1_83' title='bbox 216 1123 408 1185; x_wconf 70' lang='lat' dir='ltr'><strong>vidit?</strong></span> <span class='ocrx_word' id='word_1_84' title='bbox 443 1124 580 1200; x_wconf 91' lang='lat' dir='ltr'><strong>quis</strong></span> <span class='ocrx_word' id='word_1_85' title='bbox 600 1140 819 1185; x_wconf 88' lang='lat' dir='ltr'><strong>vocem</strong></span> <span class='ocrx_word' id='word_1_86' title='bbox 842 1124 1171 1199; x_wconf 87' lang='lat' dir='ltr'><strong>praeconis</strong></span> <span class='ocrx_word' id='word_1_87' title='bbox 1194 1123 1467 1186; x_wconf 78' lang='lat' dir='ltr'><strong>audivit?</strong></span> <span class='ocrx_word' id='word_1_88' title='bbox 1496 1125 1744 1186; x_wconf 89' lang='lat' dir='ltr'><strong>Misisse</strong></span> <span class='ocrx_word' id='word_1_89' title='bbox 1766 1130 1832 1185; x_wconf 83' lang='lat' dir='ltr'><strong>te</strong></span> <span class='ocrx_word' id='word_1_90' title='bbox 1846 1122 2002 1185; x_wconf 88' lang='lat' dir='ltr'><strong>dicis</strong></span> <span class='ocrx_word' id='word_1_91' title='bbox 2026 1124 2283 1185; x_wconf 88' lang='lat' dir='ltr'><strong>Alexan·</strong></span> 
     </span>
     <span class='ocr_line' id='line_1_12' title="bbox 212 1206 2290 1284; baseline 0 -15"><span class='ocrx_word' id='word_1_92' title='bbox 212 1210 424 1269; x_wconf 89' lang='lat' dir='ltr'><strong>dream</strong></span> <span class='ocrx_word' id='word_1_93' title='bbox 451 1206 557 1281; x_wconf 87' lang='lat' dir='ltr'><strong>qui</strong></span> <span class='ocrx_word' id='word_1_94' title='bbox 582 1216 810 1270; x_wconf 90' lang='lat' dir='ltr'><strong>emeret</strong></span> <span class='ocrx_word' id='word_1_95' title='bbox 832 1225 870 1268; x_wconf 92' lang='lat' dir='ltr'><strong>a</strong></span> <span class='ocrx_word' id='word_1_96' title='bbox 893 1208 1175 1270; x_wconf 87' lang='lat' dir='ltr'><strong>Caesare.</strong></span> <span class='ocrx_word' id='word_1_97' title='bbox 1209 1207 1420 1283; x_wconf 89' lang='lat' dir='ltr'><strong>Ipsum</strong></span> <span class='ocrx_word' id='word_1_98' title='bbox 1441 1206 1603 1268; x_wconf 89' lang='lat' dir='ltr'><strong>enim</strong></span> <span class='ocrx_word' id='word_1_99' title='bbox 1626 1214 1988 1282; x_wconf 85' lang='lat' dir='ltr'><strong>exspectare</strong></span> <span class='ocrx_word' id='word_1_100' title='bbox 2001 1224 2290 1284; x_wconf 82' lang='lat' dir='ltr'><strong>magnum</strong></span> 
     </span>
     <span class='ocr_line' id='line_1_13' title="bbox 216 1290 2289 1367; baseline 0.001 -16"><span class='ocrx_word' id='word_1_101' title='bbox 216 1291 345 1353; x_wconf 80' lang='lat' dir='ltr'><strong>fuit.</strong></span> <span class='ocrx_word' id='word_1_102' title='bbox 385 1290 527 1353; x_wconf 83' lang='lat'><strong>104.</strong></span> <span class='ocrx_word' id='word_1_103' title='bbox 570 1290 719 1365; x_wconf 82' lang='lat' dir='ltr'><strong>Quis</strong></span> <span class='ocrx_word' id='word_1_104' title='bbox 750 1308 897 1353; x_wconf 87' lang='lat' dir='ltr'><strong>vero</strong></span> <span class='ocrx_word' id='word_1_105' title='bbox 930 1290 1164 1355; x_wconf 90' lang='lat' dir='ltr'><strong>audivit</strong></span> <span class='ocrx_word' id='word_1_106' title='bbox 1194 1307 1485 1367; x_wconf 89' lang='lat' dir='ltr'><strong>umquam</strong></span> <span class='ocrx_word' id='word_1_107' title='bbox 1509 1323 1595 1336; x_wconf 90' lang='lat'><strong>-—</strong></span> <span class='ocrx_word' id='word_1_108' title='bbox 1638 1290 1860 1351; x_wconf 92' lang='lat' dir='ltr'><strong>nullius</strong></span> <span class='ocrx_word' id='word_1_109' title='bbox 1892 1298 2092 1352; x_wconf 89' lang='lat' dir='ltr'><strong>autem</strong></span> <span class='ocrx_word' id='word_1_110' title='bbox 2120 1293 2289 1354; x_wconf 82' lang='lat' dir='ltr'><strong>salus</strong></span> 
     </span>
     <span class='ocr_line' id='line_1_14' title="bbox 212 1373 2290 1451; baseline 0.001 -16"><span class='ocrx_word' id='word_1_111' title='bbox 212 1391 401 1435; x_wconf 89' lang='lat' dir='ltr'><strong>curae</strong></span> <span class='ocrx_word' id='word_1_112' title='bbox 442 1375 722 1451; x_wconf 88' lang='lat' dir='ltr'><strong>pluribus</strong></span> <span class='ocrx_word' id='word_1_113' title='bbox 757 1376 868 1437; x_wconf 82' lang='lat' dir='ltr'><strong>suit</strong></span> <span class='ocrx_word' id='word_1_114' title='bbox 899 1407 987 1420; x_wconf 89' lang='lat'><strong>—-</strong></span> <span class='ocrx_word' id='word_1_115' title='bbox 1022 1377 1101 1436; x_wconf 90' lang='lat' dir='ltr'><strong>de</strong></span> <span class='ocrx_word' id='word_1_116' title='bbox 1140 1374 1409 1436; x_wconf 82' lang='lat' dir='ltr'><strong>fortunis</strong></span> <span class='ocrx_word' id='word_1_117' title='bbox 1428 1373 1726 1435; x_wconf 88' lang='lat' dir='ltr'><strong>Varronis</strong></span> <span class='ocrx_word' id='word_1_118' title='bbox 1772 1389 1900 1434; x_wconf 89' lang='lat' dir='ltr'><strong>rem</strong></span> <span class='ocrx_word' id='word_1_119' title='bbox 1929 1375 2114 1444; x_wconf 87' lang='lat' dir='ltr'><strong>ullam</strong></span> <span class='ocrx_word' id='word_1_120' title='bbox 2147 1393 2290 1437; x_wconf 90' lang='lat' dir='ltr'><strong>esse</strong></span> 
     </span>
     <span class='ocr_line' id='line_1_15' title="bbox 212 1457 2289 1534; baseline 0 -15"><span class='ocrx_word' id='word_1_121' title='bbox 212 1460 588 1522; x_wconf 68' lang='lat' dir='ltr'><strong>detractam?</strong></span> <span class='ocrx_word' id='word_1_122' title='bbox 627 1459 828 1534; x_wconf 69' lang='lat' dir='ltr'><strong>Quid?</strong></span> <span class='ocrx_word' id='word_1_123' title='bbox 865 1458 920 1519; x_wconf 88' lang='lat' dir='ltr'><strong>si</strong></span> <span class='ocrx_word' id='word_1_124' title='bbox 948 1459 1129 1521; x_wconf 89' lang='lat' dir='ltr'><strong>etiam</strong></span> <span class='ocrx_word' id='word_1_125' title='bbox 1164 1457 1415 1533; x_wconf 86' lang='lat' dir='ltr'><strong>scripsit</strong></span> <span class='ocrx_word' id='word_1_126' title='bbox 1443 1458 1521 1518; x_wconf 91' lang='lat' dir='ltr'><strong>ad</strong></span> <span class='ocrx_word' id='word_1_127' title='bbox 1548 1466 1608 1518; x_wconf 86' lang='lat' dir='ltr'><strong>te</strong></span> <span class='ocrx_word' id='word_1_128' title='bbox 1632 1457 1856 1517; x_wconf 89' lang='lat' dir='ltr'><strong>Caesar</strong></span> <span class='ocrx_word' id='word_1_129' title='bbox 1883 1465 1950 1517; x_wconf 89' lang='lat' dir='ltr'><strong>ut</strong></span> <span class='ocrx_word' id='word_1_130' title='bbox 1976 1458 2289 1533; x_wconf 77' lang='lat' dir='ltr'><strong>reddereS,</strong></span> 
     </span>
     <span class='ocr_line' id='line_1_16' title="bbox 215 1540 2291 1619; baseline 0.001 -18"><span class='ocrx_word' id='word_1_131' title='bbox 215 1541 365 1617; x_wconf 91' lang='lat' dir='ltr'><strong>quid</strong></span> <span class='ocrx_word' id='word_1_132' title='bbox 409 1544 559 1604; x_wconf 89' lang='lat' dir='ltr'><strong>satis</strong></span> <span class='ocrx_word' id='word_1_133' title='bbox 606 1551 809 1619; x_wconf 87' lang='lat' dir='ltr'><strong>potest</strong></span> <span class='ocrx_word' id='word_1_134' title='bbox 839 1542 960 1604; x_wconf 91' lang='lat' dir='ltr'><strong>dici</strong></span> <span class='ocrx_word' id='word_1_135' title='bbox 990 1544 1069 1603; x_wconf 91' lang='lat' dir='ltr'><strong>de</strong></span> <span class='ocrx_word' id='word_1_136' title='bbox 1098 1550 1263 1603; x_wconf 88' lang='lat' dir='ltr'><strong>tanta</strong></span> <span class='ocrx_word' id='word_1_137' title='bbox 1290 1540 1709 1617; x_wconf 68' lang='lat' dir='ltr'><strong>impudentia?</strong></span> <span class='ocrx_word' id='word_1_138' title='bbox 1752 1541 2024 1601; x_wconf 86' lang='lat' dir='ltr'><strong>Remove</strong></span> <span class='ocrx_word' id='word_1_139' title='bbox 2052 1541 2291 1615; x_wconf 87' lang='lat' dir='ltr'><strong>gladios</strong></span> 
     </span>
     <span class='ocr_line' id='line_1_17' title="bbox 215 1622 2292 1702; baseline 0.001 -19"><span class='ocrx_word' id='word_1_140' title='bbox 215 1642 548 1702; x_wconf 85' lang='lat' dir='ltr'><strong>parumper</strong></span> <span class='ocrx_word' id='word_1_141' title='bbox 577 1628 746 1701; x_wconf 91' lang='lat' dir='ltr'><strong>illos,</strong></span> <span class='ocrx_word' id='word_1_142' title='bbox 783 1642 945 1702; x_wconf 91' lang='lat' dir='ltr'><strong>quos</strong></span> <span class='ocrx_word' id='word_1_143' title='bbox 981 1626 1290 1687; x_wconf 85' lang='lat' dir='ltr'><strong>videmus:</strong></span> <span class='ocrx_word' id='word_1_144' title='bbox 1345 1622 2010 1699; x_wconf 84' lang='lat' dir='ltr'><strong>iamintclligesaliam</strong></span> <span class='ocrx_word' id='word_1_145' title='bbox 2041 1640 2292 1685; x_wconf 89' lang='lat' dir='ltr'><strong>causam</strong></span> 
     </span>
     <span class='ocr_line' id='line_1_18' title="bbox 218 1706 2272 1784; baseline 0 -16"><span class='ocrx_word' id='word_1_146' title='bbox 218 1724 362 1769; x_wconf 89' lang='lat' dir='ltr'><strong>esse</strong></span> <span class='ocrx_word' id='word_1_147' title='bbox 402 1708 619 1771; x_wconf 90' lang='lat' dir='ltr'><strong>hastae</strong></span> <span class='ocrx_word' id='word_1_148' title='bbox 648 1709 959 1784; x_wconf 87' lang='lat' dir='ltr'><strong>Caesaris,</strong></span> <span class='ocrx_word' id='word_1_149' title='bbox 1002 1708 1183 1770; x_wconf 89' lang='lat' dir='ltr'><strong>aliam</strong></span> <span class='ocrx_word' id='word_1_150' title='bbox 1224 1707 1724 1770; x_wconf 80' lang='lat' dir='ltr'><strong>confidentiaeet</strong></span> <span class='ocrx_word' id='word_1_151' title='bbox 1753 1706 2103 1770; x_wconf 80' lang='lat' dir='ltr'><strong>temeritatis</strong></span> <span class='ocrx_word' id='word_1_152' title='bbox 2131 1717 2272 1770; x_wconf 88' lang='lat' dir='ltr'><strong>tuae</strong></span> 
     </span>
     <span class='ocr_line' id='line_1_19' title="bbox 214 1790 2291 1867; baseline 0.001 -16"><span class='ocrx_word' id='word_1_153' title='bbox 214 1792 347 1852; x_wconf 87' lang='lat' dir='ltr'><strong>Non</strong></span> <span class='ocrx_word' id='word_1_154' title='bbox 377 1792 534 1862; x_wconf 82' lang='lat' dir='ltr'><strong>enim</strong></span> <span class='ocrx_word' id='word_1_155' title='bbox 569 1800 628 1853; x_wconf 90' lang='lat' dir='ltr'><strong>te</strong></span> <span class='ocrx_word' id='word_1_156' title='bbox 655 1794 938 1855; x_wconf 86' lang='lat' dir='ltr'><strong>dominus</strong></span> <span class='ocrx_word' id='word_1_157' title='bbox 968 1794 1155 1854; x_wconf 90' lang='lat' dir='ltr'><strong>modo</strong></span> <span class='ocrx_word' id='word_1_158' title='bbox 1185 1794 1313 1854; x_wconf 62' lang='lat' dir='ltr'><strong>illis,</strong></span> <span class='ocrx_word' id='word_1_159' title='bbox 1339 1792 1623 1864; x_wconf 78' lang='lat' dir='ltr'><strong>sedibuS‚</strong></span> <span class='ocrx_word' id='word_1_160' title='bbox 1655 1793 1768 1852; x_wconf 91' lang='lat' dir='ltr'><strong>sed</strong></span> <span class='ocrx_word' id='word_1_161' title='bbox 1807 1790 2010 1867; x_wconf 86' lang='lat' dir='ltr'><strong>quivis</strong></span> <span class='ocrx_word' id='word_1_162' title='bbox 2035 1791 2291 1867; x_wconf 79' lang='lat' dir='ltr'><strong>amicuS‚</strong></span> 
     </span>
     <span class='ocr_line' id='line_1_20' title="bbox 213 1874 2294 1954; baseline 0.001 -20"><span class='ocrx_word' id='word_1_163' title='bbox 213 1874 490 1951; x_wconf 81' lang='lat' dir='ltr'><strong>vicinuS,</strong></span> <span class='ocrx_word' id='word_1_164' title='bbox 519 1875 785 1952; x_wconf 81' lang='lat' dir='ltr'><strong>hospes,</strong></span> <span class='ocrx_word' id='word_1_165' title='bbox 827 1885 1190 1954; x_wconf 89' lang='lat' dir='ltr'><strong>procurator</strong></span> <span class='ocrx_word' id='word_1_166' title='bbox 1216 1876 1466 1937; x_wconf 85' lang='lat' dir='ltr'><strong>arcebit.</strong></span> <span class='ocrx_word' id='word_1_167' title='bbox 1552 1875 1701 1935; x_wconf 92' lang='lat' dir='ltr'><strong>XLI.</strong></span> <span class='ocrx_word' id='word_1_168' title='bbox 1745 1877 1828 1937; x_wconf 86' lang='lat' dir='ltr'><strong>At</strong></span> <span class='ocrx_word' id='word_1_169' title='bbox 1858 1891 2042 1951; x_wconf 92' lang='lat' dir='ltr'><strong>quam</strong></span> <span class='ocrx_word' id='word_1_170' title='bbox 2071 1878 2294 1939; x_wconf 89' lang='lat' dir='ltr'><strong>multos</strong></span> 
     </span>
     <span class='ocr_line' id='line_1_21' title="bbox 216 1958 2296 2038; baseline 0.001 -18"><span class='ocrx_word' id='word_1_171' title='bbox 216 1958 352 2021; x_wconf 91' lang='lat' dir='ltr'><strong>dies</strong></span> <span class='ocrx_word' id='word_1_172' title='bbox 398 1960 460 2019; x_wconf 90' lang='lat' dir='ltr'><strong>in</strong></span> <span class='ocrx_word' id='word_1_173' title='bbox 511 1976 588 2021; x_wconf 85' lang='lat' dir='ltr'><strong>ea</strong></span> <span class='ocrx_word' id='word_1_174' title='bbox 622 1961 763 2023; x_wconf 89' lang='lat' dir='ltr'><strong>villa</strong></span> <span class='ocrx_word' id='word_1_175' title='bbox 791 1960 1141 2038; x_wconf 86' lang='lat' dir='ltr'><strong>turpissime</strong></span> <span class='ocrx_word' id='word_1_176' title='bbox 1169 1970 1266 2024; x_wconf 91' lang='lat' dir='ltr'><strong>est</strong></span> <span class='ocrx_word' id='word_1_177' title='bbox 1295 1959 1767 2037; x_wconf 82' lang='lat' dir='ltr'><strong>perbacchatus!</strong></span> <span class='ocrx_word' id='word_1_178' title='bbox 1813 1959 1909 2020; x_wconf 88' lang='lat' dir='ltr'><strong>Ab</strong></span> <span class='ocrx_word' id='word_1_179' title='bbox 1938 1958 2093 2022; x_wconf 88' lang='lat' dir='ltr'><strong>hora</strong></span> <span class='ocrx_word' id='word_1_180' title='bbox 2120 1958 2296 2023; x_wconf 86' lang='lat' dir='ltr'><strong>tertia</strong></span> 
     </span>
     <span class='ocr_line' id='line_1_22' title="bbox 210 2042 2294 2120; baseline 0.002 -18"><span class='ocrx_word' id='word_1_181' title='bbox 210 2043 567 2115; x_wconf 87' lang='lat' dir='ltr'><strong>bibebatur,</strong></span> <span class='ocrx_word' id='word_1_182' title='bbox 604 2043 954 2118; x_wconf 90' lang='lat' dir='ltr'><strong>ludebatur,</strong></span> <span class='ocrx_word' id='word_1_183' title='bbox 985 2045 1359 2106; x_wconf 89' lang='lat' dir='ltr'><strong>vomebatur.</strong></span> <span class='ocrx_word' id='word_1_184' title='bbox 1407 2043 1453 2105; x_wconf 92' lang='grc' dir='ltr'>Ο</span> <span class='ocrx_word' id='word_1_185' title='bbox 1487 2051 1644 2105; x_wconf 88' lang='lat' dir='ltr'><strong>tecta</strong></span> <span class='ocrx_word' id='word_1_186' title='bbox 1673 2043 1811 2118; x_wconf 91' lang='lat' dir='ltr'><strong>ipsa</strong></span> <span class='ocrx_word' id='word_1_187' title='bbox 1832 2042 2083 2115; x_wconf 87' lang='lat' dir='ltr'><strong>misera,</strong></span> <span class='ocrx_word' id='word_1_188' title='bbox 2113 2051 2294 2120; x_wconf 81' lang='lat' dir='ltr'><strong>quam</strong></span> 
     </span>
     <span class='ocr_line' id='line_1_23' title="bbox 214 2125 2295 2204; baseline 0.001 -19"><span class='ocrx_word' id='word_1_189' title='bbox 214 2128 458 2202; x_wconf 80' lang='lat' dir='ltr'><strong>dispari</strong></span> <span class='ocrx_word' id='word_1_190' title='bbox 495 2125 765 2188; x_wconf 79' lang='lat' dir='ltr'><strong>domino!</strong></span> <span class='ocrx_word' id='word_1_191' title='bbox 821 2127 1197 2202; x_wconf 81' lang='lat' dir='ltr'><strong>Quamquam</strong></span> <span class='ocrx_word' id='word_1_192' title='bbox 1241 2142 1365 2204; x_wconf 87' lang='lat' dir='ltr'><strong>quo</strong></span> <span class='ocrx_word' id='word_1_193' title='bbox 1409 2128 1593 2189; x_wconf 90' lang='lat' dir='ltr'><strong>modo</strong></span> <span class='ocrx_word' id='word_1_194' title='bbox 1636 2126 1752 2188; x_wconf 84' lang='lat' dir='ltr'><strong>iste</strong></span> <span class='ocrx_word' id='word_1_195' title='bbox 1799 2125 2126 2188; x_wconf 72' lang='lat' dir='ltr'><strong>dominus?</strong></span> <span class='ocrx_word' id='word_1_196' title='bbox 2167 2127 2295 2188; x_wconf 89' lang='lat' dir='ltr'><strong>Sed</strong></span> 
     </span>
     <span class='ocr_line' id='line_1_24' title="bbox 217 2209 2292 2287; baseline 0 -17"><span class='ocrx_word' id='word_1_197' title='bbox 217 2219 420 2273; x_wconf 86' lang='lat' dir='ltr'><strong>tamen</strong></span> <span class='ocrx_word' id='word_1_198' title='bbox 455 2225 637 2285; x_wconf 89' lang='lat' dir='ltr'><strong>quam</strong></span> <span class='ocrx_word' id='word_1_199' title='bbox 668 2210 746 2270; x_wconf 87' lang='lat' dir='ltr'><strong>ab</strong></span> <span class='ocrx_word' id='word_1_200' title='bbox 777 2210 1008 2287; x_wconf 86' lang='lat' dir='ltr'><strong>dispari</strong></span> <span class='ocrx_word' id='word_1_201' title='bbox 1037 2211 1424 2273; x_wconf 89' lang='lat' dir='ltr'><strong>tenebantur!</strong></span> <span class='ocrx_word' id='word_1_202' title='bbox 1466 2210 1820 2272; x_wconf 88' lang='lat' dir='ltr'><strong>Studiorum</strong></span> <span class='ocrx_word' id='word_1_203' title='bbox 1849 2209 2010 2271; x_wconf 89' lang='lat' dir='ltr'><strong>enim</strong></span> <span class='ocrx_word' id='word_1_204' title='bbox 2041 2227 2292 2273; x_wconf 90' lang='lat' dir='ltr'><strong>suorum</strong></span> 
     </span>
     <span class='ocr_line' id='line_1_25' title="bbox 213 2290 2294 2370; baseline 0.002 -18"><span class='ocrx_word' id='word_1_205' title='bbox 213 2294 447 2354; x_wconf 90' lang='lat' dir='ltr'><strong>Varro</strong></span> <span class='ocrx_word' id='word_1_206' title='bbox 465 2293 658 2353; x_wconf 87' lang='lat' dir='ltr'><strong>voluit</strong></span> <span class='ocrx_word' id='word_1_207' title='bbox 696 2292 873 2368; x_wconf 91' lang='lat' dir='ltr'><strong>illud,</strong></span> <span class='ocrx_word' id='word_1_208' title='bbox 919 2311 1038 2369; x_wconf 87' lang='lat' dir='ltr'><strong>non</strong></span> <span class='ocrx_word' id='word_1_209' title='bbox 1072 2290 1385 2355; x_wconf 88' lang='lat' dir='ltr'><strong>libidinum</strong></span> <span class='ocrx_word' id='word_1_210' title='bbox 1417 2294 1856 2356; x_wconf 88' lang='lat' dir='ltr'><strong>deversorium.</strong></span> <span class='ocrx_word' id='word_1_211' title='bbox 1945 2293 2086 2364; x_wconf 84' lang='lat'><strong>105.</strong></span> <span class='ocrx_word' id='word_1_212' title='bbox 2127 2296 2294 2370; x_wconf 81' lang='lat' dir='ltr'><strong>Quae</strong></span> 
     </span>
     <span class='ocr_line' id='line_1_26' title="bbox 218 2341 2293 2454; baseline 0.002 -19"><span class='ocrx_word' id='word_1_213' title='bbox 218 2376 277 2435; x_wconf 89' lang='lat' dir='ltr'><strong>in</strong></span> <span class='ocrx_word' id='word_1_214' title='bbox 311 2377 413 2436; x_wconf 88' lang='lat' dir='ltr'><strong>illa</strong></span> <span class='ocrx_word' id='word_1_215' title='bbox 444 2376 585 2435; x_wconf 87' lang='lat' dir='ltr'><strong>villa</strong></span> <span class='ocrx_word' id='word_1_216' title='bbox 608 2384 789 2439; x_wconf 92' lang='lat' dir='ltr'><strong>antea</strong></span> <span class='ocrx_word' id='word_1_217' title='bbox 812 2341 1199 2440; x_wconf 84' lang='lat' dir='ltr'><strong>dicebantur!</strong></span> <span class='ocrx_word' id='word_1_218' title='bbox 1233 2373 1394 2453; x_wconf 87' lang='lat' dir='ltr'><strong>quae</strong></span> <span class='ocrx_word' id='word_1_219' title='bbox 1417 2378 1866 2454; x_wconf 76' lang='lat' dir='ltr'><strong>cogitabantur!</strong></span> <span class='ocrx_word' id='word_1_220' title='bbox 1900 2395 2060 2454; x_wconf 88' lang='lat' dir='ltr'><strong>quae</strong></span> <span class='ocrx_word' id='word_1_221' title='bbox 2080 2377 2293 2440; x_wconf 84' lang='lat' dir='ltr'><strong>litteris</strong></span> 
     </span>
     <span class='ocr_line' id='line_1_27' title="bbox 217 2459 2288 2537; baseline 0.001 -18"><span class='ocrx_word' id='word_1_222' title='bbox 217 2459 722 2520; x_wconf 88' lang='lat' dir='ltr'><strong>mandabantur!</strong></span> <span class='ocrx_word' id='word_1_223' title='bbox 756 2462 895 2523; x_wconf 88' lang='lat' dir='ltr'><strong>Iura</strong></span> <span class='ocrx_word' id='word_1_224' title='bbox 950 2461 1163 2537; x_wconf 81' lang='lat' dir='ltr'><strong>populi</strong></span> <span class='ocrx_word' id='word_1_225' title='bbox 1206 2460 1494 2534; x_wconf 87' lang='lat' dir='ltr'><strong>Romani,</strong></span> <span class='ocrx_word' id='word_1_226' title='bbox 1546 2471 1937 2524; x_wconf 82' lang='lat' dir='ltr'><strong>monumenta</strong></span> <span class='ocrx_word' id='word_1_227' title='bbox 1978 2461 2288 2535; x_wconf 88' lang='lat' dir='ltr'><strong>maiorum,</strong></span> 
     </span>
     <span class='ocr_line' id='line_1_28' title="bbox 215 2541 2292 2620; baseline 0 -16"><span class='ocrx_word' id='word_1_228' title='bbox 215 2541 418 2604; x_wconf 89' lang='lat' dir='ltr'><strong>omnis</strong></span> <span class='ocrx_word' id='word_1_229' title='bbox 448 2542 789 2618; x_wconf 83' lang='lat' dir='ltr'><strong>sapientiae</strong></span> <span class='ocrx_word' id='word_1_230' title='bbox 818 2544 974 2606; x_wconf 89' lang='lat' dir='ltr'><strong>ratio</strong></span> <span class='ocrx_word' id='word_1_231' title='bbox 1020 2545 1348 2620; x_wconf 90' lang='lat' dir='ltr'><strong>omnisque</strong></span> <span class='ocrx_word' id='word_1_232' title='bbox 1378 2546 1712 2608; x_wconf 88' lang='lat' dir='ltr'><strong>doctrinae.</strong></span> <span class='ocrx_word' id='word_1_233' title='bbox 1776 2549 1860 2607; x_wconf 87' lang='lat' dir='ltr'><strong>At</strong></span> <span class='ocrx_word' id='word_1_234' title='bbox 1911 2563 2058 2607; x_wconf 91' lang='lat' dir='ltr'><strong>vero</strong></span> <span class='ocrx_word' id='word_1_235' title='bbox 2102 2554 2161 2607; x_wconf 85' lang='lat' dir='ltr'><strong>te</strong></span> <span class='ocrx_word' id='word_1_236' title='bbox 2203 2545 2292 2606; x_wconf 89' lang='lat' dir='ltr'><strong>in-</strong></span> 
     </span>
     <span class='ocr_line' id='line_1_29' title="bbox 215 2625 2294 2705; baseline 0 -18"><span class='ocrx_word' id='word_1_237' title='bbox 215 2625 449 2701; x_wconf 89' lang='lat' dir='ltr'><strong>quilino</strong></span> <span class='ocrx_word' id='word_1_238' title='bbox 480 2660 566 2674; x_wconf 90' lang='lat'><strong>·—·</strong></span> <span class='ocrx_word' id='word_1_239' title='bbox 594 2644 711 2691; x_wconf 90' lang='lat' dir='ltr'><strong>non</strong></span> <span class='ocrx_word' id='word_1_240' title='bbox 757 2629 916 2689; x_wconf 89' lang='lat' dir='ltr'><strong>enim</strong></span> <span class='ocrx_word' id='word_1_241' title='bbox 962 2628 1210 2690; x_wconf 87' lang='lat' dir='ltr'><strong>domino</strong></span> <span class='ocrx_word' id='word_1_242' title='bbox 1244 2662 1317 2674; x_wconf 89' lang='lat'><strong>--</strong></span> <span class='ocrx_word' id='word_1_243' title='bbox 1350 2630 1768 2705; x_wconf 87' lang='lat' dir='ltr'><strong>personabant</strong></span> <span class='ocrx_word' id='word_1_244' title='bbox 1797 2627 2001 2688; x_wconf 87' lang='lat' dir='ltr'><strong>omnia</strong></span> <span class='ocrx_word' id='word_1_245' title='bbox 2035 2629 2294 2688; x_wconf 91' lang='lat' dir='ltr'><strong>vocibus</strong></span> 
     </span>
     <span class='ocr_line' id='line_1_30' title="bbox 214 2709 2292 2788; baseline -0.001 -18"><span class='ocrx_word' id='word_1_246' title='bbox 214 2711 553 2771; x_wconf 82' lang='lat' dir='ltr'><strong>ebriorum=</strong></span> <span class='ocrx_word' id='word_1_247' title='bbox 619 2712 909 2775; x_wconf 87' lang='lat' dir='ltr'><strong>natabant</strong></span> <span class='ocrx_word' id='word_1_248' title='bbox 967 2710 1317 2788; x_wconf 88' lang='lat' dir='ltr'><strong>pavimenta</strong></span> <span class='ocrx_word' id='word_1_249' title='bbox 1368 2711 1552 2774; x_wconf 73' lang='lat' dir='ltr'><strong>vinoz</strong></span> <span class='ocrx_word' id='word_1_250' title='bbox 1614 2711 1943 2774; x_wconf 89' lang='lat' dir='ltr'><strong>madebant</strong></span> <span class='ocrx_word' id='word_1_251' title='bbox 1995 2709 2292 2787; x_wconf 58' lang='lat' dir='ltr'><strong>parietes!</strong></span> 
     </span>
     <span class='ocr_line' id='line_1_31' title="bbox 213 2792 2335 2869; baseline 0.001 -16"><span class='ocrx_word' id='word_1_252' title='bbox 213 2792 467 2868; x_wconf 84' lang='lat' dir='ltr'><strong>ingenui</strong></span> <span class='ocrx_word' id='word_1_253' title='bbox 507 2794 681 2869; x_wconf 87' lang='lat' dir='ltr'><strong>pueri</strong></span> <span class='ocrx_word' id='word_1_254' title='bbox 723 2811 861 2856; x_wconf 87' lang='lat' dir='ltr'><strong>cum</strong></span> <span class='ocrx_word' id='word_1_255' title='bbox 905 2794 1262 2868; x_wconf 81' lang='lat' dir='ltr'><strong>meritoriiS,</strong></span> <span class='ocrx_word' id='word_1_256' title='bbox 1316 2805 1525 2857; x_wconf 87' lang='lat' dir='ltr'><strong>scorta</strong></span> <span class='ocrx_word' id='word_1_257' title='bbox 1563 2794 1719 2857; x_wconf 89' lang='lat' dir='ltr'><strong>inter</strong></span> <span class='ocrx_word' id='word_1_258' title='bbox 1756 2801 1982 2855; x_wconf 87' lang='lat' dir='ltr'><strong>matres</strong></span> <span class='ocrx_word' id='word_1_259' title='bbox 2036 2792 2292 2855; x_wconf 81' lang='lat' dir='ltr'><strong>familias</strong></span> <span class='ocrx_word' id='word_1_260' title='bbox 2334 2808 2335 2811; x_wconf 72' lang='grc'>’</span> 
     </span>
     <span class='ocr_line' id='line_1_32' title="bbox 214 2877 2295 2954; baseline 0.001 -18"><span class='ocrx_word' id='word_1_261' title='bbox 214 2877 634 2940; x_wconf 79' lang='lat' dir='ltr'><strong>versabantur.</strong></span> <span class='ocrx_word' id='word_1_262' title='bbox 680 2878 903 2941; x_wconf 89' lang='lat' dir='ltr'><strong>Casino</strong></span> <span class='ocrx_word' id='word_1_263' title='bbox 928 2880 1252 2941; x_wconf 86' lang='lat' dir='ltr'><strong>salutatum</strong></span> <span class='ocrx_word' id='word_1_264' title='bbox 1279 2880 1619 2954; x_wconf 88' lang='lat' dir='ltr'><strong>veniebant,</strong></span> <span class='ocrx_word' id='word_1_265' title='bbox 1643 2877 1909 2954; x_wconf 85' lang='lat' dir='ltr'><strong>Aquino,</strong></span> <span class='ocrx_word' id='word_1_266' title='bbox 1933 2878 2295 2940; x_wconf 86' lang='lat' dir='ltr'><strong>Interamna.</strong></span> 
     </span>
     <span class='ocr_line' id='line_1_33' title="bbox 154 2958 2300 3038; baseline 0.001 -18"><span class='ocrx_word' id='word_1_267' title='bbox 154 2958 160 2965; x_wconf 79' lang='grc'>’</span> <span class='ocrx_word' id='word_1_268' title='bbox 213 2960 548 3023; x_wconf 88' lang='lat' dir='ltr'><strong>Admissus</strong></span> <span class='ocrx_word' id='word_1_269' title='bbox 591 2971 687 3024; x_wconf 89' lang='lat' dir='ltr'><strong>est</strong></span> <span class='ocrx_word' id='word_1_270' title='bbox 730 2979 929 3024; x_wconf 90' lang='lat' dir='ltr'><strong>nemo.</strong></span> <span class='ocrx_word' id='word_1_271' title='bbox 994 2964 1133 3024; x_wconf 87' lang='lat' dir='ltr'><strong>Iure</strong></span> <span class='ocrx_word' id='word_1_272' title='bbox 1172 2962 1238 3025; x_wconf 87' lang='lat' dir='ltr'><strong>id</strong></span> <span class='ocrx_word' id='word_1_273' title='bbox 1268 2961 1536 3038; x_wconf 89' lang='lat' dir='ltr'><strong>quidem.</strong></span> <span class='ocrx_word' id='word_1_274' title='bbox 1603 2964 1668 3022; x_wconf 91' lang='lat' dir='ltr'><strong>In</strong></span> <span class='ocrx_word' id='word_1_275' title='bbox 1700 2962 1942 3024; x_wconf 89' lang='lat' dir='ltr'><strong>homine</strong></span> <span class='ocrx_word' id='word_1_276' title='bbox 1975 2963 2135 3022; x_wconf 90' lang='lat' dir='ltr'><strong>enim</strong></span> <span class='ocrx_word' id='word_1_277' title='bbox 2155 2972 2300 3025; x_wconf 88' lang='lat' dir='ltr'><strong>tur-</strong></span> 
     </span>
     <span class='ocr_line' id='line_1_34' title="bbox 214 3041 2301 3129; baseline 0.002 -26"><span class='ocrx_word' id='word_1_278' title='bbox 214 3041 474 3119; x_wconf 81' lang='lat' dir='ltr'><strong>pissimo</strong></span> <span class='ocrx_word' id='word_1_279' title='bbox 524 3045 970 3108; x_wconf 84' lang='lat' dir='ltr'><strong>obsolefiebant</strong></span> <span class='ocrx_word' id='word_1_280' title='bbox 1007 3044 1319 3129; x_wconf 80' lang='lat' dir='ltr'><strong>dignitatis</strong></span> <span class='ocrx_word' id='word_1_281' title='bbox 1363 3045 1644 3123; x_wconf 84' lang='lat' dir='ltr'><strong>insignia.</strong></span> <span class='ocrx_word' id='word_1_282' title='bbox 1736 3044 1873 3108; x_wconf 86' lang='grc'><strong>106.</strong></span> <span class='ocrx_word' id='word_1_283' title='bbox 1915 3046 2109 3122; x_wconf 80' lang='lat' dir='ltr'><strong>Quum</strong></span> <span class='ocrx_word' id='word_1_284' title='bbox 2153 3046 2301 3109; x_wconf 84' lang='lat' dir='ltr'><strong>inde</strong></span> 
     </span>
     <span class='ocr_line' id='line_1_35' title="bbox 215 3122 2293 3227; baseline 0.001 -39"><span class='ocrx_word' id='word_1_285' title='bbox 215 3128 473 3189; x_wconf 89' lang='lat' dir='ltr'><strong>Romam</strong></span> <span class='ocrx_word' id='word_1_286' title='bbox 535 3129 936 3205; x_wconf 86' lang='lat' dir='ltr'><strong>proficiscens</strong></span> <span class='ocrx_word' id='word_1_287' title='bbox 988 3131 1070 3190; x_wconf 89' lang='lat' dir='ltr'><strong>ad</strong></span> <span class='ocrx_word' id='word_1_288' title='bbox 1110 3122 1424 3227; x_wconf 80' lang='lat' dir='ltr'><strong>Aquinum</strong></span> <span class='ocrx_word' id='word_1_289' title='bbox 1477 3131 1831 3203; x_wconf 88' lang='lat' dir='ltr'><strong>accederet,</strong></span> <span class='ocrx_word' id='word_1_290' title='bbox 1891 3132 1973 3191; x_wconf 91' lang='lat' dir='ltr'><strong>ob</strong></span> <span class='ocrx_word' id='word_1_291' title='bbox 2034 3131 2194 3192; x_wconf 91' lang='lat' dir='ltr'><strong>viam</strong></span> <span class='ocrx_word' id='word_1_292' title='bbox 2234 3128 2293 3194; x_wconf 82' lang='lat' dir='ltr'><strong>ei</strong></span> 
     </span>
     <span class='ocr_line' id='line_1_36' title="bbox 217 3211 2294 3291; baseline 0.001 -21"><span class='ocrx_word' id='word_1_293' title='bbox 217 3211 555 3286; x_wconf 88' lang='lat' dir='ltr'><strong>processit,</strong></span> <span class='ocrx_word' id='word_1_294' title='bbox 597 3222 664 3274; x_wconf 92' lang='lat' dir='ltr'><strong>ut</strong></span> <span class='ocrx_word' id='word_1_295' title='bbox 706 3222 802 3276; x_wconf 92' lang='lat' dir='ltr'><strong>est</strong></span> <span class='ocrx_word' id='word_1_296' title='bbox 840 3214 1133 3290; x_wconf 83' lang='lat' dir='ltr'><strong>frequens</strong></span> <span class='ocrx_word' id='word_1_297' title='bbox 1177 3213 1605 3290; x_wconf 83' lang='lat' dir='ltr'><strong>municipium,</strong></span> <span class='ocrx_word' id='word_1_298' title='bbox 1649 3231 1872 3291; x_wconf 81' lang='lat' dir='ltr'><strong>magna</strong></span> <span class='ocrx_word' id='word_1_299' title='bbox 1913 3232 2062 3276; x_wconf 89' lang='lat' dir='ltr'><strong>sane</strong></span> <span class='ocrx_word' id='word_1_300' title='bbox 2098 3213 2294 3276; x_wconf 89' lang='lat' dir='ltr'><strong>multi-</strong></span> 
     </span>
     <span class='ocr_line' id='line_1_37' title="bbox 218 3294 2295 3375; baseline 0 -21"><span class='ocrx_word' id='word_1_301' title='bbox 218 3294 387 3356; x_wconf 91' lang='lat' dir='ltr'><strong>tudo.</strong></span> <span class='ocrx_word' id='word_1_302' title='bbox 455 3296 539 3356; x_wconf 87' lang='lat' dir='ltr'><strong>At</strong></span> <span class='ocrx_word' id='word_1_303' title='bbox 576 3294 693 3359; x_wconf 89' lang='lat' dir='ltr'><strong>iste</strong></span> <span class='ocrx_word' id='word_1_304' title='bbox 723 3306 938 3373; x_wconf 89' lang='lat' dir='ltr'><strong>operta</strong></span> <span class='ocrx_word' id='word_1_305' title='bbox 973 3295 1189 3359; x_wconf 88' lang='lat' dir='ltr'><strong>lectica</strong></span> <span class='ocrx_word' id='word_1_306' title='bbox 1219 3299 1379 3359; x_wconf 90' lang='lat' dir='ltr'><strong>latus</strong></span> <span class='ocrx_word' id='word_1_307' title='bbox 1414 3313 1526 3375; x_wconf 87' lang='lat' dir='ltr'><strong>per</strong></span> <span class='ocrx_word' id='word_1_308' title='bbox 1553 3297 1849 3374; x_wconf 89' lang='lat' dir='ltr'><strong>oppidum</strong></span> <span class='ocrx_word' id='word_1_309' title='bbox 1876 3307 2002 3372; x_wconf 82' lang='lat' dir='ltr'><strong>est,</strong></span> <span class='ocrx_word' id='word_1_310' title='bbox 2043 3307 2107 3360; x_wconf 88' lang='lat' dir='ltr'><strong>ut</strong></span> <span class='ocrx_word' id='word_1_311' title='bbox 2135 3313 2295 3357; x_wconf 90' lang='lat' dir='ltr'><strong>mor-</strong></span> 
     </span>
     <span class='ocr_line' id='line_1_38' title="bbox 217 3376 2296 3456; baseline 0 -19"><span class='ocrx_word' id='word_1_312' title='bbox 217 3385 380 3437; x_wconf 91' lang='lat' dir='ltr'><strong>tuus.</strong></span> <span class='ocrx_word' id='word_1_313' title='bbox 449 3378 643 3441; x_wconf 86' lang='lat' dir='ltr'><strong>Stulte</strong></span> <span class='ocrx_word' id='word_1_314' title='bbox 673 3380 1045 3456; x_wconf 75' lang='lat' dir='ltr'><strong>Aquinates:</strong></span> <span class='ocrx_word' id='word_1_315' title='bbox 1092 3381 1206 3442; x_wconf 90' lang='lat' dir='ltr'><strong>sed</strong></span> <span class='ocrx_word' id='word_1_316' title='bbox 1235 3389 1436 3443; x_wconf 88' lang='lat' dir='ltr'><strong>tamen</strong></span> <span class='ocrx_word' id='word_1_317' title='bbox 1471 3382 1532 3442; x_wconf 92' lang='lat' dir='ltr'><strong>in</strong></span> <span class='ocrx_word' id='word_1_318' title='bbox 1569 3381 1668 3442; x_wconf 89' lang='lat' dir='ltr'><strong>via</strong></span> <span class='ocrx_word' id='word_1_319' title='bbox 1702 3380 2070 3442; x_wconf 89' lang='lat' dir='ltr'><strong>habitabant.</strong></span> <span class='ocrx_word' id='word_1_320' title='bbox 2137 3376 2296 3452; x_wconf 81' lang='lat' dir='ltr'><strong>Quid</strong></span> 
     </span>
     <span class='ocr_line' id='line_1_39' title="bbox 218 3460 2295 3540; baseline 0.001 -22"><span class='ocrx_word' id='word_1_321' title='bbox 218 3460 563 3536; x_wconf 71' lang='lat' dir='ltr'><strong>Anagnini‘e</strong></span> <span class='ocrx_word' id='word_1_322' title='bbox 604 3461 747 3538; x_wconf 80' lang='lat' dir='ltr'><strong>Qui,</strong></span> <span class='ocrx_word' id='word_1_323' title='bbox 792 3480 979 3540; x_wconf 88' lang='lat' dir='ltr'><strong>quum</strong></span> <span class='ocrx_word' id='word_1_324' title='bbox 1009 3472 1223 3526; x_wconf 90' lang='lat' dir='ltr'><strong>essent</strong></span> <span class='ocrx_word' id='word_1_325' title='bbox 1252 3463 1445 3538; x_wconf 90' lang='lat' dir='ltr'><strong>devii,</strong></span> <span class='ocrx_word' id='word_1_326' title='bbox 1480 3465 1964 3536; x_wconf 84' lang='lat' dir='ltr'><strong>descenderunt,</strong></span> <span class='ocrx_word' id='word_1_327' title='bbox 1997 3476 2061 3523; x_wconf 86' lang='lat' dir='ltr'><strong>ut</strong></span> <span class='ocrx_word' id='word_1_328' title='bbox 2088 3461 2295 3532; x_wconf 86' lang='lat' dir='ltr'><strong>istum,</strong></span> 
     </span>
    </p>
   </div>
  </div>
 </body>
</html>
