2514 3928
189 161 212 174 ⁸
321 207 449 271 452
587 209 664 269 IN
698 210 780 270 Μ.
816 209 1219 272 ANTONIUM
1248 207 1534 271 ORATIO
1562 209 1986 269 PH1L1PPICA
2011 210 2173 269 XIII.
2346 219 2449 273 154

324 362 467 432 sed,
521 359 690 435 quod
730 358 976 421 silentio
1008 361 1231 421 bellum
1267 358 1446 420 civile
1478 361 1857 430 confecerat,
1909 377 2104 435 quum
2149 358 2443 435 primum

322 443 519 515 licuit,
569 441 838 504 honores
881 444 939 503 in
987 460 1124 504 eum
1172 442 1479 504 maximos
1517 442 1883 505 contulistis.
1968 445 2047 502 V.
2125 442 2244 504 10.
2296 445 2445 504 Exi-

323 527 617 587 stimasne
659 526 868 602 igitur,
910 527 993 586 Μ.
1031 526 1297 601 Lepide,
1344 529 1595 600 quatem<
1613 525 1969 601 Pompeium
2012 543 2121 587 res
2169 528 2443 602 publica

321 608 601 669 habitura
643 609 723 670 sit
760 610 987 681 civem,
1020 613 1173 670 tales
1205 612 1455 671 futuros
1468 611 1531 670 in
1562 610 1906 684 republica
1933 611 2324 671 Antonios?
2378 613 2440 670 In

320 695 512 754 altero
559 694 787 768 pudor,
820 696 1117 769 gravium,
1155 692 1527 768 moderatio,
1564 692 1908 767 integritas=
1968 693 2032 753 in
2074 694 2208 753 illis
2232 727 2353 741 -—-
2383 705 2440 755 et

324 794 510 851 quum
542 777 659 838 hos
690 779 1023 852 compelle,
1056 783 1374 851 praetereo
1408 777 1611 837 anim‘o
1642 793 1722 836 ex
1749 792 1937 851 grege
1968 777 2307 837 latrocinii
2337 794 2436 836 ne·

320 861 543 919 minem
589 891 672 901 —
711 860 1025 934 libidines,
1066 862 1338 935 scelera,
1376 861 1462 919 ad
1489 875 1669 920 omne
1712 858 1952 920 facinus
1983 861 2298 921 immanis
2331 878 2429 921 au·

322 943 517 1004 dacia.
591 944 826 1003 Deinde
858 960 970 1004 vos
1004 945 1301 1016 obsecro,
1335 951 1539 1018 patres
1570 942 1932 1017 conscripti,
1972 944 2125 1017 quis
2158 944 2297 1004 hoc
2332 960 2430 1005 ve·

319 1036 510 1087 strum
544 1043 665 1085 non
701 1027 896 1099 videt,
928 1028 1092 1101 quod
1124 1026 1437 1087 Fortuna
1422 1033 1588 1101 ipsa',
1621 1042 1782 1101 quae
1811 1025 2036 1086 dicitur
2066 1042 2315 1103 caeca,
2348 1027 2429 1087 vi·

318 1109 472 1169 dit?
504 1109 705 1182 Salvis
735 1109 892 1168 enirn
935 1110 1089 1169 actis
1120 1109 1429 1184 Caesam,
1450 1126 1633 1184 quae
1673 1109 2047 1170 concordiae
2079 1126 2299 1171 causa
2326 1112 2424 1171 de-

320 1192 655 1264 fendimuS,
689 1179 977 1267 Pompeio
1003 1184 1115 1253 sua
1145 1193 1367 1253 domus
1393 1191 1651 1269 patebit,
1679 1209 1937 1267 eamque
1967 1209 2098 1252 non
2132 1194 2421 1265 minoris,

319 1293 503 1351 quam
536 1276 679 1337 emit
705 1279 1030 1350 Antonius,
1063 1276 1352 1337 redimet:
1387 1278 1659 1350 redimet,
1690 1278 1957 1351 inquam,
1989 1276 2102 1336 Cn.
2133 1276 2421 1353 Pompeii

319 1362 566 1420 domurn
592 1359 773 1419 filius.
820 1359 868 1419 Ο
892 1376 1020 1419 rem
1042 1360 1356 1420 acerbam!
1388 1359 1512 1421 Sed
1539 1361 1692 1420 haec
1714 1360 1864 1420 satis
1890 1360 1996 1419 diu
2020 1362 2421 1437 multumque

320 1443 543 1504 defleta
568 1452 726 1504 sunt.
773 1442 1145 1503 Decrevistis
1179 1451 1402 1503 tantam
1429 1442 1744 1518 pecuniam
1758 1443 2078 1517 Pompeio,
2113 1453 2417 1519 quantam

318 1544 396 1585 ex
428 1526 609 1587 bonis
641 1525 852 1602 patriis
894 1527 952 1587 in
986 1528 1250 1602 praedae
1281 1526 1684 1602 dissipatione
1717 1525 1997 1586 inimicus
2032 1527 2255 1590 victor
2284 1529 2415 1589 red·

318 1610 566 1685 egisset.
645 1609 744 1672 11.
778 1610 901 1671 Sed
933 1611 1091 1670 hanc
1124 1610 1268 1670 mihi
1303 1610 1824 1686 dispensationem
1857 1626 1969 1686 pro
2000 1621 2285 1685 paterna
2315 1629 2411 1673 ne·

319 1693 693 1757 cessitudine
722 1703 782 1755 et
807 1694 1238 1754 coniunctione
1267 1695 1564 1768 deposco.
1607 1693 1888 1754 Redimet
1913 1694 2162 1766 hortoS,
2202 1697 2410 1766 aedes,

318 1777 549 1837 urbana
597 1779 931 1853 quaedam,
976 1794 1136 1852 quae
1171 1775 1453 1851 possidet
1478 1775 1804 1839 Antonius.
1872 1777 2025 1836 Nam
2057 1789 2409 1853 argentum,

316 1869 569 1934 vestem,
608 1862 1067 1938 supellectilem,
1103 1862 1311 1921 vinum
1343 1860 1576 1922 amittet
1606 1877 1806 1937 aequo
1837 1861 2066 1934 anim0‚
2108 1880 2289 1936 quae
2316 1863 2410 1922 ille

315 1946 524 2008 helluo
569 1946 913 2023 dissipavit.
970 1946 1308 2018 Albanum,
1349 1944 1735 2006 Formianum
1776 1962 1814 2005 a
1851 1943 2185 2007 Dolabella
2239 1962 2409 2008 recu-

319 2029 583 2104 perabit=
646 2029 823 2089 etiam
867 2031 943 2089 ab
985 2031 1251 2091 Antonio
1290 2030 1731 2090 Tusculanum:
1830 2028 2027 2104 iique,
2088 2030 2214 2104 qui
2250 2045 2410 2091 nunc

314 2112 605 2173 Mutinam
640 2122 1026 2188 oppugnant,
1060 2114 1132 2173 D.
1161 2114 1414 2174 Brutum
1442 2113 1755 2188 obsident,
1800 2114 1879 2173 de
1906 2112 2174 2173 Falerno
2208 2117 2409 2174 Anse-

312 2212 417 2256 res
447 2196 844 2270 depellantur.
910 2197 1063 2257 Sunt
1090 2196 1192 2256 alii
1227 2198 1436 2272 plures
1467 2197 1760 2272 fortasse,
1792 2196 1906 2257 sed
1934 2212 2074 2255 mea
2102 2197 2408 2259 memoria
2496 2214 2497 2233 ¹

318 2279 679 2339 dilabuntur.
750 2281 881 2354 Ego
930 2280 1109 2340 etiam
1152 2297 1264 2341 eos
1300 2279 1470 2353 dice,
1519 2279 1624 2354 qui
1666 2280 1929 2351 hostium
1971 2296 2241 2343 numero
2285 2298 2404 2342 non
2496 2298 2497 2305 ¹

315 2369 489 2434 sunt,
534 2362 1422 2438 Pompeianas‘possessiones
1465 2363 1672 2438 quanti
1714 2363 1967 2424 emerint
2012 2363 2144 2423 filio
2195 2364 2402 2426 reddi·

315 2455 508 2507 turos.
582 2445 680 2508 12.
725 2446 887 2507 Satis
919 2445 1357 2508 inconsiderati
1400 2445 1540 2521 fuit,
1588 2463 1665 2508 ne
1697 2448 1898 2507 dicam
1936 2446 2231 2523 audaciS‚
2274 2464 2398 2508 rem

313 2532 496 2590 ullam
519 2547 597 2592 ex
620 2530 738 2591 illis
761 2530 1075 2605 attingere.
1145 2531 1431 2592 Retinere
1455 2547 1604 2592 vero
1638 2532 1775 2606 quis
1801 2532 2021 2607 poterit
2047 2531 2399 2593 clarissimo

313 2614 563 2676 domino
610 2613 938 2676 restituto?
1002 2618 1100 2676 An
1142 2615 1195 2674 is
1238 2631 1359 2673 non
1402 2615 1648 2686 reddet,
1695 2616 1798 2690 qui
1838 2613 2069 2675 domini
2107 2615 2396 2689 patrimo·

315 2699 479 2759 nium
513 2700 963 2774 circumplexus
1025 2698 1202 2772 quasi
1226 2698 1579 2758 thesaurum
1607 2700 1822 2773 draco,
1854 2697 2130 2774 Pompeii
2154 2715 2395 2772 servus,

315 2782 567 2845 libertus
599 2781 912 2855 Caesaris,
955 2782 1085 2857 agri
1125 2781 1359 2843 Lucani
1390 2781 1830 2857 possessiones
1860 2781 2238 2857 occupavit?
2289 2785 2392 2842 At-

312 2881 435 2939 que
484 2865 632 2927 illud
682 2867 955 2941 septiens
999 2866 1264 2938 miliens,
1317 2867 1486 2941 quod
1524 2865 1934 2938 adolescenti,
1987 2871 2195 2946 patres
2246 2881 2390 2925 con·

314 2949 555 3024 scripti,
612 2948 1068 3025 spopondistiS‚
1125 2948 1207 3010 ita
1269 2947 1661 3021 discribetur,
1710 2958 1779 3012 ul:
1813 2947 2093 3011 videatur
2130 2964 2169 3006 a
2213 2947 2388 3010 vobis

316 3030 422 3090 Cn.
453 3031 728 3107 Pompeii
756 3033 920 3094 filius
949 3032 1009 3093 in
1046 3031 1420 3108 patrimonio·
1440 3048 1555 3093 suo
1587 3035 1945 3093 collocatus.
2006 3032 2176 3091 Haec
2210 3048 2387 3097 setta·

314 3122 444 3173 tus:
515 3114 752 3188 reliqua
806 3117 1075 3191 populus
1125 3117 1441 3181 Romanus
1480 3115 1540 3175 in
1582 3133 1658 3176 ea
1702 3114 1956 3187 familia,
2016 3131 2200 3190 quam
2244 3116 2386 3175 vidit

313 3193 778 3269 amplissimam,
828 3209 1264 3275 persequetur,
1317 3198 1377 3260 in
1420 3199 1632 3274 primis
1688 3208 2005 3275 paternum
2055 3207 2380 3273 auguratus

314 3280 547 3347 locum,
583 3277 644 3335 in
675 3294 857 3350 quem
888 3296 1003 3355 ego
1031 3298 1199 3357 eum,
1229 3292 1325 3356 ut,
1357 3283 1527 3358 quod
1555 3299 1591 3341 a
1623 3293 1793 3357 patre
1820 3280 2067 3357 accepi,
2096 3280 2226 3343 filio
2246 3282 2381 3343 red-

313 3360 483 3429 dam,
515 3375 650 3417 mea
677 3361 1090 3425 nominatione
1121 3367 1448 3440 coaptabo.
1513 3366 1727 3426 Utrum
1762 3365 1941 3441 igitur
1969 3378 2275 3462 augurem·
2286 3365 2379 3429 Io·

315 3439 409 3499 vis
434 3439 642 3513 optimi
672 3444 944 3518 maximi,
982 3447 1156 3507 cuius
1180 3448 1542 3524 interpretes
1570 3446 2047 3525 internuntiique
2076 3446 2380 3511 constituti
