2514 3928
230 244 352 310 142
824 244 900 303 IN
931 244 998 302 L.
1030 241 1362 302 PISONEM
1395 242 1697 303 ORATIO.
2223 252 2301 305 44

229 397 521 472 singulari
563 409 792 469 genere
840 394 1305 469 supplicationis
1336 394 1589 453 deorum
1618 393 2038 457 immortalium
2071 398 2298 470 templa

227 479 533 556 patefecit.
595 478 725 553 Ego
778 494 963 552 quum
999 477 1055 536 in
1088 478 1373 538 contione
1400 477 1613 536 abiens
1642 478 1997 553 magistratu
2023 472 2232 538 dicere
2258 497 2302 540 a

229 563 468 624 tribuno
513 561 711 636 plebis
757 559 1114 634 prohiberer
1156 577 1315 636 quae
1358 561 1820 633 constitueram,
1880 576 2193 637 quumque
2237 562 2296 624 is

228 645 371 705 mihi
412 653 639 706 tantum
680 645 865 705 modo
907 653 976 704 ut
1013 645 1273 704 iurarem
1305 645 1701 719 permitteret,
1745 645 1877 704 sine
1904 646 2028 706 uua
2058 645 2297 706 dubita·

227 729 393 791 tione
420 727 615 788 iuravi
641 744 769 788 rem
795 728 1096 803 publicam
1121 737 1305 803 atque
1331 727 1487 788 hanc
1507 728 1720 786 urbem
1740 744 1878 787 mea
1899 729 2079 789 unius
2104 744 2304 803 opera

227 827 373 873 esse
419 813 672 873 salvam.
743 810 800 871 7.
858 811 1004 870 Mihi
1053 813 1319 887 populus
1365 812 1677 871 Romanus
1721 810 2047 873 universus
2091 813 2191 873 illa
2229 812 2296 871 in

229 896 513 958 contione
554 912 678 956 non
708 896 887 955 unius
920 895 1041 953 diei
1070 894 1557 969 gratulationem,
1604 895 1717 954 sed
1746 895 2156 957 aeternitatem
2182 893 2295 954 im-

228 978 776 1053 mortalitatemque
821 979 1100 1052 donavit,
1143 994 1327 1052 quum
1357 992 1556 1038 meum
1587 977 1682 1038 ius
1710 977 2031 1039 iurandum
2061 979 2177 1037 tale
2204 987 2293 1038 at-

231 1079 352 1137 que
393 1069 622 1122 tantum
669 1062 902 1121 iuratus
942 1060 1078 1136 ipse
1120 1077 1239 1120 una
1286 1076 1441 1122 voce
1483 1069 1542 1122 et
1570 1077 1880 1122 consensu
1908 1062 2293 1138 approbavit.

231 1145 362 1220 Quo
395 1145 640 1220 quidem
673 1153 951 1220 tempore
984 1145 1037 1204 is
1067 1160 1240 1205 meus
1272 1145 1516 1204 domum
1547 1144 1656 1205 fuit
1686 1161 1721 1204 e
1750 1145 1883 1205 foro
1922 1146 2185 1218 reditus,
2223 1154 2296 1205 ut

230 1244 429 1302 nemo,
456 1228 574 1287 nisi
598 1229 701 1304 qui
726 1244 960 1289 mecum
987 1235 1172 1302 esset,
1197 1229 1418 1288 civium
1443 1243 1585 1288 esse
1607 1228 1665 1286 in
1689 1244 1942 1291 numero
1965 1229 2295 1291 videretur.

227 1316 434 1387 Atque
464 1311 546 1373 ita
575 1318 671 1373 est
699 1328 734 1371 a
763 1329 861 1372 me
892 1313 1245 1372 consulatus
1278 1320 1583 1387 peractus,
1616 1318 1682 1372 ut
1709 1311 1855 1371 nihil
1877 1312 2010 1372 sine
2033 1311 2295 1373 consilio

229 1402 514 1469 senatuS,
558 1396 701 1456 nihil
741 1411 863 1456 non
906 1397 1289 1472 approbante
1331 1395 1562 1471 populo
1605 1396 1883 1456 Romano
1926 1396 2185 1470 egerim,
2225 1403 2296 1454 ut

230 1495 477 1554 semper
504 1478 565 1539 in
594 1479 814 1543 rostris
843 1481 1068 1540 curiam
1087 1525 1102 1553 ,
1133 1481 1196 1539 in
1225 1487 1444 1540 senatu
1474 1479 1771 1554 populum
1800 1478 2195 1552 defenderim,
2226 1487 2297 1539 ut

229 1562 669 1625 multitudinem
731 1579 866 1623 cum
932 1563 1312 1638 principibus
1336 1608 1353 1636 ,
1423 1571 1768 1637 equestrem
1823 1562 2095 1623 ordinem
2153 1578 2295 1622 curn

229 1655 448 1708 senatu
476 1647 915 1706 coniunxerim.
972 1646 1250 1721 Exposui
1280 1646 1544 1706 breviter
1574 1646 1954 1707 consulatum
1985 1661 2204 1706 meum.

355 1731 458 1790 IV.
501 1729 562 1791 8.
591 1731 769 1791 Aude
801 1745 993 1801 nunc,
1027 1744 1063 1788 o
1095 1730 1279 1802 furia,
1316 1730 1393 1789 de
1423 1736 1527 1789 tuo
1559 1729 1793 1790 dicere!
1839 1731 2011 1790 cuius
2045 1731 2153 1790 fuit
2177 1729 2295 1788 ini-

232 1811 378 1873 tium
406 1812 534 1872 ludi
566 1811 973 1888 compitalicii,
1003 1820 1127 1873 tum
1157 1812 1417 1888 primum
1445 1811 1588 1873 facti
1616 1823 1762 1888 post
1786 1813 1851 1874 L.
1888 1813 2101 1875 Iulium
2131 1820 2192 1873 et
2220 1811 2294 1886 Q.

227 1894 521 1955 Marcium
563 1896 882 1971 consules,
924 1903 1138 1956 contra
1168 1898 1583 1956 auctoritatem
1611 1896 1791 1958 huius
1822 1896 2083 1958 ordinis:
2132 1913 2294 1972 quos

229 1978 298 2054 Q.
340 1979 621 2040 Metellus
662 2013 744 2025 --
793 1979 949 2041 facio
989 1980 1266 2042 iniuriam
1307 1981 1639 2041 fortissimo
1689 1981 1818 2041 viro
1860 1990 2129 2053 mortu0,
2183 1981 2290 2054 qui

229 2062 427 2137 illum,
474 2065 648 2125 cuius
687 2080 923 2140 paucos
966 2081 1148 2140 pares
1184 2065 1339 2125 haec
1383 2065 1595 2125 civitas
1643 2065 1803 2137 tulit,
1847 2079 1984 2125 cum
2025 2065 2141 2125 hac
2178 2065 2289 2123 im-

227 2154 490 2223 portuna
517 2147 698 2208 belua
727 2149 1035 2208 conferam
1068 2183 1140 2193 --
1173 2149 1288 2208 sed
1318 2148 1800 2222 ille-designatus
1833 2149 2067 2221 consul,
2101 2163 2288 2223 quum

229 2229 476 2304 quidam
519 2230 794 2291 tribunus
837 2232 1034 2306 plebis
1075 2249 1190 2292 suo
1233 2232 1459 2292 auxilio
1504 2231 1827 2305 magistros
1867 2232 2047 2293 ludos
2077 2240 2291 2293 contra

229 2320 479 2374 senatus
518 2317 859 2377 consultum
892 2317 1097 2376 facere
1123 2314 1439 2388 iussisset,
1483 2316 1756 2390 privatus
1789 2316 1923 2377 fieri
1955 2315 2168 2386 vetuit,
2200 2321 2291 2374 at-

230 2413 351 2470 que
378 2396 471 2468 id,
511 2399 677 2472 quod
709 2399 977 2458 nondum
1010 2406 1313 2474 potestate
1343 2406 1596 2474 poterat,
1628 2397 1883 2459 obtinuit
1914 2399 2292 2459 auctoritate.

227 2480 334 2555 Tu,
381 2498 566 2556 quum
609 2482 669 2541 in
711 2482 1024 2542 Kalendas
1065 2483 1376 2543 Ianuarias
1421 2481 1904 2556 compitaliorum
1956 2483 2089 2542 dies
2138 2480 2291 2540 inci-

227 2563 454 2639 disset,
485 2564 628 2647 Sex.
661 2565 966 2639 Clodium,
999 2567 1104 2640 qui
1131 2582 1461 2641 numquam
1487 2575 1666 2625 antea
1695 2573 2108 2640 praetextatus
2138 2564 2292 2624 fuis-

227 2657 337 2722 set,
368 2649 549 2710 ludos
572 2651 775 2712 facere
797 2658 857 2711 et
880 2657 1319 2724 praetextatum
1346 2650 1595 2711 volitare
1620 2664 1847 2724 passus
1869 2664 1958 2723 es,
1982 2648 2290 2709 hominem

227 2733 528 2808 impurum
570 2751 642 2795 ac
686 2751 807 2795 non
854 2734 1040 2795 modo
1094 2733 1277 2806 facie,
1321 2734 1431 2794 sed
1470 2732 1649 2793 etiam
1689 2733 1867 2793 oculo
1909 2739 2014 2793 tuo
2054 2729 2288 2806 dignis-

226 2816 464 2878 simum.
508 2816 568 2878 9.
598 2819 761 2894 Ergo
788 2817 884 2878 his
910 2818 1313 2877 fundamentis
1341 2816 1557 2891 positis
1582 2818 1934 2877 consulatus
1957 2814 2060 2888 tui,
2085 2814 2288 2875 triduo

224 2908 370 2974 post
414 2900 795 2975 inspectante
836 2909 898 2961 et
936 2908 1173 2961 tacente
1214 2908 1272 2961 te
1312 2918 1348 2959 a
1379 2901 1539 2960 fatali
1571 2907 1847 2974 portento
1878 2897 2288 2974 prodigioque

224 2981 310 3041 rei
372 2982 650 3055 publicae
702 2985 802 3044 lex
844 2985 1020 3044 Aelia
1062 2992 1122 3044 et
1158 2982 1331 3044 Fufia
1381 2999 1601 3045 eversa
1636 2991 1759 3055 est,
1822 2982 2289 3058 propugnacula

225 3065 507 3140 murique
544 3067 990 3142 tranquillitatis
1031 3075 1216 3142 atque
1266 3065 1403 3127 otii:
1450 3068 1737 3142 collegia,
1784 3082 1906 3125 non
1953 3082 2028 3126 ea
2065 3066 2284 3137 solum,

224 3164 384 3222 quae
435 3156 687 3210 senatus
716 3152 1068 3221 sustulerat,
1112 3149 1415 3224 restituta,
1458 3152 1568 3212 sed
1602 3149 2068 3212 innumerabilia
2095 3163 2286 3223 quae·

223 3232 363 3292 dam
413 3248 576 3292 nova
624 3247 706 3292 ex
759 3231 922 3293 omni
969 3234 1139 3293 faece
1179 3234 1350 3294 urbis
1392 3249 1465 3294 ac
1505 3232 1751 3295 servitio
1796 3232 2113 3294 concitata.
2186 3231 2288 3290 Ab

224 3316 443 3376 eodem
476 3315 722 3376 homine
755 3315 817 3374 in
846 3316 1074 3390 stupris
1106 3317 1391 3377 inauditis
1429 3316 1802 3391 nefariisque
1830 3322 2076 3379 versato
2102 3321 2285 3375 vetus

224 3397 326 3459 illa
377 3397 665 3475 magistra
706 3399 959 3474 pudoris
1009 3407 1069 3459 et
1116 3401 1485 3473 modestiae,
1537 3416 1826 3476 censura,
1876 3399 2116 3462 sublata
2154 3403 2287 3459 esta

229 3498 414 3557 quum
443 3491 508 3543 tu
536 3480 803 3556 interim,
850 3483 1092 3543 bustum
1128 3484 1211 3545 rei
1243 3484 1552 3559 publicae,
1596 3486 1698 3559 qui
1724 3492 1787 3547 te
1815 3483 2132 3546 consulem
2158 3486 2286 3543 tum
