2514 3928
153 149 251 224 26.
772 144 923 206 pao
952 123 1014 204 Ρ.
1046 142 1312 205 εΕεΤιο
1346 143 1649 204 oRArto.

155 292 329 374 ‹qua'e
357 297 509 356 ratio
541 306 646 359 aut
676 296 924 359 flandae
950 306 1055 357 aut
1085 294 1456 357 conflandae·
1485 295 1782 371 pecuniae
1812 313 1935 357 non
1969 296 2239 373 reperie-

156 384 386 443 batur?
445 398 605 456 quae
653 380 825 458 regio
877 397 1064 442 orave
1104 388 1399 441 terrarum
1448 387 1577 440 erat
1620 379 1795 441 latior
1838 379 1899 440 in
1950 398 2074 455 qua
2115 397 2236 441 non

154 481 418 541 :regnum
440 463 690 540 aliquod
723 471 1128 526 statueretur?
1152 463 1291 538 quis
1313 471 1512 524 autem
1539 480 1650 525 rex
1672 471 1801 525 erat
1824 462 1930 539 qui
1950 462 2054 524 illo
2076 479 2239 525 anno

164 565 286 610 non
331 555 436 609 aut
476 551 801 610 emendum
850 548 1167 623 sibi-quod
1212 565 1334 607 non
1378 547 1641 608 habebat
1680 554 1785 609 aut
1817 547 2241 609 redimendum

154 633 333 708 quod
363 631 626 695 habebat
647 633 1081 694 arbitraretur?
1112 630 1251 706 quis
1284 631 1691 708 provinciam,
1730 631 1874 707 quis
1898 631 2241 707 pecuniam,

165 715 308 792 quis
338 716 711 791 legationem
733 734 770 776 a
795 724 1011 778 senatu
1048 716 1332 791 petebat?
1380 715 1692 776 Damnatis
1723 716 1801 776 de
1832 715 1898 774 vi,
1920 713 2240 789 restitum,

153 800 522 861 consulatus
563 799 772 876 petitio
805 800 924 874 ipsi
966 798 1048 859 illi
1091 798 1375 874 populari
1416 798 1722 860 sacerdoti
1753 799 2241 873 comparabatur.

165 885 332 943 Haec
377 885 703 958 gemebant
746 883 921 955 boni,
979 882 1311 956 sperabant
1352 882 1643 958 improbi,
1697 881 1918 958 agebat
1963 881 2241 943 tribunus

154 965 397 1042 -plebiS,
432 969 720 1027 consules
755 966 1142 1026 adiuvabant.

330 1049 540 1110 XXXI.
571 1048 672 1112 67.
720 1048 861 1122 Hic,
907 1049 1218 1125 aliquanto
1250 1047 1449 1109 serius
1484 1065 1664 1125 quam
1706 1048 1843 1125 ipse
1875 1051 2087 1122 vellet,
2136 1049 2242 1110 Cn.

165 1131 526 1208 Pompeius,
572 1131 955 1194 invitissimis
986 1131 1095 1206 iis,
1148 1130 1252 1208 qni
1281 1141 1543 1194 mentem
1580 1131 1789 1210 optimi
1820 1150 1895 1194 ac
1926 1133 2243 1195 fortissimi

164 1216 276 1275 viri
313 1214 444 1276 suis
473 1215 751 1278 consiliis
791 1216 1076 1293 fictisque
1106 1215 1441 1277 terroribus
1470 1233 1508 1276 a
1542 1216 1904 1278 defensione
1934 1233 2109 1278 meae
2143 1234 2243 1278 sa·

163 1300 306 1359 iutis
324 1306 703 1374 averterant,
731 1299 1020 1361 excitavit
1043 1298 1202 1359 illam
1230 1315 1404 1359 suam
1429 1316 1547 1359 non
1572 1300 1864 1375 sopitam,
1901 1301 2013 1362 sed
2038 1299 2242 1376 suspi-

149 1383 332 1443 ›tione
400 1383 609 1460 aliqua
656 1384 1020 1444 retardatam
1071 1383 1577 1444 consuetudinem
1627 1384 1714 1442 rei
1761 1383 2041 1459 publicae
2082 1385 2243 1453 bene
2320 1414 2324 1417 1

151 1468 494 1542 gerendae.
557 1468 687 1528 Non
721 1475 815 1528 est
845 1482 1070 1541 passus
1091 1465 1193 1526 ille
1221 1466 1343 1539 vir,
1382 1466 1487 1541 qui
1512 1466 2023 1530 sceleratissimos
2052 1467 2243 1540 civeS,

158 1550 272 1626 qui
302 1551 636 1611 acerrimos
670 1549 914 1621 hosteS‚
963 1549 1066 1625 qui
1095 1549 1392 1609 maximas
1424 1552 1733 1625 nationes,
1764 1551 1867 1626 qui
1897 1566 2107 1626 regeS,
2140 1551 2242 1626 qui

150 1641 379 1706 gentes
414 1635 577 1694 feras
623 1641 809 1708 atque
849 1631 1184 1707 inauditaS,
1243 1631 1349 1708 qui
1390 1635 1768 1707 praedonum
1798 1633 2096 1696 infinitam
2119 1651 2244 1695 ma-

164 1732 341 1787 num,
397 1716 498 1791 qui
537 1715 715 1775 etiam
758 1715 1006 1776 servitia
1051 1714 1268 1776 virtute
1310 1716 1693 1792 victoriaque
1722 1717 2090 1792 domuisset,
2139 1717 2243 1793 qui

154 1798 455 1859 omnibus
498 1797 674 1859 bellis
722 1807 882 1859 terra
924 1797 1199 1874 marique
1243 1801 1620 1874 compressis
1666 1799 1988 1876 imperium
2032 1801 2244 1878 populi

167 1879 428 1942 Romani
480 1880 648 1942 orbis
697 1891 989 1942 terrarum
1033 1881 1305 1943 terminis
1357 1883 1703 1956 definisset,
1757 1901 1885 1945 rem
1938 1883 2243 1961 publicam

155 1963 358 2025 everti
388 1966 621 2026 scelere
643 1983 1007 2041 paucorum,
1041 1984 1223 2042 quam
1247 1967 1388 2043 ipse
1416 1984 1537 2029 non
1564 1969 1763 2030 solum
1789 1970 2094 2043 consiliis,
2132 1970 2246 2031 sed

154 2048 347 2109 etiam
380 2046 678 2123 sanguine
702 2066 816 2111 suo
849 2066 1039 2125 saepe
1068 2051 1713 2113 servassem-accessit
1740 2053 1818 2112 ad
1850 2068 2099 2122 causam
2132 2063 2244 2128 pu:

162 2132 417 2192 blicamz
472 2132 691 2194 restitit
732 2136 1088 2195 auctoritate
1130 2152 1240 2195 sua
1285 2133 1539 2210 reliquis
1583 2136 1801 2196 rebus:
1862 2142 2118 2212 questus
2151 2145 2241 2196 es*

164 2215 246 2274 de
287 2214 649 2289 praeteritis.
720 2215 880 2277 Fieri
924 2218 1224 2293 quaedam
1259 2218 1339 2278 ad
1375 2217 1685 2280 meliorem
1720 2235 1893 2293 spem
1936 2218 2244 2280 inclinatio

169 2297 304 2358 visa
345 2306 458 2359 est.
538 2297 642 2361 68.
681 2300 964 2362 Decrevit
995 2310 1246 2362 senatus
1281 2302 1574 2375 frequens
1617 2302 1695 2363 de
1730 2319 1867 2363 meo
1896 2302 2095 2364 reditu
2123 2303 2244 2363 Ka-

158 2379 368 2441 lendis
396 2380 618 2456 Iuniis,
663 2382 1061 2445 dissentiente
1101 2387 1301 2458 nullo,
1346 2385 1649 2447 referente
1676 2386 1745 2445 L.
1771 2385 2023 2460 Ninnio,
2068 2386 2244 2446 cuius

154 2464 226 2523 in
275 2480 410 2525 mea
451 2481 641 2528 causa
685 2483 1014 2544 numquam
1054 2468 1210 2529 fides
1245 2468 1564 2543 virtusque
1593 2469 1972 2530 contremuit.
2056 2470 2244 2531 Inter·

130 2548 356 2609 ‚cessit
384 2549 570 2625 Ligus
598 2548 717 2612 iste
747 2550 960 2613 nescio
994 2551 1127 2628 qui,
1159 2551 1638 2614 additamentum
1669 2552 2046 2613 inimicorum
2076 2569 2237 2612 ineo·

162 2649 322 2693 rum.
375 2635 500 2695 Res
532 2642 660 2695 erat
687 2642 748 2698 et
776 2651 965 2695 causa
988 2643 1200 2697 nostra
1231 2653 1307 2697 eo
1336 2635 1454 2695 iam
1484 2636 1636 2711 loci,
1669 2645 1735 2698 ut
1762 2638 1997 2712 erigere
2027 2637 2246 2697 oculos

153 2725 230 2776 ›et
275 2716 479 2778 vivere
523 2718 848 2780 videretur.
934 2718 1227 2795 Quisquis
1269 2727 1425 2792 erat,
1472 2720 1574 2796 qui
1607 2720 1874 2796 aliquam
1919 2729 2150 2795 partem
2184 2718 2244 2779 in

159 2815 306 2859 meo
352 2801 515 2862 luctu
557 2802 811 2863 sceleris
844 2802 1120 2882 ‚Clodiani
1149 2803 1479 2879 attigisset,
1543 2820 1935 2880 quocumque
1977 2812 2246 2878 venerat,

160 2883 339 2957 *quod
369 2881 659 2945 iudicium
695 2901 957 2961 cumque
993 2889 1290 2958 subierat,
1339 2887 1770 2949 damnabatur=
1823 2888 2248 2948 inveniebatur

160 2981 349 3026 -nemo
395 2965 517 3046 qui·
541 2983 612 3027 se
642 2968 998 3044 suffragium
1030 2971 1106 3030 dc
1143 2987 1239 3030 me
1282 2970 1496 3031 tulisse
1528 2972 1934 3034 confiteretur.
2019 2973 2245 3033 Deces-

160 3056 336 3109 serat
363 3066 442 3109 ex
471 3045 623 3110 Asia
655 3051 838 3113 frater
865 3068 1038 3114 meus
1075 3070 1293 3129 magno
1326 3057 1645 3130 squalore,
1695 3056 1810 3117 sed
1843 3056 2040 3117 multo·
2062 3053 2243 3116 etiarn

163 3132 402 3192 maiore
426 3149 723 3195 maerore.
787 3136 942 3196 Huic
970 3138 1047 3197 ad
1074 3138 1282 3199 urbem
1306 3138 1570 3199 venienti
1603 3147 1725 3201 tota
1753 3138 1997 3200 obviam
2028 3137 2246 3200 civitas

166 3230 307 3275 cum
361 3215 626 3278 lacrimis
681 3218 1032 3295 gemituque
1090 3230 1506 3296 processerat=
1568 3224 1937 3298 loquebatur
1989 3221 2246 3283 liberius

158 3306 454 3359 senatus:
485 3303 928 3364 concurrebant
950 3303 1188 3378 equites
1212 3306 1468 3367 Romani
1488 3329 1501 3361 ε
1524 3303 1666 3368 Piso
1692 3306 1812 3381 ille,
1835 3322 2026 3383 gener
2047 3321 2245 3379 meuS,

164 3381 267 3441 aui
290 3383 547 3444 fructum
572 3382 810 3459 pietatis
836 3403 985 3449 suae
1004 3403 1206 3464 neque
1219 3405 1301 3451 ex
1323 3406 1419 3451 me
1441 3406 1644 3465 neque
1667 3407 1701 3450 a
1716 3391 1948 3466 populo
1964 3390 2246 3452 Romane
