2514 3928
364 224 489 285 316
563 252 571 268 ·
651 224 729 285 IN
763 226 843 285 M.
876 224 1285 287 ANTONIUM
1318 222 1605 286 ORATIO
1637 224 2058 285 PHILIPPICA
2090 224 2164 284 II.
2396 230 2469 283 18

364 393 489 452 n'on
515 393 717 452 solum
738 395 1058 468 eloquens,
1084 394 1253 470 apud
1280 409 1410 463 eos,
1438 408 1699 468 quorum
1727 408 1760 451 c
1852 392 1987 453 silio
2012 391 2466 469 sapientiaque

365 482 544 552 gesta
572 483 737 548 sunt,
767 492 958 539 ausus
985 495 1055 539 es
1081 479 1477 555 vituperare?
1521 475 1669 551 Quis
1690 492 1772 536 au
1800 492 1897 536 em
1926 492 2127 537 meum
2159 478 2461 537 consula-

367 573 493 622 tum
525 569 774 636 praeter
807 568 866 621 te
897 569 959 623 et
997 563 1061 623 P.
1096 562 1373 624 Clodium
1412 560 1517 635 qui
1558 561 1939 636 vituperaret
1975 558 2268 622 inventus
2309 562 2462 621 est?

366 645 541 706 cuius
574 644 820 719 quidem
862 643 966 704 tibi
998 645 1215 715 l'atum,
1252 641 1431 703 sicuti
1467 643 1528 704 C.
1565 641 1845 716 Curioni,
1874 650 2106 704 manet=
2153 643 2462 718 quoniam

368 727 428 789 id
455 726 665 789 domui
692 736 833 788 tuae
863 736 986 799 est,
1020 728 1187 801 quod
1223 726 1332 785 l'uit
1360 725 1595 787 illorum
1634 726 1876 800 utrique
1906 727 2105 786 ratam.
2169 726 2269 787 12.
2318 728 2465 789 Non

363 812 568 889 placet
593 811 672 870 M.
703 810 971 871 Antonio
1018 811 1373 872 consulatus
1426 826 1620 869 meus.
1697 813 1778 869 At
1807 810 2034 884 placuit
2062 809 2124 867 P.
2162 809 2467 886 Servilio,

366 902 432 956 ut
469 912 607 956 eum
653 894 909 969 primum
973 893 1281 954 nominem
1333 908 1411 953 ex
1451 892 1613 953 illius
1655 892 1949 967 temporis
1996 893 2465 970 consularibuS‚

368 977 473 1054 qui
504 976 782 1054 proxime
813 985 909 1036 est
934 983 1237 1036 mortuus=
1272 975 1500 1052 placuit
1528 974 1595 1049 Q.
1626 976 1871 1050 Catulo,
1904 975 2078 1040 cuius
2110 993 2372 1052 semper
2402 977 2463 1038 in

368 1061 481 1122 hac
531 1075 597 1118 re
647 1057 893 1133 publica
940 1058 1106 1120 vivet
1159 1058 1523 1120 auctoritas=
1585 1058 1812 1134 placuit
1862 1059 2104 1120 duobus
2156 1060 2461 1134 LuculliS,

365 1144 447 1204 M.
486 1142 728 1215 Crasso,
759 1140 825 1215 Q.
856 1142 1205 1216 Hortensio,
1237 1143 1302 1203 C.
1338 1141 1600 1214 Curioni,
1632 1142 1694 1203 C.
1723 1141 1944 1216 Pisoni,
1984 1142 2082 1201 Μ’.
2118 1141 2462 1215 Glabrioni,

365 1225 467 1286 ΜΗ
500 1225 765 1300 Lepide,
810 1226 875 1285 L.
915 1225 1231 1299 Volcatio,
1279 1225 1340 1285 C.
1371 1224 1617 1300 Figulo,
1657 1227 1725 1285 D.
1758 1224 1999 1300 Silano,
2040 1225 2107 1284 L.
2135 1226 2467 1301 Murenae,

370 1308 475 1383 qui
505 1318 628 1370 tum
659 1317 833 1371 erant
872 1310 1161 1371 consules
1189 1309 1521 1384 designati:
1566 1308 1794 1384 placuit
1825 1307 1986 1369 idem
2018 1309 2186 1384 quod
2221 1326 2461 1373 consu·

369 1392 600 1454 laribus
639 1392 720 1452 M.
753 1393 995 1454 Catoni=
1040 1392 1144 1468 qui
1187 1409 1375 1468 quum
1416 1392 1603 1454 multa
1648 1391 1770 1453 vita
1809 1394 2119 1453 excedens
2158 1395 2465 1469 providit,

372 1487 495 1539 tum
528 1477 694 1552 quod
725 1486 783 1538 te
815 1477 1131 1539 consulem
1175 1492 1297 1537 non
1337 1475 1502 1535 vidit.
1567 1475 1832 1536 Maxime
1875 1492 2019 1536 vero
2062 1479 2464 1539 consulatum

370 1578 570 1622 meum
603 1560 708 1620 Cn.
739 1560 1065 1636 Pompeius
1099 1558 1411 1636 probavit=
1457 1558 1561 1634 qui
1604 1568 1668 1620 ut
1697 1574 1794 1618 me
1844 1560 2099 1634 primum
2138 1560 2465 1622 decedens

370 1661 451 1705 ex
476 1643 658 1723 Syria
674 1643 840 1718 vidit,
877 1645 1237 1718 complexus
1268 1651 1328 1704 et
1352 1643 1661 1717 gratulans
1691 1658 1827 1703 meo
1858 1641 2159 1703 beneficio
2189 1645 2460 1719 patriam

371 1745 442 1789 se
477 1726 750 1788 visurum
784 1742 926 1787 esse
956 1727 1124 1786 dixit.
1166 1724 1292 1786 Sed
1323 1725 1471 1801 quid
1499 1725 1776 1802 singulos
1806 1733 2271 1788 commemoro?
2314 1727 2460 1789 Fre·

374 1808 776 1886 quentissimo
807 1808 1048 1871 senatui
1078 1808 1169 1870 sic
1195 1808 1464 1885 placuit,
1514 1817 1581 1869 ut
1609 1816 1778 1870 esset
1805 1825 1983 1870 nemo
2015 1809 2118 1884 qui
2150 1810 2305 1871 mihi
2334 1828 2459 1872 non

374 1902 438 1955 ut
460 1892 695 1970 parenti
725 1892 951 1969 gratias
985 1901 1209 1970 ageret,
1242 1891 1347 1969 qui
1377 1891 1520 1951 mihi
1557 1910 1676 1953 non
1711 1893 1892 1954 vitam
1923 1908 2114 1966 suam,
2150 1894 2456 1968 fortunas,

376 1978 602 2039 liberos
628 2024 643 2051 ‚
677 1993 801 2037 rem
835 1977 1139 2053 publicam
1168 1978 1424 2038 referret
1450 1986 1786 2053 acceptam.

377 2074 402 2111 t
497 2062 601 2122 vt.
652 2059 747 2122 13.
778 2060 1221 2147 Sedguoniam
1251 2059 1401 2132 illis,
1436 2077 1594 2134 quos
1626 2059 1963 2133 nominavi,
2007 2068 2093 2120 tot
2131 2067 2197 2120 et
2231 2062 2462 2123 talibus

373 2142 522 2205 viris
551 2160 652 2204 res
686 2143 927 2220 publica
958 2145 1171 2205 orbata
1199 2152 1323 2214 est,
1356 2142 1673 2204 veniamus
1708 2145 1788 2204 ad
1821 2144 2026 2216 vivos,
2072 2142 2342 2219 qui.duo
2383 2147 2459 2205 de

375 2227 784 2291 consularium
824 2244 1076 2288 numero
1119 2226 1339 2302 reliqui
1369 2233 1555 2293 sunt..
1590 2227 1658 2286 L.
1692 2226 1894 2298 Cotta,
1941 2226 2034 2285 vir
2076 2243 2320 2289 summo
2370 2229 2458 2288 in·

374 2311 554 2385 genio
589 2326 947 2384 summaque
978 2309 1327 2386 prudentia,
1378 2310 1563 2370 rebus
1593 2309 1669 2370 iis
1700 2309 1924 2386 gestis,
1964 2326 2119 2386 quas
2149 2318 2216 2370 tu
2243 2326 2457 2387 repre·

375 2390 627 2464 hendiS,
683 2393 1193 2468 supplicationem
1235 2392 1508 2453 decrevit
1548 2393 1752 2453 verbis
1795 2391 2221 2469 amplissimiS,
2270 2393 2460 2469 eique

375 2474 460 2536 illi
488 2475 640 2552 ipsi,
687 2492 845 2551 quos
876 2477 1060 2537 modo
1096 2475 1434 2550 nominavi,
1478 2478 1837 2537 consulares
1883 2484 2263 2550 senatusque
2308 2493 2455 2539 cun·

375 2568 511 2621 ct-us
543 2560 850 2621 adsensus
886 2568 1007 2621 est=
1040 2559 1145 2637 qui
1178 2560 1379 2621 honos
1412 2570 1553 2636 post
1582 2559 1887 2621 conditam
1915 2560 2071 2620 hanc
2103 2560 2320 2620 urbem
2350 2562 2455 2620 ha·

377 2642 542 2706 bitus
573 2652 670 2705 est
701 2650 907 2720 togato
940 2653 1081 2705 ante
1111 2660 1207 2704 me
1238 2642 1480 2703 nemini.
1569 2640 1667 2705 14.
1712 2642 1775 2703 L.
1809 2643 2062 2715 Caesar,
2106 2645 2456 2705 avunculus

377 2737 550 2803 tuus,
582 2740 705 2805 qua
736 2729 1028 2800 oratione,
1069 2744 1189 2804 qua
1220 2726 1581 2799 constantia,
1612 2743 1734 2802 qua
1763 2726 2059 2801 gravitate
2088 2728 2455 2788 sententiam

377 2811 531 2873 dixit
566 2810 626 2871 in
657 2811 893 2873 sororis
924 2827 1075 2872 suae
1101 2810 1327 2883 virum,
1375 2809 1650 2872 vitricum
1683 2820 1878 2872 tuum!
1936 2810 2111 2870 Hunc
2156 2816 2222 2870 tu
2266 2827 2455 2884 quum

378 2903 689 2955 auctorem
733 2904 794 2956 et
857 2902 1318 2971 praeceptorem
1377 2893 1643 2954 omnium
1692 2892 2085 2955 consiliorum
2138 2891 2458 2969 totiusque

383 2975 540 3036 vitae
573 2975 899 3038 debuisses
930 2978 1175 3052 habere,
1205 2975 1399 3038 vitrici
1432 2985 1489 3037 te
1512 2978 1767 3037 similem
1799 2993 1979 3052 quam
2010 2976 2301 3037 avunculi
2332 2994 2457 3037 ma-

379 3057 560 3118 luisti.
621 3059 817 3119 Huius
848 3075 963 3135 ego
993 3060 1229 3122 alienus
1260 3058 1532 3122 consiliis
1573 3060 1788 3121 consul
1819 3076 1970 3121 usus
1997 3076 2164 3120 sum:
2215 3068 2309 3130 tu,
2355 3077 2456 3121 so-

377 3139 536 3201 roris
562 3139 756 3215 filius,
798 3141 1020 3216 ecquid
1053 3145 1133 3203 ad
1162 3159 1300 3204 eum
1330 3160 1619 3218 nmquam
1650 3143 1727 3203 de
1758 3160 1826 3202 re
1857 3143 2103 3218 publica
2130 3142 2460 3203 rettulisti?

379 3226 458 3284 At
487 3223 565 3284 ad
596 3240 755 3298 quos
791 3225 1018 3286 refert?
1060 3224 1122 3285 di
1153 3225 1554 3288 immortales!
1605 3226 1681 3287 ad
1725 3226 2142 3295 eos'scilicet,
2191 3242 2459 3300 quorum

379 3306 559 3368 nobis
596 3307 776 3369 etiam
807 3309 943 3368 dies
973 3310 1207 3369 natales
1248 3308 1537 3371 audiendi
1581 3318 1740 3371 sunt.
1831 3307 1928 3370 15.
1962 3309 2160 3369 Hodie
2191 3325 2317 3369 non
2350 3310 2457 3369 de·

379 3388 618 3451 scendit
649 3389 968 3452 Antonius.
1030 3391 1190 3461 Cur*
1240 3394 1356 3453 Dat
1378 3392 1727 3454 ‘nataliciam
1769 3390 1827 3451 in
1859 3391 2070 3453 hortis.
2132 3391 2284 3452 Cui?
2340 3390 2457 3452 Ne-

378 3471 598 3533 minem
621 3474 967 3535 nominabo.
1002 3474 1210 3536 Putate
1238 3486 1359 3537 tum
1381 3475 1728 3535 Phormioni
1752 3476 1949 3546 alicui,
1980 3493 2101 3536 tum
2128 3471 2454 3542 Gnathoni.
