2514 3928
223 233 355 317 ‘123
795 275 799 280 ·
878 252 1039 313 CAP.
1070 261 1299 315 7—10.
1344 259 1394 320 §-
1435 262 1696 314 ιιι-22.
2206 252 2327 316 421

246 423 368 467 vos
400 404 690 480 libertatis
720 403 1031 465 adiutores
1063 405 1382 479 complecti
1407 401 1674 464 debetis:
1706 403 2013 465 servitutis
2044 409 2329 464 auctores

252 488 434 564 sequi
456 505 579 549 non
604 486 861 548 debetis.
920 485 1018 547 19.
1047 486 1362 546 Postremo
1396 491 1475 529 —‘—
1503 495 1782 562 erumpat
1813 487 1972 547 enim
1996 486 2329 563 aliquando

256 588 404 632 vera
434 578 494 631 et
523 586 620 630 me
649 570 832 646 digna
863 577 1017 631 vox!
1047 602 1134 613 -
1166 568 1221 629 si
1252 576 1676 631 veteranorum
1707 579 1853 631 nutu
1882 579 2118 631 mentes
2148 570 2329 632 huius

252 653 488 715 ordinis
534 653 948 729 gubernantur
991 652 1319 727 omniaque
1360 652 1439 711 ad
1480 669 1691 712 eorum
1722 654 2088 714 voluntatem
2120 661 2332 715 nostra

252 736 419 799 dicta
460 738 620 797 sacta
665 738 1040 810 reseruntur,
1083 736 1353 811 optanda
1394 751 1560 796 mors
1593 745 1723 812 est,
1756 752 1912 810 quae
1946 737 2184 798 civibus
2211 739 2334 798 Ro·

251 819 451 883 manis
496 837 743 896 semper
784 819 895 881 suit
939 818 1233 880 servitute
1278 817 1499 894 potior.
1591 817 1799 878 Omnis
1828 826 1923 879 est
1952 818 2176 879 misera
2204 835 2322 880 ser·

251 902 443 967 vitus=
476 905 590 965 sed
613 902 793 965 fuerit
817 904 1119 979 quaedam
1142 900 1525 963 necessaria:
1557 902 1941 977 ecquodnam
1966 900 2331 977 principium

249 987 479 1065 putatis
510 987 805 1048 libertatis
837 987 1305 1062 capessendae?
1355 986 1475 1059 An,
1509 1001 1694 1061 quum
1726 985 1891 1045 illum
1914 984 2332 1045 necessarium

250 1081 312 1133 et
343 1074 583 1132 fatalem
616 1088 810 1146 paene
845 1087 1054 1131 casum
1092 1087 1211 1131 non
1245 1068 1593 1141 tulerimus,
1627 1070 1789 1129 hunc
1819 1070 2086 1128 feremus
2118 1070 2329 1128 volun-

252 1156 513 1217 tarium?
565 1155 714 1217 Tota
754 1154 925 1219 Italia
967 1152 1276 1214 desiderio
1311 1151 1600 1213 libertatis
1630 1151 1889 1213 exarsit·
1935 1152 2168 1213 servire
2201 1150 2333 1211 diu·

254 1239 373 1300 tius
404 1254 525 1300 non
559 1246 765 1314 potest
788 1236 1035 1298 civitas·
1081 1235 1281 1297 serius
1305 1237 1536 1311 populo
1559 1237 1837 1297 Romano
1863 1234 2024 1296 hunc
2045 1235 2332 1340 vestitum

253 1331 439 1400 atque
467 1339 637 1383 arma
667 1322 950 1382 dedimus
982 1337 1165 1396 quam
1192 1320 1271 1379 ab
1301 1336 1377 1380 eo
1408 1318 1661 1395 flagitati
1691 1335 1925 1379 sumus

377 1408 450 1467 X.
482 1406 583 1469 20.
623 1406 847 1481 Magna
879 1404 1127 1481 quidem
1168 1421 1286 1467 nos
1333 1420 1447 1480 spe
1489 1409 1552 1464 et
1581 1420 1775 1479 prope
1803 1404 2122 1478 explorata
2152 1402 2330 1463 liber-

257 1489 397 1551 tatis
446 1505 694 1552 causam
734 1488 1153 1565 suscepimus.
1199 1489 1312 1549 sed
1356 1496 1424 1549 ut
1464 1489 1797 1548 concedam
1829 1486 2096 1547 incertos
2129 1485 2331 1547 exitus

259 1588 401 1635 esse
427 1572 570 1634 belli
602 1572 979 1648 Martemque
1012 1587 1428 1645 communem,
1469 1579 1665 1632 tamen
1697 1587 1810 1646 pro
1855 1570 2131 1631 libertate
2168 1568 2331 1629 vitae

260 1656 532 1733 periculo
566 1656 999 1717 decertandum
1030 1664 1142 1717 est.
1220 1656 1357 1716 Non
1388 1655 1546 1716 enim
1579 1657 1635 1715 in
1673 1653 1888 1730 spiritu
1924 1653 2046 1714 vita
2074 1661 2187 1729 est,
2218 1653 2331 1713 sed

258 1757 331 1802 ea
371 1740 538 1801 nulla
582 1747 678 1801 cst
719 1739 967 1808 omnino
996 1737 1306 1800 servienti.
1397 1738 1622 1799 Omnes
1653 1737 1934 1799 nationes
1976 1736 2331 1797 servitutem

258 1826 415 1884 ferre
443 1831 734 1919 possunt:
781 1832 993 1884 nostra
1027 1821 1241 1896 civitas
1273 1838 1393 1882 non
1428 1830 1650 1898 potest,
1686 1837 1800 1881 nec
1829 1822 2012 1882 ullam
2042 1820 2218 1878 aliam
2251 1818 2330 1879 ob

256 1923 525 1981 causam,
559 1906 677 1968 nisi
712 1908 880 2005 quod
909 1905 1050 1967 illae
1084 1894 1354 1967 laborem
1386 1906 1786 1981 doloremque
1824 1902 2076 1981 lugiunt,
2103 1901 2333 2000 quibus

258 2000 326 2054 ut
353 2001 615 2063 careant,
648 1990 859 2051 omnia.
878 1990 1112 2066 perpeti
1149 1998 1441 2065 possunt,
1476 2006 1592 2050 nos
1624 1989 1704 2048 ita
1732 2005 1770 2048 a
1797 1986 2131 2049 maioribus
2160 1985 2330 2046 insti·

261 2073 369 2133 tuti
417 2081 600 2148 atque
640 2073 849 2134 imbuti
895 2090 1138 2148 sumuS,
1195 2082 1261 2134 ut
1302 2072 1506 2144 omnia
1547 2071 1804 2133 consilia
1844 2079 2030 2144 atque
2065 2073 2224 2130 facta
2252 2069 2334 2129 ad

263 2155 612 2230 dignitatem
657 2166 717 2216 et
755 2157 831 2216 ad
869 2158 1144 2218 virtutem
1172 2157 1561 2217 referremus.
1650 2157 1737 2214 lta
1767 2155 2083 2230 praeclara
2116 2161 2212 2212 est
2237 2169 2332 2212 re·

266 2237 576 2313 cuperatio
608 2236 917 2313 libertatiS,
947 2247 1013 2300 ut
1040 2255 1117 2298 ne
1145 2256 1311 2300 mors
1344 2239 1588 2316 quidem
1615 2238 1694 2298 sit
1715 2237 1773 2298 in
1802 2237 2134 2312 repetenda
2157 2236 2335 2295 liber·

264 2330 383 2382 tate
413 2321 717 2396 fugienda.
792 2323 964 2397 Quod
998 2323 1050 2383 si
1079 2321 1495 2385 immortalitas
1527 2328 2013 2398 consequeretur
2040 2335 2333 2395 praesen-

264 2404 338 2466 tis
377 2405 629 2480 periculi
670 2407 901 2482 sugam,
958 2416 1157 2467 tamen
1202 2422 1278 2469 eo
1323 2408 1516 2482 magis
1556 2422 1631 2466 ea
1677 2405 1965 2482 fugienda
2004 2403 2330 2475 videretur,

262 2504 386 2564 quo
430 2488 769 2551 diuturnior
813 2491 1078 2551 servitus
1119 2497 1306 2551 esset.
1394 2489 1587 2564 Quum
1628 2507 1774 2550 vero
1817 2488 1951 2549 dies
2004 2495 2063 2546 et
2118 2494 2332 2547 noctes

260 2571 464 2633 omnia
494 2590 609 2634 nos
640 2571 913 2648 undique
948 2575 1071 2635 sata
1099 2574 1517 2645 circumstent,
1548 2589 1670 2633 non
1703 2582 1798 2633 est
1826 2571 1937 2630 viri
1967 2569 2333 2644 minimeque

261 2655 519 2716 Romani
549 2658 828 2718 dubitare
856 2672 993 2718 eum
1031 2657 1328 2731 spiritum,
1355 2673 1536 2730 quem
1559 2665 1808 2717 naturae
1829 2654 2064 2726 debeat,
2101 2652 2334 2727 patriae

261 2738 539 2799 reddere.
626 2739 728 2800 21.
773 2739 1164 2800 concurritur
1199 2741 1470 2815 undique
1514 2741 1591 2800 ad
1630 2746 1951 2799 commune
1985 2734 2333 2796 incendium

265 2820 788 2896 restinguendum.
832 2821 1144 2887 Veterani.
1174 2821 1277 2896 qui
1298 2821 1472 2897 primi
1489 2819 1769 2881 Caesaris
1791 2819 2213 2880 auctoritatem
2232 2836 2334 2880 se-

269 2905 393 2965 cuti
421 2913 586 2980 sunt,
628 2913 915 2966 conatum
939 2906 1189 2965 Antonii
1223 2907 1657 2980 reppulerunt:
1692 2910 1836 2979 post
1860 2903 2135 2963 eiusdem
2163 2904 2329 2964 furo·

267 3004 397 3048 rem
417 2987 637 3047 Martia
659 2989 821 3065 legio
846 2989 1042 3064 fregit,
1084 2996 1303 3063 quarta
1328 2987 1582 3047 adflixit.
1640 2987 1743 3047 Sic
1765 3003 1804 3046 a
1831 2989 1962 3047 suis
1986 2987 2329 3063 legionibus

269 3073 713 3132 condemnatus
743 3071 961 3146 irrupit
989 3073 1049 3132 in
1084 3072 1369 3139 Galliam,
1405 3086 1585 3145 quam
1621 3071 1736 3131 sibi
1771 3070 1956 3132 armis
1990 3072 2332 3144 animisque

268 3153 550 3214 infestam
581 3154 1011 3230 inimicamque
1041 3154 1351 3230 cognovit.
1412 3154 1588 3214 Hunc
1618 3161 1692 3214 A.
1724 3155 1914 3225 Hirtii,
1951 3155 2012 3216 C.
2043 3154 2326 3215 Caesaris

265 3236 570 3299 exercitus
612 3237 873 3300 insecuti
915 3245 1083 3299 sunt=
1140 3248 1283 3314 post
1315 3240 1551 3302 Pansae
1593 3242 1851 3303 dilectus
1885 3242 2093 3303 urbem
2124 3249 2335 3302 totam-

268 3336 388 3393 que
415 3322 644 3382 Italiam
687 3323 898 3383 erexit.
983 3321 1158 3383 Unus
1205 3322 1473 3384 omnium
1516 3334 1613 3387 est
1654 3325 1867 3386 hostis.
1959 3324 2337 3399 Quamquam

233 3450 238 3454 .
267 3401 687 3466 habet'secum
714 3407 781 3466 L.
814 3409 1087 3480 fratrem,
1124 3405 1506 3468 carissimum
1541 3411 1771 3484 populo
1804 3411 2082 3468 Romano
2119 3407 2332 3475 civem,

267 3486 443 3549 euius
474 3488 846 3552 desiderium
878 3494 1039 3553 serre
1072 3492 1299 3553 diutius
1332 3493 1548 3554 civitas
1571 3508 1690 3551 non
1727 3499 1944 3564 potest.
2031 3488 2132 3548 22.
2180 3488 2332 3562 Quid
