2514 3928
109 273 183 326 67
781 268 949 327 CAP.
979 276 1148 329 4-o.
1185 273 1243 343 s.
1269 275 1473 328 9—16.
2061 266 2183 328 365

108 449 341 494 sensus
376 439 588 494 vester
613 432 673 493 in
704 435 829 493 ulla
860 449 1051 494 causa
1082 433 1225 495 fuit:
1271 450 1602 510 numquam
1632 440 1752 495 tam
1788 435 2186 497 vehementer

111 532 256 578 cum
285 523 507 579 senatu
533 515 874 577 consociati
903 517 1127 578 fuistis·
1181 519 1309 578 Nec
1336 516 1573 578 mirum.
1624 517 1844 593 Agitur
1868 517 2025 579 enim
2058 535 2180 580 non

112 617 239 675 qua
269 599 637 662 condicione
659 598 898 671 victuri,
931 601 1043 663 sed
1067 600 1368 662 victurine
1390 599 1582 660 simus
1606 617 1683 667 an
1715 616 1851 661 cum
1876 601 2180 677 supplicio

109 682 575 760 ignominiaque
601 681 880 760 perituri.
972 682 1069 744 13.
1103 685 1478 759 Quamquam
1509 691 1768 744 mortem
1800 684 2047 759 quidem
2079 703 2182 746 na·

108 773 254 827 tura
286 766 569 828 omnibus
592 766 953 843 proposuit:
987 768 1409 829 crudelitatem
1436 768 1650 828 mortis
1677 775 1738 828 et
1761 768 2036 827 dedecus
2060 769 2179 829 vir·

110 857 214 910 tus
259 852 628 926 propulsare
670 853 861 924 solet,
909 868 1069 927 quae
1111 852 1364 928 propria
1409 859 1505 912 est
1546 850 1805 911 Romani
1837 850 2082 926 generis
2119 860 2182 911 et

106 934 384 995 seminis.
483 934 655 1013 Hanc
707 935 993 1016 retinete,
1065 953 1334 1012 quaeso,
1399 952 1582 1011 quam
1641 934 1818 995 vobis
1872 941 2180 1009 tamquam

105 1016 515 1079 hereditatem
544 1020 815 1080 maiores
847 1020 1039 1081 vestri
1066 1020 1475 1096 reliquerunt,
1511 1018 1806 1093 Quirites:
1840 1034 2025 1094 quum
2063 1016 2183 1076 alia

109 1102 317 1162 omnia
359 1103 518 1163 salsa
566 1102 801 1163 incerta
852 1102 1007 1177 sint,
1061 1104 1298 1163 caduca
1337 1103 1612 1173 mobilia,
1665 1102 1860 1163 virtus
1911 1111 2009 1163 est
2057 1116 2182 1163 una

106 1185 420 1245 altissimis
480 1186 687 1245 defixa
741 1185 1080 1257 radicibuS‚
1140 1201 1301 1258 quae
1354 1200 1685 1256 numquam
1738 1190 1800 1245 vi
1846 1188 1972 1247 ulla
2016 1185 2180 1247 labe·

107 1266 321 1328 t'actari
350 1275 574 1344 potest,
611 1282 938 1343 numquam
975 1267 1287 1326 demoveri
1320 1268 1477 1327 loco.
1523 1268 1651 1327 Hac
1675 1267 1893 1329 virtute
1915 1268 2178 1329 maiores

104 1348 299 1410 vestri
331 1348 590 1426 primum
621 1348 972 1410 universam
994 1350 1225 1410 Italiam
1262 1349 1645 1423 devicerunt,
1681 1351 1904 1410 deinde
1925 1351 2180 1412 Kartha-

103 1432 310 1508 ginem
339 1432 726 1507 exciderunt,
767 1431 1144 1493 Numantiam
1176 1441 1554 1506 everterunt,
1600 1432 2062 1507 potentissimos
2084 1450 2179 1492 re·

102 1533 249 1591 gea,
299 1516 803 1577 bellicosissimas
844 1524 1059 1591 gentes
1100 1515 1160 1576 in
1202 1515 1729 1577 dicionem‘huius
1777 1515 2014 1592 imperii
2042 1516 2180 1577 red·

104 1609 384 1675 egerunt.
433 1600 537 1660 VI.
568 1597 668 1661 14.
696 1600 789 1660 Ac
824 1598 1155 1660 maioribus
1186 1599 1433 1675 quidem
1462 1598 1703 1674 vestris,
1734 1599 2012 1674 Quirites,
2044 1616 2179 1659 cum

102 1699 184 1744 eo
218 1682 399 1745 hoste
427 1700 529 1744 res
559 1692 715 1758 erat,
761 1682 864 1759 qui
892 1682 1144 1744 haberet
1170 1699 1298 1743 rem
1331 1683 1665 1758 publicam,
1715 1682 1942 1742 curiam
1962 1729 1976 1756 ,
2011 1698 2182 1741 aera·

101 1765 291 1840 rium,
336 1782 707 1828 consensum
749 1775 808 1827 et
851 1766 1242 1828 concordiam
1275 1765 1528 1840 civium,
1567 1766 1862 1827 rationem
1894 1767 2178 1842 aliquam,

103 1849 159 1910 si
189 1849 272 1910 ita
299 1867 402 1911 res
430 1849 690 1928 tulisset,
717 1850 891 1927 pacis
924 1858 985 1911 et
1012 1848 1300 1911 foederise
1340 1850 1439 1910 hic
1465 1858 1671 1911 vester
1689 1849 1886 1911 hostis
1913 1858 2177 1911 vestram

103 1948 233 1995 rem
266 1932 570 2010 publicam
602 1942 943 2012 oppugnat,
976 1933 1114 2010 ipse
1147 1934 1330 1996 habet
1357 1935 1613 1995 nullam:
1653 1941 1926 1996 senatum
1948 1979 1964 2009 ,
1995 1932 2054 1994 id
2087 1942 2181 1995 est

103 2016 276 2079 orbis
307 2026 506 2078 terrae
530 2018 871 2092 consilium,
906 2019 1112 2078 delere
1134 2020 1333 2093 gestit,
1361 2018 1499 2094 ipse
1524 2017 1844 2080 consilium
1866 2017 2175 2094 publicum

101 2101 337 2162 nullum
359 2100 575 2162 habet=
618 2102 917 2162 aerarium
945 2109 1214 2162 vestrum
1246 2102 1559 2176 exhausit,
1610 2118 1786 2163 suum
1819 2118 1941 2163 non
1978 2101 2178 2161 habet.

103 2182 255 2244 Nam
308 2184 698 2245 concordiam
754 2184 974 2246 civium
1019 2184 1121 2261 qui
1159 2185 1388 2247 habere
1432 2193 1667 2261 potest,
1724 2186 1949 2245 nullam
1992 2201 2178 2260 quum

100 2268 294 2327 habet
363 2264 920 2349 civitatem2'pacis
950 2284 1094 2328 vero
1128 2286 1287 2343 quae
1321 2277 1525 2345 potest
1553 2285 1696 2329 esse
1726 2284 1861 2328 cum
1893 2284 1968 2329 eo
2005 2266 2179 2341 ratio,

98 2351 165 2412 in
202 2364 326 2426 quo
357 2358 453 2412 est
474 2349 849 2412 incredibilis
880 2351 1236 2425 crudelitaS,
1273 2354 1430 2414 fides
1460 2354 1666 2413 nulla?
1709 2349 1953 2433 15.·Est
1980 2351 2178 2428 igitur,

101 2432 399 2509 QuiriteS,
458 2437 690 2511 populo
728 2437 1035 2507 Romano,
1093 2435 1309 2497 victori
1351 2435 1617 2498 omniurn
1660 2435 1956 2512 gentium,
2000 2451 2179 2495 omne

101 2526 412 2579 certamen
443 2535 581 2580 cum
611 2534 1012 2594 percussore,
1043 2534 1179 2579 cum
1210 2521 1473 2594 latrone,
1508 2536 1643 2581 cum
1667 2519 1985 2596 Spartaco.
2026 2518 2176 2577 Nam

104 2602 274 2676 quod
306 2618 375 2663 se
404 2600 663 2663 similem
693 2618 836 2663 esse
860 2602 1150 2664 Catilinae
1183 2603 1430 2677 gloriari
1464 2604 1640 2673 solet,
1677 2603 1912 2664 scelere
1943 2616 2058 2675 par
2084 2607 2180 2659 est

107 2687 216 2765 illi,
251 2686 551 2750 industria
580 2686 855 2746 inferior.
929 2685 1038 2745 Ille
1069 2701 1253 2760 quum
1287 2683 1628 2744 exercitum
1664 2685 1897 2743 nullum
1929 2679 2179 2740 habuis·

109 2737 242 2851 set,
287 2779 543 2849 repente
573 2768 902 2831 conflavit:
948 2767 1049 2830 hic
1092 2784 1231 2828 eum
1269 2767 1636 2835 exercitum,
1686 2781 1870 2841 quem
1914 2764 2176 2839 accepit,

105 2852 326 2915 amisit.
368 2855 448 2915 Ut
475 2853 657 2930 igitur
679 2853 992 2916 Catilinam
1014 2851 1327 2929 diligentia
1348 2870 1502 2927 mea,
1534 2859 1782 2913 senatus
1807 2848 2183 2919 auctoritate,

106 2944 315 2997 vestro
360 2938 564 2999 studio
595 2947 657 2999 et
683 2936 903 2999 virtute
933 2936 1227 3012 fregistis,
1274 2936 1364 2998 sic
1394 2935 1642 2998 Antonii
1673 2933 1969 2995 nefarium
2002 2934 2183 2993 latro-

108 3017 331 3080 cinium
361 3029 567 3081 vestra
599 3037 736 3081 cum
769 3030 986 3095 senatu
1019 3021 1352 3081 concordia
1381 3029 1563 3093 tanta,
1602 3027 1827 3094 quanta
1850 3032 2180 3094 numquam

107 3100 248 3177 suit,
306 3102 587 3166 felicitate
641 3114 702 3164 et
753 3103 970 3166 virtute
1021 3103 1400 3185 exercituum
1450 3105 1796 3178 ducumque
1841 3110 2181 3162 vestrorum

104 3185 281 3248 brevi
308 3195 582 3263 tempore
616 3203 984 3263 oppressum
1015 3186 1300 3249 audietis.
1379 3186 1479 3250 16.
1522 3186 1854 3262 Equidem,
1890 3192 2180 3260 quantum

108 3286 285 3345 cura,
333 3270 574 3344 labore,
620 3269 870 3346 vigiliis,
914 3269 1301 3343 auctoritate,
1350 3269 1609 3332 consilio
1653 3268 1813 3330 eniti
1832 3275 2019 3342 atque
2048 3264 2181 3324 effi·

108 3369 251 3414 cere
292 3362 522 3428 potero,
555 3354 699 3415 nihil
733 3353 1223 3452 praetermittam,
1256 3354 1425 3431 quod
1452 3354 1531 3413 ad
1557 3353 1890 3414 libertatem
1914 3357 2177 3409 vestram

109 3435 416 3537 pertinere
445 3438 801 3507 arbitrabor.
855 3439 1069 3515 Neque
1096 3440 1257 3499 enim
1290 3438 1353 3497 id
1381 3453 1493 3512 pro
1529 3434 1751 3497 vestris
1780 3425 2178 3504 amplissimis

107 3520 172 3583 in
204 3536 300 3580 me
335 3521 648 3585 beneficiis
675 3523 808 3584 sine
832 3525 1066 3584 scelere
1093 3523 1294 3582 facere
1319 3535 1595 3597 possum.
1637 3514 1948 3576 Hodierno
1970 3517 2172 3567 autem
