2514 3928
820 355 1293 416 ·-CAP.2-4.
1339 361 1655 422 §.4—10.
1835 394 1838 395 ν
1917 414 1920 417 ,
2236 359 2321 420 59

225 505 598 577 exsorbere,
633 505 1051 566 crudelitatem
1086 516 1350 567 vestram
1385 507 1720 582 odiumque
1744 507 2113 581 diuturnum,
2147 513 2312 584 quod

227 589 286 646 in
323 589 524 648 bonos
555 590 674 649 iam
710 588 1108 652 inveteratum
1133 590 1471 663 habebatiS,
1508 600 1783 652 saturare
1811 593 2139 666 cuperetis,
2179 612 2311 655 sce-

228 673 327 732 ius
361 681 421 732 et
453 675 715 733 l‘urorem
751 683 1020 734 vestrum
1051 675 1333 735 cedendo
1367 675 1659 736 maluisse
1691 676 1971 750 frangere
2005 695 2186 752 quam
2218 697 2312 738 re-

225 755 532 816 sistendo.
593 755 652 819 7.
699 758 828 830 Qua
856 775 921 818 re
953 766 1094 834 peto
1117 775 1155 817 a
1181 768 1257 832 te,
1293 767 1357 818 ut
1378 759 1521 818 mihi
1548 759 1855 834 ignoscaS,
1888 760 2111 832 Vatini,
2145 765 2310 836 quod

224 840 285 898 ei
320 840 552 914 patriae
585 843 994 917 pepercerim,
1031 859 1212 918 quam
1247 859 1675 913 servaveram,
1715 851 1805 918 et,
1849 843 1903 904 si
1933 861 2049 919 ego
2081 852 2140 906 te
2176 863 2309 920 per*

223 923 487 984 ditorem
535 935 594 985 et
639 934 992 986 vexatorem
1037 927 1126 987 rei
1172 926 1454 1001 publicae
1490 929 1650 1000 ser0,
1694 937 1756 988 tu
1786 944 1881 988 me
1916 940 2308 992 conservato·

224 1024 355 1069 rem
397 1017 458 1068 et
504 1011 822 1070 custodem
855 1013 1039 1071 seras.
1107 1011 1343 1071 Deinde
1386 1010 1520 1072 eius
1567 1010 1679 1070 viri
1723 1010 2072 1072 discessum
2117 1013 2308 1074 incre·

225 1110 373 1167 ρας,
424 1110 602 1168 quem
636 1094 812 1154 vides
844 1095 1114 1155 omnium
1151 1095 1375 1155 civium
1422 1094 1766 1167 desideriO,
1803 1095 2003 1170 ipsius
2039 1097 2306 1172 denique

220 1176 313 1236 rei
346 1178 625 1251 publicae
661 1181 824 1239 luctu
854 1195 998 1238 esse
1028 1186 1430 1240 revocatum?
1459 1182 1540 1239 At
1568 1179 1728 1239 enim
1760 1178 1968 1240 dixisti
2003 1198 2125 1240 non
2149 1198 2303 1245 mea.

220 1262 338 1321 sed
381 1260 470 1323 rei
514 1263 795 1338 publicae
842 1279 1032 1323 causa
1075 1262 1355 1324 homines
1401 1264 1480 1323 de
1525 1280 1661 1323 meo
1717 1264 1917 1324 reditu
1965 1266 2304 1327 laborasse.

222 1344 415 1419 Quasi
466 1363 613 1408 vero
656 1347 984 1421 quisquam
1032 1346 1122 1405 vir
1153 1346 1477 1407 excellenti
1508 1346 1711 1407 animo
1742 1349 1799 1407 in
1839 1365 1967 1407 rem
2001 1349 2302 1422 publicam

223 1429 550 1505 ingressus
593 1429 926 1505 optabilius
974 1429 1310 1505 quidquam
1358 1429 1684 1490 arbitretur
1739 1448 1920 1505 quam
1967 1449 2037 1492 se
2088 1450 2124 1492 a
2171 1432 2303 1494 suis

222 1513 468 1574 civibus
497 1514 585 1574 rei
620 1514 905 1590 publicae
931 1517 1122 1574 causa
1157 1513 1345 1588 diligi.
1388 1513 1448 1575 8.
1497 1512 1745 1573 Scilicet
1773 1530 1995 1588 aspera
2028 1533 2164 1575 mea
2200 1533 2301 1576 na-

212 1608 388 1670 tura,
436 1597 707 1659 difficilis
737 1597 972 1669 aditus,
1016 1599 1221 1680 gravis
1252 1600 1491 1671 vultuS,
1534 1598 1807 1672 superba
1836 1613 2171 1673 responsa,
2217 1597 2302 1659 in·

221 1683 437 1743 solens
489 1683 640 1744 vitaz
687 1699 866 1742 nemo
911 1683 1423 1743 consuetudinem
1466 1698 1692 1750 meam,
1738 1699 1920 1742 nemo
1966 1680 2303 1743 humanita-

221 1775 362 1839 tem,
394 1783 570 1828 nemo
604 1767 946 1837 consilium,
982 1783 1162 1828 nemo
1195 1766 1487 1828 auxilium
1518 1766 1897 1842 requirebat=
1932 1765 2109 1828 cuius
2141 1767 2301 1826 desi·

219 1849 428 1923 deri0,
474 1860 539 1913 ut
568 1853 722 1912 haec
756 1851 1004 1911 minima
1033 1850 1511 1924 dicam,‚forum
1543 1859 1871 1922 maestum,
1918 1860 2082 1912 muta
2113 1851 2298 1920 curia,

218 1934 428 1996 omnia
467 1937 735 2013 denique
781 1937 1077 1998 bonarum
1120 1935 1336 1998 artium
1374 1935 1577 1998 studia
1598 1935 1925 1998 siluerunt.
1994 1935 2115 1998 Sed
2156 1936 2300 1996 nihil

219 2019 300 2094 sit
340 2022 564 2081 factum
611 2038 747 2082 mea
793 2038 1009 2082 causa:
1058 2021 1263 2081 omnia
1302 2020 1403 2082 illa
1448 2030 1700 2082 senatus
1730 2022 2042 2092 consulta,
2088 2019 2299 2097 populi

218 2103 424 2172 iussa,
477 2104 686 2165 Italiae
742 2104 959 2177 totiuS,
1018 2115 1374 2167 cunctarum
1436 2104 1795 2167 societatum
1820 2152 1834 2176 ‚
1903 2105 2296 2180 collegiorum

215 2187 494 2247 omnium
531 2189 776 2248 decreta
819 2190 896 2249 de
932 2206 1028 2249 me
1077 2188 1161 2250 rei
1204 2190 1486 2264 publicae
1519 2206 1708 2251 causa
1742 2206 1888 2250 esse
1921 2190 2082 2248 sacta
2113 2191 2296 2249 fatea-

215 2289 371 2333 mur.
437 2272 593 2345 Quid
628 2289 806 2347 ergo,
850 2273 1032 2334 homo
1076 2272 1533 2349 imperitissime
1578 2273 1815 2333 solidae
1853 2271 2052 2333 laudis
2083 2288 2157 2331 ac
2193 2288 2292 2331 ve·

218 2373 322 2416 rae
352 2356 692 2431 dignitatis,
727 2358 1137 2432 praestantius
1170 2357 1315 2417 mibi
1347 2356 1545 2432 potuit
1572 2356 1898 2417 accidere?
1944 2356 2091 2431 quid
2124 2364 2295 2431 opta-

218 2439 400 2501 bilius
430 2442 509 2501 ad
543 2442 1048 2503 immortalitatem
1080 2441 1312 2517 gloriae
1342 2450 1529 2517 atque
1563 2439 1622 2500 in
1657 2440 2008 2502 memoriam
2039 2439 2157 2500 mei
2190 2456 2292 2499 no·

217 2523 397 2585 minis
431 2527 894 2601 sempiternam,
944 2543 1127 2601 quam
1170 2542 1385 2587 omnes
1435 2525 1553 2586 hoc
1589 2524 1759 2585 cives
1796 2541 1968 2586 meos
2002 2523 2294 2594 iudicare,

216 2607 479 2670 civitatis
522 2612 780 2671 salutem
812 2627 946 2670 cum
981 2612 1161 2671 unius
1189 2627 1327 2670 mea
1365 2611 1561 2670 salute
1593 2626 1739 2670 esse
1770 2608 2199 2669 coniunctam?
2233 2604 2293 2666 9.

216 2692 391 2764 Quod
423 2693 671 2769 quidem
703 2710 818 2770 ego
849 2694 955 2755 tibi
985 2695 1180 2754 reddo
1213 2704 1397 2754 tuum.
1445 2694 1594 2753 Nam
1623 2702 1691 2753 ut
1713 2702 1776 2754 tu
1801 2708 1897 2752 me
1920 2707 2126 2752 carum
2152 2706 2297 2750 esse
2352 2714 2356 2717 >

225 2775 425 2837 dixisti
457 2778 695 2839 senatui
732 2779 1092 2854 populoque
1116 2779 1394 2838 Romano
1432 2793 1553 2837 non
1589 2785 1710 2837 tam
1738 2792 1875 2835 mea
1900 2791 2088 2835 causa
2114 2790 2296 2848 quam

214 2859 303 2920 rei
347 2861 661 2935 publicae,
704 2862 796 2923 sic
845 2878 962 2937 ego
991 2871 1079 2933 te,
1119 2877 1489 2938 quamquam
1523 2860 1612 2919 sis
1649 2859 1813 2919 omni
1843 2858 2081 2919 diritate
2110 2868 2295 2932 atque

212 2943 584 3007 immanitate
631 2946 1042 3020 taeterrimuS,
1083 2955 1283 3007 tamen
1327 2944 1468 3004 dico
1510 2959 1656 3003 esse
1706 2940 1851 3003 odio
1899 2942 2127 3018 civitati
2172 2959 2294 3002 non

213 3038 334 3089 tam
375 3037 477 3090 tuo
512 3048 694 3106 quam
729 3031 818 3091 rei
853 3031 1137 3106 publicae
1172 3030 1438 3091 nomine.
1971 3077 1981 3085 .

381 3114 486 3174 IV.
541 3119 747 3189 Atque
780 3112 1217 3190 utaliquando
1249 3115 1328 3175 ad
1371 3123 1431 3175 te
1479 3111 1748 3184 veniam,
1795 3112 1873 3173 de
1915 3129 2013 3174 me
2056 3112 2175 3171 hoc
2217 3108 2297 3168 sit

213 3205 570 3260 extremum.
631 3200 788 3273 Quid
825 3199 1089 3275 quisque
1124 3207 1400 3260 nostrum
1434 3198 1513 3258 de
1555 3215 1626 3259 se
1666 3197 1802 3272 ipse
1844 3198 2133 3274 loquatur
2173 3207 2291 3252 non

213 3290 311 3342 est
340 3298 493 3343 sane
521 3275 976 3360 requirendum.
1018 3282 1175 3343 Boni
1201 3281 1313 3342 viri
1339 3283 1637 3343 iudicent=
1670 3281 1732 3340 id
1762 3290 1859 3343 est
1879 3278 2125 3340 maximi
2163 3291 2291 3335 mo-

212 3365 400 3428 menti
434 3376 495 3428 et
526 3366 840 3442 ponderis.
919 3366 1018 3429 10.
1062 3368 1210 3429 Βυο,
1243 3375 1388 3428 sunt
1430 3374 1741 3442 tempora,
1796 3364 2022 3439 quibus
2052 3368 2293 3420 nostro-

211 3466 346 3511 rum
376 3450 600 3512 civium
631 3459 988 3527 spectentur
1018 3450 1255 3512 iudicia·
1275 3452 1353 3509 de
1384 3448 1593 3509 nobis=
1627 3464 1809 3508 unum
1842 3442 2293 3536 honoris-alte·-

212 3550 345 3595 rum
382 3534 618 3597 salutis.
682 3536 898 3597 Honos
929 3535 1032 3596 tali
1069 3535 1282 3610 populi
1310 3531 1569 3592 Romani
1600 3530 2168 3617 voluntate-paucis
2193 3526 2292 3606 'est

212 3617 456 3679 delatus
499 3623 578 3680 ac'
618 3617 797 3680 mihi:
850 3620 1020 3680 salus
1053 3626 1219 3679 tanto
1249 3615 1455 3676 studio
1487 3610 1749 3671 civitatis
1780 3619 2005 3663 nemim
2035 3596 2294 3654 recidua.
