<?xml version="1.0" encoding="UTF-8"?>
<!DOCTYPE html PUBLIC "-//W3C//DTD XHTML 1.0 Transitional//EN"
    "http://www.w3.org/TR/xhtml1/DTD/xhtml1-transitional.dtd">
<html xmlns="http://www.w3.org/1999/xhtml" xml:lang="en" lang="en">
 <head>
  <title>
</title>
<meta http-equiv="Content-Type" content="text/html;charset=utf-8" />
  <meta name='ocr-system' content='tesseract 3.04.00' />
  <meta name='ocr-capabilities' content='ocr_page ocr_carea ocr_par ocr_line ocrx_word'/>
</head>
<body>
  <div class='ocr_page' id='page_1' title='image "./scriptaquaemans02cicegoog_0346.png"; bbox 0 0 2514 3928; ppageno 0'>
   <div class='ocr_carea' id='block_1_1' title="bbox 371 298 2489 373">
    <p class='ocr_par' dir='ltr' id='par_1_1' title="bbox 371 298 2489 373">
     <span class='ocr_line' id='line_1_1' title="bbox 371 298 2489 373; baseline -0.003 -3"><span class='ocrx_word' id='word_1_1' title='bbox 371 309 495 373; x_wconf 71' lang='lat'><strong>286</strong></span> <span class='ocrx_word' id='word_1_2' title='bbox 837 303 985 363; x_wconf 87' lang='lat' dir='ltr'><strong>PRO</strong></span> <span class='ocrx_word' id='word_1_3' title='bbox 1018 302 1223 364; x_wconf 84' lang='lat' dir='ltr'>REGE</span> <span class='ocrx_word' id='word_1_4' title='bbox 1257 298 1643 362; x_wconf 81' lang='lat' dir='ltr'><strong>DEIOTARO</strong></span> <span class='ocrx_word' id='word_1_5' title='bbox 1679 298 1983 360; x_wconf 84' lang='lat' dir='ltr'><strong>ORATIO.</strong></span> <span class='ocrx_word' id='word_1_6' title='bbox 2402 312 2489 365; x_wconf 77' lang='lat'><strong>62</strong></span> 
     </span>
    </p>
   </div>
   <div class='ocr_carea' id='block_1_2' title="bbox 369 450 2478 593">
    <p class='ocr_par' dir='ltr' id='par_1_2' title="bbox 369 450 2478 593">
     <span class='ocr_line' id='line_1_2' title="bbox 372 450 2478 521; baseline -0.004 -9"><span class='ocrx_word' id='word_1_7' title='bbox 372 463 581 512; x_wconf 78' lang='lat' dir='ltr'><strong>Romam</strong></span> <span class='ocrx_word' id='word_1_8' title='bbox 618 455 789 506; x_wconf 83' lang='lat' dir='ltr'><strong>missis</strong></span> <span class='ocrx_word' id='word_1_9' title='bbox 823 454 1067 521; x_wconf 75' lang='lat' dir='ltr'><strong>perfidiae</strong></span> <span class='ocrx_word' id='word_1_10' title='bbox 1113 468 1266 504; x_wconf 79' lang='lat' dir='ltr'><strong>causa</strong></span> <span class='ocrx_word' id='word_1_11' title='bbox 1297 453 1545 503; x_wconf 85' lang='lat' dir='ltr'><strong>abductus</strong></span> <span class='ocrx_word' id='word_1_12' title='bbox 1580 451 1791 501; x_wconf 83' lang='lat' dir='ltr'><strong>adiuvit.</strong></span> <span class='ocrx_word' id='word_1_13' title='bbox 1853 450 2032 516; x_wconf 78' lang='lat' dir='ltr'><strong>Legati</strong></span> <span class='ocrx_word' id='word_1_14' title='bbox 2062 452 2218 517; x_wconf 75' lang='lat' dir='ltr'><strong>regis,</strong></span> <span class='ocrx_word' id='word_1_15' title='bbox 2261 453 2368 515; x_wconf 83' lang='lat' dir='ltr'><strong>qui</strong></span> <span class='ocrx_word' id='word_1_16' title='bbox 2416 455 2478 503; x_wconf 78' lang='lat' dir='ltr'><strong>in</strong></span> 
     </span>
     <span class='ocr_line' id='line_1_3' title="bbox 369 519 2474 593; baseline -0.004 -14"><span class='ocrx_word' id='word_1_17' title='bbox 369 530 469 579; x_wconf 69' lang='lat' dir='ltr'><strong>fide</strong></span> <span class='ocrx_word' id='word_1_18' title='bbox 519 532 929 593; x_wconf 72' lang='lat' dir='ltr'><strong>permanserant,</strong></span> <span class='ocrx_word' id='word_1_19' title='bbox 967 537 1171 573; x_wconf 81' lang='lat' dir='ltr'><strong>causam</strong></span> <span class='ocrx_word' id='word_1_20' title='bbox 1205 523 1274 573; x_wconf 82' lang='lat' dir='ltr'><strong>ad</strong></span> <span class='ocrx_word' id='word_1_21' title='bbox 1316 523 1382 571; x_wconf 83' lang='grc' dir='ltr'><strong>Μ.</strong></span> <span class='ocrx_word' id='word_1_22' title='bbox 1416 519 1708 571; x_wconf 85' lang='lat' dir='ltr'><strong>Ciceronem</strong></span> <span class='ocrx_word' id='word_1_23' title='bbox 1737 519 2049 584; x_wconf 83' lang='lat' dir='ltr'><strong>detulerunt,</strong></span> <span class='ocrx_word' id='word_1_24' title='bbox 2085 530 2320 570; x_wconf 78' lang='lat' dir='ltr'><strong>veterem</strong></span> <span class='ocrx_word' id='word_1_25' title='bbox 2362 521 2474 572; x_wconf 83' lang='lat' dir='ltr'><strong>ho-</strong></span> 
     </span>
    </p>
   </div>
   <div class='ocr_carea' id='block_1_3' title="bbox 369 586 2473 728">
    <p class='ocr_par' dir='ltr' id='par_1_3' title="bbox 369 586 2473 728">
     <span class='ocr_line' id='line_1_4' title="bbox 369 586 2473 663; baseline -0.003 -16"><span class='ocrx_word' id='word_1_26' title='bbox 369 598 552 663; x_wconf 79' lang='lat' dir='ltr'><strong>spitem</strong></span> <span class='ocrx_word' id='word_1_27' title='bbox 598 605 747 656; x_wconf 82' lang='lat' dir='ltr'><strong>atque</strong></span> <span class='ocrx_word' id='word_1_28' title='bbox 782 593 998 643; x_wconf 87' lang='lat' dir='ltr'><strong>amicum</strong></span> <span class='ocrx_word' id='word_1_29' title='bbox 1037 593 1292 653; x_wconf 86' lang='lat' dir='ltr'><strong>Deiotari,</strong></span> <span class='ocrx_word' id='word_1_30' title='bbox 1337 590 1427 653; x_wconf 86' lang='lat' dir='ltr'><strong>qui</strong></span> <span class='ocrx_word' id='word_1_31' title='bbox 1457 604 1574 640; x_wconf 87' lang='lat' dir='ltr'><strong>enm</strong></span> <span class='ocrx_word' id='word_1_32' title='bbox 1606 588 1744 654; x_wconf 85' lang='lat' dir='ltr'><strong>apud</strong></span> <span class='ocrx_word' id='word_1_33' title='bbox 1780 586 1836 639; x_wconf 78' lang='grc' dir='ltr'><strong>Ο.</strong></span> <span class='ocrx_word' id='word_1_34' title='bbox 1874 587 2142 639; x_wconf 82' lang='lat' dir='ltr'><strong>Gaesarem</strong></span> <span class='ocrx_word' id='word_1_35' title='bbox 2177 589 2323 638; x_wconf 83' lang='lat' dir='ltr'><strong>intra</strong></span> <span class='ocrx_word' id='word_1_36' title='bbox 2363 591 2473 641; x_wconf 80' lang='lat' dir='ltr'><strong>do·</strong></span> 
     </span>
     <span class='ocr_line' id='line_1_5' title="bbox 369 657 2268 728; baseline -0.005 -12"><span class='ocrx_word' id='word_1_37' title='bbox 369 665 605 716; x_wconf 85' lang='lat' dir='ltr'><strong>mesticos</strong></span> <span class='ocrx_word' id='word_1_38' title='bbox 642 662 861 728; x_wconf 82' lang='lat' dir='ltr'><strong>parietes</strong></span> <span class='ocrx_word' id='word_1_39' title='bbox 895 661 991 712; x_wconf 84' lang='lat' dir='ltr'><strong>hac</strong></span> <span class='ocrx_word' id='word_1_40' title='bbox 1029 663 1157 726; x_wconf 81' lang='lat' dir='ltr'><strong>ipsa,</strong></span> <span class='ocrx_word' id='word_1_41' title='bbox 1187 675 1318 724; x_wconf 86' lang='lat' dir='ltr'><strong>quae</strong></span> <span class='ocrx_word' id='word_1_42' title='bbox 1353 658 1484 708; x_wconf 80' lang='lat' dir='ltr'><strong>infra</strong></span> <span class='ocrx_word' id='word_1_43' title='bbox 1516 658 1717 724; x_wconf 77' lang='lat' dir='ltr'><strong>legitur,</strong></span> <span class='ocrx_word' id='word_1_44' title='bbox 1757 659 1981 708; x_wconf 87' lang='lat' dir='ltr'><strong>oratione</strong></span> <span class='ocrx_word' id='word_1_45' title='bbox 2020 657 2268 708; x_wconf 85' lang='lat' dir='ltr'><strong>defendit.</strong></span> 
     </span>
    </p>
   </div>
   <div class='ocr_carea' id='block_1_4' title="bbox 347 823 2464 3581">
    <p class='ocr_par' dir='ltr' id='par_1_4' title="bbox 348 823 2464 3077">
     <span class='ocr_line' id='line_1_6' title="bbox 489 823 2464 905; baseline -0.001 -14"><span class='ocrx_word' id='word_1_46' title='bbox 489 832 533 891; x_wconf 85' lang='lat'><strong>1.</strong></span> <span class='ocrx_word' id='word_1_47' title='bbox 571 831 626 893; x_wconf 87' lang='lat'><strong>1.</strong></span> <span class='ocrx_word' id='word_1_48' title='bbox 659 830 851 905; x_wconf 81' lang='lat' dir='ltr'><strong>Quum</strong></span> <span class='ocrx_word' id='word_1_49' title='bbox 885 827 945 889; x_wconf 90' lang='lat' dir='ltr'><strong>in</strong></span> <span class='ocrx_word' id='word_1_50' title='bbox 971 826 1251 890; x_wconf 90' lang='lat' dir='ltr'><strong>omnibus</strong></span> <span class='ocrx_word' id='word_1_51' title='bbox 1287 823 1491 888; x_wconf 88' lang='lat' dir='ltr'><strong>causis</strong></span> <span class='ocrx_word' id='word_1_52' title='bbox 1525 824 1927 902; x_wconf 80' lang='lat' dir='ltr'><strong>gravioribuS,</strong></span> <span class='ocrx_word' id='word_1_53' title='bbox 1958 828 2019 890; x_wconf 88' lang='lat' dir='ltr'><strong>C.</strong></span> <span class='ocrx_word' id='word_1_54' title='bbox 2052 824 2307 903; x_wconf 89' lang='lat' dir='ltr'><strong>Caesar,</strong></span> <span class='ocrx_word' id='word_1_55' title='bbox 2341 829 2464 890; x_wconf 92' lang='lat' dir='ltr'><strong>ini-</strong></span> 
     </span>
     <span class='ocr_line' id='line_1_7' title="bbox 367 910 2460 988; baseline -0.001 -10"><span class='ocrx_word' id='word_1_56' title='bbox 367 916 448 979; x_wconf 87' lang='lat' dir='ltr'><strong>tio</strong></span> <span class='ocrx_word' id='word_1_57' title='bbox 470 912 715 977; x_wconf 91' lang='lat' dir='ltr'><strong>dicendi</strong></span> <span class='ocrx_word' id='word_1_58' title='bbox 735 911 1110 974; x_wconf 82' lang='lat' dir='ltr'><strong>commoveri</strong></span> <span class='ocrx_word' id='word_1_59' title='bbox 1133 914 1365 973; x_wconf 84' lang='lat' dir='ltr'><strong>soleam</strong></span> <span class='ocrx_word' id='word_1_60' title='bbox 1390 910 1826 985; x_wconf 79' lang='lat' dir='ltr'><strong>vehementiuS,</strong></span> <span class='ocrx_word' id='word_1_61' title='bbox 1857 928 2039 988; x_wconf 93' lang='lat' dir='ltr'><strong>quam</strong></span> <span class='ocrx_word' id='word_1_62' title='bbox 2070 910 2321 973; x_wconf 90' lang='lat' dir='ltr'><strong>videtur</strong></span> <span class='ocrx_word' id='word_1_63' title='bbox 2353 917 2460 975; x_wconf 79' lang='lat' dir='ltr'><strong>vel</strong></span> 
     </span>
     <span class='ocr_line' id='line_1_8' title="bbox 365 995 2456 1070; baseline -0.002 -7"><span class='ocrx_word' id='word_1_64' title='bbox 365 1016 518 1062; x_wconf 88' lang='lat' dir='ltr'><strong>usus</strong></span> <span class='ocrx_word' id='word_1_65' title='bbox 550 1001 646 1060; x_wconf 82' lang='lat' dir='ltr'><strong>vel</strong></span> <span class='ocrx_word' id='word_1_66' title='bbox 676 1005 848 1058; x_wconf 90' lang='lat' dir='ltr'><strong>aetas</strong></span> <span class='ocrx_word' id='word_1_67' title='bbox 877 1011 1013 1056; x_wconf 94' lang='lat' dir='ltr'><strong>mea</strong></span> <span class='ocrx_word' id='word_1_68' title='bbox 1049 997 1379 1070; x_wconf 87' lang='lat' dir='ltr'><strong>postulare,</strong></span> <span class='ocrx_word' id='word_1_69' title='bbox 1412 1003 1532 1055; x_wconf 90' lang='lat' dir='ltr'><strong>tum</strong></span> <span class='ocrx_word' id='word_1_70' title='bbox 1563 995 1621 1054; x_wconf 91' lang='lat' dir='ltr'><strong>in</strong></span> <span class='ocrx_word' id='word_1_71' title='bbox 1658 995 1771 1055; x_wconf 87' lang='lat' dir='ltr'><strong>hac</strong></span> <span class='ocrx_word' id='word_1_72' title='bbox 1797 1011 1984 1055; x_wconf 88' lang='lat' dir='ltr'><strong>causa</strong></span> <span class='ocrx_word' id='word_1_73' title='bbox 2012 997 2093 1056; x_wconf 92' lang='lat' dir='ltr'><strong>ita</strong></span> <span class='ocrx_word' id='word_1_74' title='bbox 2121 1012 2219 1056; x_wconf 90' lang='lat' dir='ltr'><strong>me</strong></span> <span class='ocrx_word' id='word_1_75' title='bbox 2248 1001 2456 1060; x_wconf 86' lang='lat' dir='ltr'><strong>multa</strong></span> 
     </span>
     <span class='ocr_line' id='line_1_9' title="bbox 366 1076 2452 1160; baseline -0.002 -15"><span class='ocrx_word' id='word_1_76' title='bbox 366 1082 747 1160; x_wconf 79' lang='lat' dir='ltr'>perturbant,</span> <span class='ocrx_word' id='word_1_77' title='bbox 773 1087 866 1154; x_wconf 89' lang='lat' dir='ltr'><strong>ut,</strong></span> <span class='ocrx_word' id='word_1_78' title='bbox 898 1087 1186 1155; x_wconf 89' lang='lat' dir='ltr'><strong>quantum</strong></span> <span class='ocrx_word' id='word_1_79' title='bbox 1220 1094 1358 1140; x_wconf 87' lang='lat' dir='ltr'><strong>mea</strong></span> <span class='ocrx_word' id='word_1_80' title='bbox 1384 1078 1541 1140; x_wconf 84' lang='lat' dir='ltr'><strong>fides</strong></span> <span class='ocrx_word' id='word_1_81' title='bbox 1571 1077 1755 1140; x_wconf 90' lang='lat' dir='ltr'><strong>studii</strong></span> <span class='ocrx_word' id='word_1_82' title='bbox 1785 1076 1927 1138; x_wconf 87' lang='lat' dir='ltr'><strong>mihi</strong></span> <span class='ocrx_word' id='word_1_83' title='bbox 1962 1079 2198 1141; x_wconf 86' lang='lat' dir='ltr'><strong>adferat</strong></span> <span class='ocrx_word' id='word_1_84' title='bbox 2223 1081 2313 1140; x_wconf 88' lang='lat' dir='ltr'><strong>ad</strong></span> <span class='ocrx_word' id='word_1_85' title='bbox 2346 1098 2452 1142; x_wconf 87' lang='lat' dir='ltr'><strong>sa-</strong></span> 
     </span>
     <span class='ocr_line' id='line_1_10' title="bbox 368 1160 2453 1245; baseline -0 -20"><span class='ocrx_word' id='word_1_86' title='bbox 368 1169 549 1227; x_wconf 91' lang='lat' dir='ltr'><strong>lutem</strong></span> <span class='ocrx_word' id='word_1_87' title='bbox 583 1165 748 1240; x_wconf 83' lang='lat' dir='ltr'><strong>regis</strong></span> <span class='ocrx_word' id='word_1_88' title='bbox 780 1160 1045 1224; x_wconf 79' lang='lat' dir='ltr'>Deiotari</span> <span class='ocrx_word' id='word_1_89' title='bbox 1102 1162 1582 1233; x_wconf 77' lang='lat' dir='ltr'><strong>defendendam,</strong></span> <span class='ocrx_word' id='word_1_90' title='bbox 1630 1170 1855 1223; x_wconf 88' lang='lat' dir='ltr'><strong>tantum</strong></span> <span class='ocrx_word' id='word_1_91' title='bbox 1897 1161 2200 1224; x_wconf 79' lang='lat' dir='ltr'>facultatis</span> <span class='ocrx_word' id='word_1_92' title='bbox 2254 1163 2453 1245; x_wconf 61' lang='lat' dir='ltr'><strong>timor</strong></span> 
     </span>
     <span class='ocr_line' id='line_1_11' title="bbox 364 1243 2448 1324; baseline -0.001 -13"><span class='ocrx_word' id='word_1_93' title='bbox 364 1248 659 1311; x_wconf 87' lang='lat' dir='ltr'><strong>detrahat.</strong></span> <span class='ocrx_word' id='word_1_94' title='bbox 747 1245 1005 1308; x_wconf 86' lang='lat' dir='ltr'><strong>Primum</strong></span> <span class='ocrx_word' id='word_1_95' title='bbox 1054 1243 1193 1308; x_wconf 91' lang='lat' dir='ltr'><strong>dico</strong></span> <span class='ocrx_word' id='word_1_96' title='bbox 1240 1263 1350 1322; x_wconf 86' lang='lat' dir='ltr'><strong>pro</strong></span> <span class='ocrx_word' id='word_1_97' title='bbox 1393 1243 1593 1320; x_wconf 87' lang='lat' dir='ltr'><strong>capite</strong></span> <span class='ocrx_word' id='word_1_98' title='bbox 1624 1243 2006 1322; x_wconf 82' lang='lat' dir='ltr'><strong>fortunisque</strong></span> <span class='ocrx_word' id='word_1_99' title='bbox 2033 1246 2217 1321; x_wconf 84' lang='lat' dir='ltr'><strong>regis,</strong></span> <span class='ocrx_word' id='word_1_100' title='bbox 2264 1250 2448 1324; x_wconf 89' lang='lat' dir='ltr'><strong>quod</strong></span> 
     </span>
     <span class='ocr_line' id='line_1_12' title="bbox 363 1327 2448 1409; baseline -0.001 -15"><span class='ocrx_word' id='word_1_101' title='bbox 363 1332 595 1409; x_wconf 89' lang='lat' dir='ltr'><strong>ipsum,</strong></span> <span class='ocrx_word' id='word_1_102' title='bbox 636 1331 750 1393; x_wconf 88' lang='lat' dir='ltr'><strong>etsi</strong></span> <span class='ocrx_word' id='word_1_103' title='bbox 796 1347 916 1392; x_wconf 90' lang='lat' dir='ltr'><strong>non</strong></span> <span class='ocrx_word' id='word_1_104' title='bbox 956 1330 1228 1406; x_wconf 90' lang='lat' dir='ltr'><strong>iniquum</strong></span> <span class='ocrx_word' id='word_1_105' title='bbox 1264 1334 1364 1392; x_wconf 82' lang='lat' dir='ltr'><strong>est</strong></span> <span class='ocrx_word' id='word_1_106' title='bbox 1396 1327 1456 1390; x_wconf 92' lang='lat' dir='ltr'><strong>in</strong></span> <span class='ocrx_word' id='word_1_107' title='bbox 1489 1337 1595 1389; x_wconf 92' lang='lat' dir='ltr'><strong>tuo</strong></span> <span class='ocrx_word' id='word_1_108' title='bbox 1633 1329 1778 1390; x_wconf 91' lang='lat' dir='ltr'><strong>dum</strong></span> <span class='ocrx_word' id='word_1_109' title='bbox 1818 1337 1982 1391; x_wconf 86' lang='lat' dir='ltr'><strong>taxat</strong></span> <span class='ocrx_word' id='word_1_110' title='bbox 2009 1327 2322 1405; x_wconf 88' lang='lat' dir='ltr'><strong>periculo,</strong></span> <span class='ocrx_word' id='word_1_111' title='bbox 2359 1341 2448 1394; x_wconf 88' lang='lat' dir='ltr'><strong>ta·</strong></span> 
     </span>
     <span class='ocr_line' id='line_1_13' title="bbox 364 1409 2447 1488; baseline 0 -10"><span class='ocrx_word' id='word_1_112' title='bbox 364 1434 501 1479; x_wconf 89' lang='lat' dir='ltr'><strong>men</strong></span> <span class='ocrx_word' id='word_1_113' title='bbox 532 1425 629 1478; x_wconf 91' lang='lat' dir='ltr'><strong>est</strong></span> <span class='ocrx_word' id='word_1_114' title='bbox 651 1415 735 1478; x_wconf 91' lang='lat' dir='ltr'><strong>ita</strong></span> <span class='ocrx_word' id='word_1_115' title='bbox 762 1414 1108 1477; x_wconf 89' lang='lat' dir='ltr'><strong>inusitatum</strong></span> <span class='ocrx_word' id='word_1_116' title='bbox 1169 1429 1375 1488; x_wconf 86' lang='lat' dir='ltr'><strong>regem</strong></span> <span class='ocrx_word' id='word_1_117' title='bbox 1406 1428 1574 1473; x_wconf 86' lang='lat' dir='ltr'><strong>reum</strong></span> <span class='ocrx_word' id='word_1_118' title='bbox 1611 1409 1829 1488; x_wconf 88' lang='lat' dir='ltr'><strong>capitis</strong></span> <span class='ocrx_word' id='word_1_119' title='bbox 1859 1429 2022 1488; x_wconf 90' lang='lat' dir='ltr'><strong>esse,</strong></span> <span class='ocrx_word' id='word_1_120' title='bbox 2045 1420 2110 1473; x_wconf 90' lang='lat' dir='ltr'><strong>ut</strong></span> <span class='ocrx_word' id='word_1_121' title='bbox 2135 1421 2282 1475; x_wconf 88' lang='lat' dir='ltr'><strong>ante</strong></span> <span class='ocrx_word' id='word_1_122' title='bbox 2323 1416 2447 1478; x_wconf 75' lang='lat' dir='ltr'><strong>lioc</strong></span> 
     </span>
     <span class='ocr_line' id='line_1_14' title="bbox 365 1493 2446 1581; baseline -0.002 -17"><span class='ocrx_word' id='word_1_123' title='bbox 365 1510 605 1578; x_wconf 79' lang='lat' dir='ltr'><strong>tempus</strong></span> <span class='ocrx_word' id='word_1_124' title='bbox 635 1517 757 1561; x_wconf 91' lang='lat' dir='ltr'><strong>non</strong></span> <span class='ocrx_word' id='word_1_125' title='bbox 787 1498 866 1560; x_wconf 90' lang='lat' dir='ltr'><strong>sit</strong></span> <span class='ocrx_word' id='word_1_126' title='bbox 894 1497 1184 1559; x_wconf 90' lang='lat' dir='ltr'><strong>auditum.</strong></span> <span class='ocrx_word' id='word_1_127' title='bbox 1241 1496 1299 1558; x_wconf 81' lang='lat'><strong>2.</strong></span> <span class='ocrx_word' id='word_1_128' title='bbox 1323 1493 1555 1581; x_wconf 84' lang='lat' dir='ltr'><strong>Deinde</strong></span> <span class='ocrx_word' id='word_1_129' title='bbox 1579 1513 1715 1557; x_wconf 93' lang='lat' dir='ltr'><strong>eum</strong></span> <span class='ocrx_word' id='word_1_130' title='bbox 1740 1512 1965 1571; x_wconf 83' lang='lat' dir='ltr'><strong>regem,</strong></span> <span class='ocrx_word' id='word_1_131' title='bbox 2000 1512 2179 1572; x_wconf 90' lang='lat' dir='ltr'><strong>quem</strong></span> <span class='ocrx_word' id='word_1_132' title='bbox 2211 1513 2446 1560; x_wconf 87' lang='lat' dir='ltr'><strong>ornare</strong></span> 
     </span>
     <span class='ocr_line' id='line_1_15' title="bbox 364 1576 2441 1655; baseline -0.002 -9"><span class='ocrx_word' id='word_1_133' title='bbox 364 1594 544 1647; x_wconf 82' lang='lat' dir='ltr'><strong>antea</strong></span> <span class='ocrx_word' id='word_1_134' title='bbox 585 1593 805 1646; x_wconf 87' lang='lat' dir='ltr'><strong>cuncto</strong></span> <span class='ocrx_word' id='word_1_135' title='bbox 851 1599 989 1644; x_wconf 87' lang='lat' dir='ltr'><strong>cum</strong></span> <span class='ocrx_word' id='word_1_136' title='bbox 1031 1589 1248 1643; x_wconf 91' lang='lat' dir='ltr'><strong>senatu</strong></span> <span class='ocrx_word' id='word_1_137' title='bbox 1273 1580 1546 1641; x_wconf 86' lang='lat' dir='ltr'><strong>solebam</strong></span> <span class='ocrx_word' id='word_1_138' title='bbox 1578 1596 1689 1654; x_wconf 85' lang='lat' dir='ltr'><strong>pro</strong></span> <span class='ocrx_word' id='word_1_139' title='bbox 1720 1578 2032 1655; x_wconf 89' lang='lat' dir='ltr'><strong>perpetuis</strong></span> <span class='ocrx_word' id='word_1_140' title='bbox 2063 1576 2198 1640; x_wconf 90' lang='lat' dir='ltr'><strong>cius</strong></span> <span class='ocrx_word' id='word_1_141' title='bbox 2228 1579 2293 1641; x_wconf 89' lang='lat' dir='ltr'><strong>in</strong></span> <span class='ocrx_word' id='word_1_142' title='bbox 2329 1600 2441 1642; x_wconf 82' lang='lat' dir='ltr'><strong>no-</strong></span> 
     </span>
     <span class='ocr_line' id='line_1_16' title="bbox 364 1661 2442 1743; baseline -0.002 -11"><span class='ocrx_word' id='word_1_143' title='bbox 364 1678 547 1732; x_wconf 85' lang='lat' dir='ltr'><strong>stram</strong></span> <span class='ocrx_word' id='word_1_144' title='bbox 580 1683 708 1728; x_wconf 89' lang='lat' dir='ltr'><strong>rem</strong></span> <span class='ocrx_word' id='word_1_145' title='bbox 740 1665 1042 1743; x_wconf 80' lang='lat' dir='ltr'>publicam</span> <span class='ocrx_word' id='word_1_146' title='bbox 1073 1662 1331 1738; x_wconf 83' lang='lat' dir='ltr'><strong>meritis,</strong></span> <span class='ocrx_word' id='word_1_147' title='bbox 1367 1680 1526 1724; x_wconf 88' lang='lat' dir='ltr'><strong>nunc</strong></span> <span class='ocrx_word' id='word_1_148' title='bbox 1571 1671 1784 1724; x_wconf 87' lang='lat' dir='ltr'><strong>contra</strong></span> <span class='ocrx_word' id='word_1_149' title='bbox 1822 1661 2273 1726; x_wconf 87' lang='lat' dir='ltr'><strong>atrocissimum</strong></span> <span class='ocrx_word' id='word_1_150' title='bbox 2323 1665 2442 1727; x_wconf 89' lang='lat' dir='ltr'><strong>cri·</strong></span> 
     </span>
     <span class='ocr_line' id='line_1_17' title="bbox 364 1744 2434 1827; baseline -0.001 -13"><span class='ocrx_word' id='word_1_151' title='bbox 364 1769 500 1814; x_wconf 91' lang='lat' dir='ltr'><strong>men</strong></span> <span class='ocrx_word' id='word_1_152' title='bbox 533 1767 725 1827; x_wconf 84' lang='lat' dir='ltr'><strong>cogor</strong></span> <span class='ocrx_word' id='word_1_153' title='bbox 749 1749 1098 1811; x_wconf 77' lang='lat' dir='ltr'><strong>defendere.</strong></span> <span class='ocrx_word' id='word_1_154' title='bbox 1181 1745 1440 1808; x_wconf 83' lang='lat' dir='ltr'><strong>Accedit</strong></span> <span class='ocrx_word' id='word_1_155' title='bbox 1467 1755 1533 1808; x_wconf 92' lang='lat' dir='ltr'><strong>ut</strong></span> <span class='ocrx_word' id='word_1_156' title='bbox 1558 1755 1984 1808; x_wconf 84' lang='lat' dir='ltr'><strong>accusatorum</strong></span> <span class='ocrx_word' id='word_1_157' title='bbox 2013 1744 2263 1809; x_wconf 85' lang='lat' dir='ltr'><strong>alterius</strong></span> <span class='ocrx_word' id='word_1_158' title='bbox 2299 1765 2434 1811; x_wconf 91' lang='lat' dir='ltr'><strong>cru·</strong></span> 
     </span>
     <span class='ocr_line' id='line_1_18' title="bbox 364 1829 2440 1910; baseline -0.001 -15"><span class='ocrx_word' id='word_1_159' title='bbox 364 1834 626 1906; x_wconf 81' lang='lat' dir='ltr'><strong>delitate,</strong></span> <span class='ocrx_word' id='word_1_160' title='bbox 663 1830 913 1894; x_wconf 85' lang='lat' dir='ltr'><strong>alterius</strong></span> <span class='ocrx_word' id='word_1_161' title='bbox 945 1829 1302 1907; x_wconf 83' lang='lat' dir='ltr'><strong>indignitate</strong></span> <span class='ocrx_word' id='word_1_162' title='bbox 1333 1830 1678 1891; x_wconf 86' lang='lat' dir='ltr'><strong>conturber.</strong></span> <span class='ocrx_word' id='word_1_163' title='bbox 1737 1829 2054 1891; x_wconf 87' lang='lat' dir='ltr'><strong>Crudelem</strong></span> <span class='ocrx_word' id='word_1_164' title='bbox 2096 1831 2440 1910; x_wconf 84' lang='lat' dir='ltr'><strong>Castorem,</strong></span> 
     </span>
     <span class='ocr_line' id='line_1_19' title="bbox 364 1911 2434 1993; baseline 0 -14"><span class='ocrx_word' id='word_1_165' title='bbox 364 1933 440 1979; x_wconf 88' lang='lat' dir='ltr'><strong>ne</strong></span> <span class='ocrx_word' id='word_1_166' title='bbox 472 1915 673 1979; x_wconf 88' lang='lat' dir='ltr'><strong>dicam</strong></span> <span class='ocrx_word' id='word_1_167' title='bbox 715 1917 1076 1979; x_wconf 86' lang='lat' dir='ltr'><strong>sceleratum</strong></span> <span class='ocrx_word' id='word_1_168' title='bbox 1106 1924 1164 1977; x_wconf 93' lang='lat' dir='ltr'><strong>et</strong></span> <span class='ocrx_word' id='word_1_169' title='bbox 1192 1911 1475 1990; x_wconf 89' lang='lat' dir='ltr'><strong>impium,</strong></span> <span class='ocrx_word' id='word_1_170' title='bbox 1523 1911 1628 1990; x_wconf 93' lang='lat' dir='ltr'><strong>qui</strong></span> <span class='ocrx_word' id='word_1_171' title='bbox 1677 1929 1872 1990; x_wconf 90' lang='lat' dir='ltr'><strong>nepos</strong></span> <span class='ocrx_word' id='word_1_172' title='bbox 1900 1931 2082 1975; x_wconf 90' lang='lat' dir='ltr'><strong>avum</strong></span> <span class='ocrx_word' id='word_1_173' title='bbox 2117 1912 2177 1975; x_wconf 91' lang='lat' dir='ltr'><strong>in</strong></span> <span class='ocrx_word' id='word_1_174' title='bbox 2206 1916 2434 1993; x_wconf 89' lang='lat' dir='ltr'><strong>capitis</strong></span> 
     </span>
     <span class='ocr_line' id='line_1_20' title="bbox 360 1997 2431 2073; baseline 0.001 -14"><span class='ocrx_word' id='word_1_175' title='bbox 360 1998 689 2060; x_wconf 85' lang='lat' dir='ltr'><strong>discrimen</strong></span> <span class='ocrx_word' id='word_1_176' title='bbox 746 1998 1073 2061; x_wconf 87' lang='lat' dir='ltr'><strong>adduxerit</strong></span> <span class='ocrx_word' id='word_1_177' title='bbox 1142 1997 1721 2073; x_wconf 79' lang='lat' dir='ltr'><strong>adulescentiaeque</strong></span> <span class='ocrx_word' id='word_1_178' title='bbox 1764 2013 1915 2058; x_wconf 90' lang='lat' dir='ltr'><strong>suae</strong></span> <span class='ocrx_word' id='word_1_179' title='bbox 1946 2005 2239 2059; x_wconf 87' lang='lat' dir='ltr'><strong>terrorem</strong></span> <span class='ocrx_word' id='word_1_180' title='bbox 2270 1997 2431 2062; x_wconf 89' lang='lat' dir='ltr'><strong>intu-</strong></span> 
     </span>
     <span class='ocr_line' id='line_1_21' title="bbox 361 2079 2433 2158; baseline 0.001 -16"><span class='ocrx_word' id='word_1_181' title='bbox 361 2082 494 2144; x_wconf 87' lang='lat' dir='ltr'><strong>lerit</strong></span> <span class='ocrx_word' id='word_1_182' title='bbox 514 2085 603 2158; x_wconf 91' lang='lat' dir='ltr'><strong>ei,</strong></span> <span class='ocrx_word' id='word_1_183' title='bbox 642 2082 817 2143; x_wconf 91' lang='lat' dir='ltr'><strong>cuius</strong></span> <span class='ocrx_word' id='word_1_184' title='bbox 861 2090 1235 2144; x_wconf 90' lang='lat' dir='ltr'><strong>senectutem</strong></span> <span class='ocrx_word' id='word_1_185' title='bbox 1281 2079 1435 2143; x_wconf 88' lang='lat' dir='ltr'><strong>tueri</strong></span> <span class='ocrx_word' id='word_1_186' title='bbox 1463 2087 1524 2142; x_wconf 91' lang='lat' dir='ltr'><strong>et</strong></span> <span class='ocrx_word' id='word_1_187' title='bbox 1551 2088 1756 2156; x_wconf 83' lang='lat' dir='ltr'><strong>tegere</strong></span> <span class='ocrx_word' id='word_1_188' title='bbox 1788 2080 2079 2154; x_wconf 88' lang='lat' dir='ltr'><strong>debebat,</strong></span> <span class='ocrx_word' id='word_1_189' title='bbox 2121 2097 2433 2144; x_wconf 88' lang='lat' dir='ltr'><strong>commen·</strong></span> 
     </span>
     <span class='ocr_line' id='line_1_22' title="bbox 360 2163 2432 2243; baseline 0.001 -17"><span class='ocrx_word' id='word_1_190' title='bbox 360 2165 791 2243; x_wconf 81' lang='lat' dir='ltr'><strong>dationemque</strong></span> <span class='ocrx_word' id='word_1_191' title='bbox 833 2163 1095 2227; x_wconf 89' lang='lat' dir='ltr'><strong>ineuntis</strong></span> <span class='ocrx_word' id='word_1_192' title='bbox 1149 2166 1366 2226; x_wconf 88' lang='lat' dir='ltr'><strong>aetatis</strong></span> <span class='ocrx_word' id='word_1_193' title='bbox 1408 2165 1486 2226; x_wconf 89' lang='lat' dir='ltr'><strong>ab</strong></span> <span class='ocrx_word' id='word_1_194' title='bbox 1515 2165 1823 2241; x_wconf 87' lang='lat' dir='ltr'><strong>impietate</strong></span> <span class='ocrx_word' id='word_1_195' title='bbox 1849 2173 1911 2225; x_wconf 93' lang='lat' dir='ltr'><strong>et</strong></span> <span class='ocrx_word' id='word_1_196' title='bbox 1940 2164 2020 2226; x_wconf 89' lang='lat' dir='ltr'><strong>ab</strong></span> <span class='ocrx_word' id='word_1_197' title='bbox 2050 2165 2289 2226; x_wconf 84' lang='lat' dir='ltr'><strong>scelere</strong></span> <span class='ocrx_word' id='word_1_198' title='bbox 2322 2168 2432 2229; x_wconf 90' lang='lat' dir='ltr'><strong>du·</strong></span> 
     </span>
     <span class='ocr_line' id='line_1_23' title="bbox 357 2243 2431 2324; baseline 0 -14"><span class='ocrx_word' id='word_1_199' title='bbox 357 2248 540 2311; x_wconf 81' lang='lat' dir='ltr'><strong>xerit=</strong></span> <span class='ocrx_word' id='word_1_200' title='bbox 588 2247 688 2310; x_wconf 83' lang='lat' dir='ltr'><strong>avi</strong></span> <span class='ocrx_word' id='word_1_201' title='bbox 718 2265 995 2323; x_wconf 81' lang='lat' dir='ltr'><strong>servum,</strong></span> <span class='ocrx_word' id='word_1_202' title='bbox 1042 2257 1394 2324; x_wconf 83' lang='lat' dir='ltr'><strong>corruptum</strong></span> <span class='ocrx_word' id='word_1_203' title='bbox 1427 2243 1732 2323; x_wconf 80' lang='lat' dir='ltr'><strong>praemiiS,</strong></span> <span class='ocrx_word' id='word_1_204' title='bbox 1759 2248 1840 2307; x_wconf 90' lang='lat' dir='ltr'><strong>ad</strong></span> <span class='ocrx_word' id='word_1_205' title='bbox 1868 2249 2284 2309; x_wconf 86' lang='lat' dir='ltr'><strong>accusandum</strong></span> <span class='ocrx_word' id='word_1_206' title='bbox 2324 2252 2431 2311; x_wconf 91' lang='lat' dir='ltr'><strong>do-</strong></span> 
     </span>
     <span class='ocr_line' id='line_1_24' title="bbox 358 2329 2427 2409; baseline 0.001 -17"><span class='ocrx_word' id='word_1_207' title='bbox 358 2332 584 2393; x_wconf 90' lang='lat' dir='ltr'><strong>minum</strong></span> <span class='ocrx_word' id='word_1_208' title='bbox 607 2330 941 2409; x_wconf 87' lang='lat' dir='ltr'><strong>impulerit,</strong></span> <span class='ocrx_word' id='word_1_209' title='bbox 985 2348 1023 2391; x_wconf 97' lang='lat' dir='ltr'><strong>a</strong></span> <span class='ocrx_word' id='word_1_210' title='bbox 1061 2333 1398 2408; x_wconf 81' lang='lat' dir='ltr'><strong>legatorum</strong></span> <span class='ocrx_word' id='word_1_211' title='bbox 1431 2330 1692 2408; x_wconf 87' lang='lat' dir='ltr'><strong>pedibus</strong></span> <span class='ocrx_word' id='word_1_212' title='bbox 1724 2329 2065 2392; x_wconf 86' lang='lat' dir='ltr'><strong>abduxerit.</strong></span> <span class='ocrx_word' id='word_1_213' title='bbox 2151 2330 2212 2392; x_wconf 83' lang='lat'><strong>3.</strong></span> <span class='ocrx_word' id='word_1_214' title='bbox 2248 2331 2427 2409; x_wconf 84' lang='lat' dir='ltr'><strong>Fugi-</strong></span> 
     </span>
     <span class='ocr_line' id='line_1_25' title="bbox 360 2413 2429 2490; baseline 0 -12"><span class='ocrx_word' id='word_1_215' title='bbox 360 2414 463 2478; x_wconf 87' lang='lat' dir='ltr'><strong>tivi</strong></span> <span class='ocrx_word' id='word_1_216' title='bbox 494 2424 696 2478; x_wconf 91' lang='lat' dir='ltr'><strong>autem</strong></span> <span class='ocrx_word' id='word_1_217' title='bbox 728 2413 1036 2476; x_wconf 89' lang='lat' dir='ltr'><strong>dominum</strong></span> <span class='ocrx_word' id='word_1_218' title='bbox 1067 2413 1417 2477; x_wconf 91' lang='lat' dir='ltr'><strong>accusantis</strong></span> <span class='ocrx_word' id='word_1_219' title='bbox 1455 2424 1517 2476; x_wconf 92' lang='lat' dir='ltr'><strong>et</strong></span> <span class='ocrx_word' id='word_1_220' title='bbox 1543 2417 1852 2490; x_wconf 85' lang='lat' dir='ltr'><strong>dominum</strong></span> <span class='ocrx_word' id='word_1_221' title='bbox 1882 2415 2197 2476; x_wconf 88' lang='lat' dir='ltr'><strong>absentem</strong></span> <span class='ocrx_word' id='word_1_222' title='bbox 2227 2422 2288 2475; x_wconf 91' lang='lat' dir='ltr'><strong>et</strong></span> <span class='ocrx_word' id='word_1_223' title='bbox 2322 2418 2429 2478; x_wconf 91' lang='lat' dir='ltr'><strong>do-</strong></span> 
     </span>
     <span class='ocr_line' id='line_1_26' title="bbox 356 2497 2426 2577; baseline 0 -18"><span class='ocrx_word' id='word_1_224' title='bbox 356 2497 581 2561; x_wconf 90' lang='lat' dir='ltr'><strong>minum</strong></span> <span class='ocrx_word' id='word_1_225' title='bbox 605 2497 1041 2561; x_wconf 84' lang='lat' dir='ltr'><strong>amicissimum</strong></span> <span class='ocrx_word' id='word_1_226' title='bbox 1070 2508 1323 2560; x_wconf 91' lang='lat' dir='ltr'><strong>nostrae</strong></span> <span class='ocrx_word' id='word_1_227' title='bbox 1357 2498 1445 2560; x_wconf 89' lang='lat' dir='ltr'><strong>rei</strong></span> <span class='ocrx_word' id='word_1_228' title='bbox 1490 2498 1769 2574; x_wconf 80' lang='lat' dir='ltr'><strong>publicae</strong></span> <span class='ocrx_word' id='word_1_229' title='bbox 1803 2516 1988 2574; x_wconf 88' lang='lat' dir='ltr'><strong>quum</strong></span> <span class='ocrx_word' id='word_1_230' title='bbox 2020 2513 2092 2558; x_wconf 93' lang='lat' dir='ltr'><strong>os</strong></span> <span class='ocrx_word' id='word_1_231' title='bbox 2125 2497 2426 2577; x_wconf 80' lang='lat' dir='ltr'><strong>videbam,</strong></span> 
     </span>
     <span class='ocr_line' id='line_1_27' title="bbox 357 2580 2426 2661; baseline 0.001 -17"><span class='ocrx_word' id='word_1_232' title='bbox 357 2600 544 2658; x_wconf 89' lang='lat' dir='ltr'><strong>quum</strong></span> <span class='ocrx_word' id='word_1_233' title='bbox 580 2582 771 2645; x_wconf 87' lang='lat' dir='ltr'><strong>verba</strong></span> <span class='ocrx_word' id='word_1_234' title='bbox 798 2581 1151 2655; x_wconf 86' lang='lat' dir='ltr'><strong>audiebam,</strong></span> <span class='ocrx_word' id='word_1_235' title='bbox 1194 2598 1316 2643; x_wconf 92' lang='lat' dir='ltr'><strong>non</strong></span> <span class='ocrx_word' id='word_1_236' title='bbox 1361 2591 1481 2644; x_wconf 92' lang='lat' dir='ltr'><strong>tam</strong></span> <span class='ocrx_word' id='word_1_237' title='bbox 1510 2581 1819 2645; x_wconf 84' lang='lat' dir='ltr'><strong>adflictam</strong></span> <span class='ocrx_word' id='word_1_238' title='bbox 1848 2582 2078 2661; x_wconf 82' lang='lat' dir='ltr'><strong>regiam</strong></span> <span class='ocrx_word' id='word_1_239' title='bbox 2111 2580 2426 2646; x_wconf 88' lang='lat' dir='ltr'><strong>condicio·</strong></span> 
     </span>
     <span class='ocr_line' id='line_1_28' title="bbox 354 2665 2425 2744; baseline 0 -16"><span class='ocrx_word' id='word_1_240' title='bbox 354 2684 490 2729; x_wconf 90' lang='lat' dir='ltr'><strong>nem</strong></span> <span class='ocrx_word' id='word_1_241' title='bbox 522 2667 803 2730; x_wconf 87' lang='lat' dir='ltr'><strong>dolebam</strong></span> <span class='ocrx_word' id='word_1_242' title='bbox 832 2683 1015 2744; x_wconf 90' lang='lat' dir='ltr'><strong>quam</strong></span> <span class='ocrx_word' id='word_1_243' title='bbox 1048 2667 1126 2728; x_wconf 90' lang='lat' dir='ltr'><strong>de</strong></span> <span class='ocrx_word' id='word_1_244' title='bbox 1162 2667 1419 2729; x_wconf 87' lang='lat' dir='ltr'><strong>fortunis</strong></span> <span class='ocrx_word' id='word_1_245' title='bbox 1464 2666 1885 2731; x_wconf 91' lang='lat' dir='ltr'><strong>communibus</strong></span> <span class='ocrx_word' id='word_1_246' title='bbox 1932 2665 2425 2729; x_wconf 86' lang='lat' dir='ltr'><strong>extimescebam.</strong></span> 
     </span>
     <span class='ocr_line' id='line_1_29' title="bbox 351 2748 2425 2829; baseline -0.001 -17"><span class='ocrx_word' id='word_1_247' title='bbox 351 2752 498 2812; x_wconf 87' lang='lat' dir='ltr'><strong>Nam</strong></span> <span class='ocrx_word' id='word_1_248' title='bbox 530 2768 717 2829; x_wconf 91' lang='lat' dir='ltr'><strong>quum</strong></span> <span class='ocrx_word' id='word_1_249' title='bbox 746 2767 915 2813; x_wconf 87' lang='lat' dir='ltr'><strong>more</strong></span> <span class='ocrx_word' id='word_1_250' title='bbox 948 2749 1240 2813; x_wconf 88' lang='lat' dir='ltr'><strong>maiorum</strong></span> <span class='ocrx_word' id='word_1_251' title='bbox 1278 2752 1357 2813; x_wconf 91' lang='lat' dir='ltr'><strong>de</strong></span> <span class='ocrx_word' id='word_1_252' title='bbox 1385 2766 1568 2812; x_wconf 81' lang='lat' dir='ltr'><strong>servo</strong></span> <span class='ocrx_word' id='word_1_253' title='bbox 1602 2748 1661 2811; x_wconf 91' lang='lat' dir='ltr'><strong>in</strong></span> <span class='ocrx_word' id='word_1_254' title='bbox 1693 2750 2003 2815; x_wconf 89' lang='lat' dir='ltr'><strong>dominum</strong></span> <span class='ocrx_word' id='word_1_255' title='bbox 2045 2765 2122 2809; x_wconf 92' lang='lat' dir='ltr'><strong>ne</strong></span> <span class='ocrx_word' id='word_1_256' title='bbox 2166 2757 2425 2812; x_wconf 61' lang='lat' dir='ltr'><strong>tormen»</strong></span> 
     </span>
     <span class='ocr_line' id='line_1_30' title="bbox 352 2831 2423 2912; baseline -0.001 -15"><span class='ocrx_word' id='word_1_257' title='bbox 352 2836 427 2897; x_wconf 92' lang='lat' dir='ltr'><strong>tis</strong></span> <span class='ocrx_word' id='word_1_258' title='bbox 463 2836 709 2912; x_wconf 87' lang='lat' dir='ltr'><strong>quidem</strong></span> <span class='ocrx_word' id='word_1_259' title='bbox 746 2833 960 2911; x_wconf 87' lang='lat' dir='ltr'><strong>quacri</strong></span> <span class='ocrx_word' id='word_1_260' title='bbox 989 2832 1196 2910; x_wconf 91' lang='lat' dir='ltr'><strong>liceat,</strong></span> <span class='ocrx_word' id='word_1_261' title='bbox 1231 2835 1292 2894; x_wconf 92' lang='lat' dir='ltr'><strong>in</strong></span> <span class='ocrx_word' id='word_1_262' title='bbox 1330 2852 1452 2911; x_wconf 88' lang='lat' dir='ltr'><strong>qua</strong></span> <span class='ocrx_word' id='word_1_263' title='bbox 1480 2836 1843 2912; x_wconf 85' lang='lat' dir='ltr'><strong>quaestione</strong></span> <span class='ocrx_word' id='word_1_264' title='bbox 1867 2837 2045 2898; x_wconf 91' lang='lat' dir='ltr'><strong>dolor</strong></span> <span class='ocrx_word' id='word_1_265' title='bbox 2070 2831 2295 2894; x_wconf 90' lang='lat' dir='ltr'><strong>elicere</strong></span> <span class='ocrx_word' id='word_1_266' title='bbox 2323 2851 2423 2895; x_wconf 83' lang='lat' dir='ltr'><strong>ve-</strong></span> 
     </span>
     <span class='ocr_line' id='line_1_31' title="bbox 348 2917 2423 2995; baseline 0 -17"><span class='ocrx_word' id='word_1_267' title='bbox 348 2936 478 2979; x_wconf 88' lang='lat' dir='ltr'><strong>ram</strong></span> <span class='ocrx_word' id='word_1_268' title='bbox 521 2936 737 2980; x_wconf 82' lang='lat' dir='ltr'><strong>vocem</strong></span> <span class='ocrx_word' id='word_1_269' title='bbox 786 2917 986 2995; x_wconf 81' lang='lat' dir='ltr'><strong>possit</strong></span> <span class='ocrx_word' id='word_1_270' title='bbox 1025 2917 1205 2979; x_wconf 91' lang='lat' dir='ltr'><strong>etiam</strong></span> <span class='ocrx_word' id='word_1_271' title='bbox 1246 2919 1326 2979; x_wconf 93' lang='lat' dir='ltr'><strong>ab</strong></span> <span class='ocrx_word' id='word_1_272' title='bbox 1368 2918 1592 2995; x_wconf 88' lang='lat' dir='ltr'><strong>invito,</strong></span> <span class='ocrx_word' id='word_1_273' title='bbox 1636 2929 1890 2983; x_wconf 86' lang='lat' dir='ltr'><strong>exortus</strong></span> <span class='ocrx_word' id='word_1_274' title='bbox 1927 2927 2023 2980; x_wconf 91' lang='lat' dir='ltr'><strong>est</strong></span> <span class='ocrx_word' id='word_1_275' title='bbox 2050 2931 2271 2978; x_wconf 86' lang='lat' dir='ltr'><strong>servus</strong></span> <span class='ocrx_word' id='word_1_276' title='bbox 2301 2918 2423 2993; x_wconf 89' lang='lat' dir='ltr'><strong>qui,</strong></span> 
     </span>
     <span class='ocr_line' id='line_1_32' title="bbox 354 3002 2421 3077; baseline 0.001 -14"><span class='ocrx_word' id='word_1_277' title='bbox 354 3017 537 3076; x_wconf 84' lang='lat' dir='ltr'><strong>quem</strong></span> <span class='ocrx_word' id='word_1_278' title='bbox 572 3003 631 3061; x_wconf 89' lang='lat' dir='ltr'><strong>in</strong></span> <span class='ocrx_word' id='word_1_279' title='bbox 667 3004 883 3063; x_wconf 90' lang='lat' dir='ltr'><strong>eculeo</strong></span> <span class='ocrx_word' id='word_1_280' title='bbox 917 3002 1231 3077; x_wconf 87' lang='lat' dir='ltr'><strong>appellare</strong></span> <span class='ocrx_word' id='word_1_281' title='bbox 1260 3019 1382 3062; x_wconf 88' lang='lat' dir='ltr'><strong>non</strong></span> <span class='ocrx_word' id='word_1_282' title='bbox 1416 3012 1661 3077; x_wconf 88' lang='lat' dir='ltr'><strong>posset,</strong></span> <span class='ocrx_word' id='word_1_283' title='bbox 1701 3020 1841 3065; x_wconf 89' lang='lat' dir='ltr'><strong>eum</strong></span> <span class='ocrx_word' id='word_1_284' title='bbox 1883 3011 2136 3063; x_wconf 87' lang='lat' dir='ltr'><strong>accuset</strong></span> <span class='ocrx_word' id='word_1_285' title='bbox 2163 3002 2421 3066; x_wconf 90' lang='lat' dir='ltr'><strong>solutus.</strong></span> 
     </span>
    </p>

    <p class='ocr_par' dir='ltr' id='par_1_5' title="bbox 347 3082 2422 3581">
     <span class='ocr_line' id='line_1_33' title="bbox 471 3082 2421 3160; baseline 0.001 -17"><span class='ocrx_word' id='word_1_286' title='bbox 471 3084 543 3143; x_wconf 89' lang='lat'><strong>11.</strong></span> <span class='ocrx_word' id='word_1_287' title='bbox 573 3082 633 3145; x_wconf 87' lang='lat'><strong>4.</strong></span> <span class='ocrx_word' id='word_1_288' title='bbox 662 3085 980 3145; x_wconf 85' lang='lat' dir='ltr'><strong>Perturbat</strong></span> <span class='ocrx_word' id='word_1_289' title='bbox 1005 3100 1121 3154; x_wconf 89' lang='lat' dir='ltr'><strong>me,</strong></span> <span class='ocrx_word' id='word_1_290' title='bbox 1155 3083 1218 3143; x_wconf 89' lang='lat' dir='ltr'><strong>C.</strong></span> <span class='ocrx_word' id='word_1_291' title='bbox 1252 3084 1495 3159; x_wconf 89' lang='lat' dir='ltr'><strong>Caesar,</strong></span> <span class='ocrx_word' id='word_1_292' title='bbox 1527 3087 1707 3147; x_wconf 83' lang='lat' dir='ltr'><strong>etiam</strong></span> <span class='ocrx_word' id='word_1_293' title='bbox 1734 3087 1877 3148; x_wconf 92' lang='lat' dir='ltr'><strong>illud</strong></span> <span class='ocrx_word' id='word_1_294' title='bbox 1909 3084 2228 3157; x_wconf 86' lang='lat' dir='ltr'><strong>interdum,</strong></span> <span class='ocrx_word' id='word_1_295' title='bbox 2256 3083 2421 3160; x_wconf 91' lang='lat' dir='ltr'><strong>quod</strong></span> 
     </span>
     <span class='ocr_line' id='line_1_34' title="bbox 350 3165 2422 3244; baseline 0 -16"><span class='ocrx_word' id='word_1_296' title='bbox 350 3175 546 3228; x_wconf 89' lang='lat' dir='ltr'><strong>tamen</strong></span> <span class='ocrx_word' id='word_1_297' title='bbox 594 3183 780 3242; x_wconf 89' lang='lat' dir='ltr'><strong>quum</strong></span> <span class='ocrx_word' id='word_1_298' title='bbox 825 3175 882 3228; x_wconf 90' lang='lat' dir='ltr'><strong>te</strong></span> <span class='ocrx_word' id='word_1_299' title='bbox 927 3165 1169 3241; x_wconf 89' lang='lat' dir='ltr'><strong>penitus</strong></span> <span class='ocrx_word' id='word_1_300' title='bbox 1207 3168 1569 3244; x_wconf 82' lang='lat' dir='ltr'><strong>recognovi,</strong></span> <span class='ocrx_word' id='word_1_301' title='bbox 1614 3169 1824 3232; x_wconf 88' lang='lat' dir='ltr'><strong>timere</strong></span> <span class='ocrx_word' id='word_1_302' title='bbox 1864 3166 2114 3231; x_wconf 71' lang='lat' dir='ltr'><strong>desinox</strong></span> <span class='ocrx_word' id='word_1_303' title='bbox 2157 3183 2225 3228; x_wconf 93' lang='lat' dir='ltr'><strong>re</strong></span> <span class='ocrx_word' id='word_1_304' title='bbox 2264 3166 2422 3229; x_wconf 91' lang='lat' dir='ltr'><strong>enim</strong></span> 
     </span>
     <span class='ocr_line' id='line_1_35' title="bbox 349 3248 2421 3330; baseline 0 -20"><span class='ocrx_word' id='word_1_305' title='bbox 349 3248 622 3325; x_wconf 88' lang='lat' dir='ltr'><strong>iniquum</strong></span> <span class='ocrx_word' id='word_1_306' title='bbox 665 3257 789 3323; x_wconf 90' lang='lat' dir='ltr'><strong>est,</strong></span> <span class='ocrx_word' id='word_1_307' title='bbox 830 3250 944 3310; x_wconf 89' lang='lat' dir='ltr'><strong>sed</strong></span> <span class='ocrx_word' id='word_1_308' title='bbox 985 3258 1090 3311; x_wconf 90' lang='lat' dir='ltr'><strong>tua</strong></span> <span class='ocrx_word' id='word_1_309' title='bbox 1132 3249 1436 3326; x_wconf 85' lang='lat' dir='ltr'><strong>sapientia</strong></span> <span class='ocrx_word' id='word_1_310' title='bbox 1481 3253 1549 3315; x_wconf 84' lang='lat' dir='ltr'><strong>fit</strong></span> <span class='ocrx_word' id='word_1_311' title='bbox 1586 3255 2138 3330; x_wconf 80' lang='lat' dir='ltr'><strong>aequissimum—</strong></span> <span class='ocrx_word' id='word_1_312' title='bbox 2165 3266 2303 3312; x_wconf 91' lang='lat' dir='ltr'><strong>nam</strong></span> <span class='ocrx_word' id='word_1_313' title='bbox 2331 3250 2421 3311; x_wconf 84' lang='lat' dir='ltr'><strong>di-</strong></span> 
     </span>
     <span class='ocr_line' id='line_1_36' title="bbox 347 3332 2421 3408; baseline 0.001 -16"><span class='ocrx_word' id='word_1_314' title='bbox 347 3349 488 3393; x_wconf 79' lang='lat' dir='ltr'><strong>cere</strong></span> <span class='ocrx_word' id='word_1_315' title='bbox 518 3332 683 3407; x_wconf 89' lang='lat' dir='ltr'><strong>apud</strong></span> <span class='ocrx_word' id='word_1_316' title='bbox 713 3348 849 3393; x_wconf 92' lang='lat' dir='ltr'><strong>eum</strong></span> <span class='ocrx_word' id='word_1_317' title='bbox 881 3332 960 3393; x_wconf 90' lang='lat' dir='ltr'><strong>de</strong></span> <span class='ocrx_word' id='word_1_318' title='bbox 990 3333 1281 3408; x_wconf 88' lang='lat' dir='ltr'><strong>facinore,</strong></span> <span class='ocrx_word' id='word_1_319' title='bbox 1316 3344 1530 3398; x_wconf 86' lang='lat' dir='ltr'><strong>contra</strong></span> <span class='ocrx_word' id='word_1_320' title='bbox 1565 3336 1741 3400; x_wconf 89' lang='lat' dir='ltr'><strong>cuius</strong></span> <span class='ocrx_word' id='word_1_321' title='bbox 1771 3336 1956 3399; x_wconf 86' lang='lat' dir='ltr'><strong>vitam</strong></span> <span class='ocrx_word' id='word_1_322' title='bbox 1987 3333 2305 3398; x_wconf 90' lang='lat' dir='ltr'><strong>consilium</strong></span> <span class='ocrx_word' id='word_1_323' title='bbox 2334 3334 2421 3394; x_wconf 85' lang='lat' dir='ltr'><strong>fa·</strong></span> 
     </span>
     <span class='ocr_line' id='line_1_37' title="bbox 349 3413 2419 3563; baseline 0.002 -88"><span class='ocrx_word' id='word_1_324' title='bbox 349 3413 574 3475; x_wconf 88' lang='lat' dir='ltr'><strong>cinoris</strong></span> <span class='ocrx_word' id='word_1_325' title='bbox 598 3414 791 3476; x_wconf 90' lang='lat' dir='ltr'><strong>inisse</strong></span> <span class='ocrx_word' id='word_1_326' title='bbox 816 3432 1091 3493; x_wconf 83' lang='lat' dir='ltr'><strong>arguare,</strong></span> <span class='ocrx_word' id='word_1_327' title='bbox 1128 3435 1315 3494; x_wconf 88' lang='lat' dir='ltr'><strong>quum</strong></span> <span class='ocrx_word' id='word_1_328' title='bbox 1344 3436 1457 3495; x_wconf 91' lang='lat' dir='ltr'><strong>per</strong></span> <span class='ocrx_word' id='word_1_329' title='bbox 1488 3436 1559 3482; x_wconf 86' lang='lat' dir='ltr'><strong>se</strong></span> <span class='ocrx_word' id='word_1_330' title='bbox 1586 3420 1790 3496; x_wconf 90' lang='lat' dir='ltr'><strong>ipsum</strong></span> <span class='ocrx_word' id='word_1_331' title='bbox 1824 3419 2202 3492; x_wconf 88' lang='lat' dir='ltr'><strong>consideres,</strong></span> <span class='ocrx_word' id='word_1_332' title='bbox 2234 3433 2419 3563; x_wconf 52' lang='lat' dir='ltr'><strong>frore</strong></span> 
     </span>
     <span class='ocr_line' id='line_1_38' title="bbox 348 3498 2419 3581; baseline 0.003 -23"><span class='ocrx_word' id='word_1_333' title='bbox 348 3504 471 3559; x_wconf 73' lang='lat' dir='ltr'><strong>est2</strong></span> <span class='ocrx_word' id='word_1_334' title='bbox 523 3514 702 3560; x_wconf 90' lang='lat' dir='ltr'><strong>nemo</strong></span> <span class='ocrx_word' id='word_1_335' title='bbox 742 3501 898 3561; x_wconf 86' lang='lat' dir='ltr'><strong>enim</strong></span> <span class='ocrx_word' id='word_1_336' title='bbox 943 3501 1071 3563; x_wconf 87' lang='lat' dir='ltr'><strong>fere</strong></span> <span class='ocrx_word' id='word_1_337' title='bbox 1113 3511 1210 3564; x_wconf 90' lang='lat' dir='ltr'><strong>est</strong></span> <span class='ocrx_word' id='word_1_338' title='bbox 1254 3502 1359 3579; x_wconf 93' lang='lat' dir='ltr'><strong>qui</strong></span> <span class='ocrx_word' id='word_1_339' title='bbox 1400 3502 1498 3565; x_wconf 90' lang='lat' dir='ltr'><strong>sui</strong></span> <span class='ocrx_word' id='word_1_340' title='bbox 1544 3503 1800 3581; x_wconf 87' lang='lat' dir='ltr'><strong>periculi</strong></span> <span class='ocrx_word' id='word_1_341' title='bbox 1838 3504 2022 3567; x_wconf 84' lang='lat' dir='ltr'><strong>iudex</strong></span> <span class='ocrx_word' id='word_1_342' title='bbox 2055 3519 2179 3564; x_wconf 89' lang='lat' dir='ltr'><strong>non</strong></span> <span class='ocrx_word' id='word_1_343' title='bbox 2206 3498 2324 3566; x_wconf 85' lang='lat' dir='ltr'><strong>sbi</strong></span> <span class='ocrx_word' id='word_1_344' title='bbox 2350 3515 2419 3564; x_wconf 85' lang='lat' dir='ltr'><strong>se</strong></span> 
     </span>
    </p>
   </div>
  </div>
 </body>
</html>
