2514 3928
257 285 374 351 174
796 283 946 348 PRO
979 284 1092 346 CN.
1125 283 1450 345 PLANCIO
1482 282 1787 344 ORATIO.
2249 288 2324 348 70

252 447 491 512 tectum,
523 444 953 511 contemptum,
989 436 1349 512 despectum
1394 451 1431 495 a
1486 432 1737 508 ceteris,
1772 450 1807 494 a
1838 441 1894 495 te
1925 434 2063 511 ipso
2094 435 2317 511 despe-

250 530 438 582 ratum
471 530 531 582 et
560 519 862 594 relictum,
893 518 1504 595 circumspectantem
1537 517 1758 592 omnia,
1792 517 2094 594 quidquid
2122 517 2319 579 incre·

250 604 487 681 puisset
527 604 1084 679 pertimescentem,
1131 602 1505 664 diffidentem
1548 599 1667 662 tuis
1714 603 1932 676 rebus,
1978 600 2111 663 sine
2146 618 2301 663 voce

248 688 381 748 sine
408 688 702 761 libertate,
727 685 860 747 sine
880 687 1254 759 auctoritate,
1286 685 1417 746 sine
1438 687 1560 747 ulla
1585 684 1797 761 specie
1826 684 2152 759 consulari,
2178 685 2294 745 hor

246 778 508 843 rentem,
556 779 938 846 trementem,
980 771 1326 830 adulantem
1358 786 1571 830 omnes
1604 769 1812 831 videre
1842 777 1901 830 te
1930 769 2128 831 voluiz
2174 768 2299 829 vidi

247 855 377 930 Qua
404 872 469 916 re
498 855 552 914 si
586 854 691 915 tibi
727 854 998 915 evenerit
1022 854 1185 928 quod
1218 853 1438 915 metuis
1474 865 1551 913 ne
1580 852 1847 927 accidat,
1878 852 2163 928 equidem
2195 868 2316 914 nor=

246 940 501 999 moleste
530 939 748 998 seram:
781 937 873 996 sin
905 936 966 997 id
998 936 1229 997 tardius
1265 938 1418 997 forte
1453 938 1574 1010 fiet,
1609 938 1776 998 fruar
1801 946 1998 998 tamen
2031 945 2134 1009 tua
2164 933 2316 996 indi-

245 1021 501 1098 gnitate,
540 1035 653 1081 nec
699 1020 897 1081 minus
945 1019 1199 1080 libenter
1245 1027 1608 1081 metuentem
1649 1021 1872 1082 videbo
1920 1036 1995 1081 ne
2026 1037 2170 1080 reus
2200 1019 2319 1080 fias

251 1122 430 1180 quarn
462 1120 630 1164 reum
650 1149 665 1177 ,
705 1119 819 1164 nec
848 1103 1049 1164 minus
1080 1103 1379 1176 laetabor,
1433 1121 1616 1178 quum
1646 1113 1705 1166 te
1734 1121 1978 1180 semper
2001 1102 2316 1166 sordidum

247 1187 513 1263 quamsi
546 1187 883 1263 paullisper
908 1186 1285 1248 sordidatum
1323 1182 1601 1249 viderim.

834 1503 920 1584 M.
982 1503 1251 1584 Tuttu
1306 1501 1730 1584 CICERONIS

603 1645 798 1741 PRO
861 1644 1013 1737 CN.
1071 1644 1476 1741 PLANCIO
1539 1645 1928 1740 ORATlO.

505 1948 1053 2012 ARGUMENTUM
1092 1947 1425 2011 VETERIS
1469 1950 2037 2015 ENARRATORIS.

339 2094 424 2146 M.
465 2093 660 2144 Tullius
695 2095 963 2145 orationem
995 2097 1287 2147 luculentam
1329 2095 1394 2147 L.
1431 2096 1643 2144 Domitio
1682 2095 1857 2160 App1‘o
1908 2094 2121 2147 Claudio
2174 2111 2306 2148 coss.

239 2167 307 2232 [a.
348 2178 397 2215 u.
440 2180 486 2217 c.
524 2161 673 2229 700.]
711 2164 868 2213 etiam
903 2178 993 2229 pro
1019 2163 1118 2213 hoe
1149 2163 1237 2215 Cn.
1267 2163 1467 2213 Plancio
1502 2164 1646 2224 dixit,
1680 2166 1765 2227 qui
1799 2179 1914 2213 reus
1951 2164 2014 2213 de
2049 2164 2310 2231 sodaliciis

238 2233 424 2300 petitus
461 2241 539 2281 est
583 2232 696 2297 lege
740 2232 964 2291 Licinia,
1015 2247 1167 2295 quam
1221 2232 1289 2281 M.
1342 2232 1562 2282 Licinius
1611 2231 1821 2281 Crassus
1863 2233 2089 2297 Pompeii
2137 2233 2306 2299 Magni

238 2304 430 2364 collega
478 2301 529 2349 in
575 2300 839 2350 consulatu
884 2316 978 2350 suo
1014 2300 1252 2365 pertulit,
1308 2309 1362 2351 ut
1390 2300 1712 2350 severissime
1760 2308 2083 2364 quaereretur
2132 2303 2192 2351 in·
2220 2318 2309 2352 eos

225 2366 566 2431 'candidatos,
601 2369 689 2431 qui
726 2369 823 2419 sibi
868 2369 1218 2420 conciliassent
1253 2386 1315 2420 ea
1357 2370 1678 2435 potissimum
1726 2369 1789 2419 de
1826 2384 2006 2428 causa,
2042 2377 2221 2436 ut‘per
2251 2372 2307 2420 il-

240 2440 317 2489 los
339 2437 605 2501 pecuniam
635 2438 903 2488 tribulibus
940 2438 1262 2504 dispertirem
1296 2454 1354 2489 ae
1374 2439 1473 2489 sibi
1513 2449 1685 2490 mutuo
1722 2438 1898 2487 eadem
1932 2438 2309 2505 suffragationis

236 2513 433 2574 emptae
472 2507 727 2571 praesidia
760 2507 1200 2561 communicarent.
1273 2508 1401 2559 Huic
1434 2507 1638 2558 factioni
1672 2508 1975 2558 coercendae
2014 2508 2144 2574 legis
2178 2507 2308 2559 lator

145 2573 158 2584 ⁸
236 2576 450 2628 Crassus
500 2576 808 2626 existimavit
847 2575 1000 2626 etiam
1033 2592 1195 2642 genus
1238 2578 1412 2627 iudicii
1450 2576 1605 2626 multo
1639 2575 1979 2642 periculosius
2009 2590 2305 2642 comparan-

234 2647 386 2712 dum,
426 2653 479 2694 ut
510 2646 646 2711 apud
683 2645 876 2695 iudices
908 2644 1139 2697 editicios
1174 2653 1555 2704 accusarentur,
1600 2647 1652 2694 id
1687 2655 1783 2710 est,
1830 2655 1884 2694 ut
1918 2659 2009 2709 pro
2055 2647 2310 2695 voluntate

237 2715 548 2766 accusatoris
586 2715 850 2765 ederentur
883 2715 1074 2774 tribus,
1116 2731 1182 2766 ex
1226 2716 1408 2778 quibus
1460 2730 1609 2764 unam
1663 2720 1856 2764 tantum
1905 2715 2057 2765 modo
2104 2716 2308 2764 reiicere

234 2788 409 2849 posset
444 2798 591 2842 reus,
640 2785 705 2835 de
744 2783 953 2847 reliquis
992 2794 1159 2833 autem
1210 2784 1405 2834 iudices
1436 2783 1736 2834 haberentur
1778 2785 1950 2846 ntique
1992 2782 2307 2833 infestissimi

233 2867 443 2903 causam
487 2853 801 2918 dicentibus,
846 2859 1019 2918 utpote
1055 2867 1181 2916 quos
1212 2858 1472 2900 aecusator
1506 2854 1571 2901 ad
1618 2849 1924 2903 voluntatem
1969 2866 2115 2902 suam
2162 2867 2308 2918 prae-

240 2921 466 2986 legisset,
504 2921 703 2971 edendo
740 2936 826 2971 eas
860 2920 1182 2985 potissimum
1203 2920 1379 2981 tribus,
1404 2935 1533 2983 quas
1554 2935 1640 2971 reo
1669 2921 1838 2970 minus
1872 2935 2062 2984 aequas
2093 2919 2199 2970 fore
2229 2935 2307 2970 ar-

237 2991 518 3039 bitraretur.
594 2988 698 3038 Sed.
755 2989 890 3038 enim
923 2986 1016 3037 Cn.
1055 2988 1257 3038 Plancio
1295 3003 1493 3037 summa
1529 2997 1579 3038 et
1623 2988 1858 3055 religiosa
1886 3004 1999 3039 cum
2046 2988 2113 3040 M.
2141 2988 2304 3039 'Fumo

234 3055 550 3108 {antistat-itas
592 3063 698 3105 erat
750 3055 1009 3106 beneflciis
1052 3070 1152 3106 non
1189 3055 1526 3107 mediocribus
1573 3057 1823 3124 copulata.
1898 3058 2023 3108 Nam
2056 3072 2209 3121 quum
2244 3056 2303 3110 P.

230 3122 391 3174 Clodii
433 3124 621 3173 tribuni
657 3124 791 3189 plebi
830 3123 1019 3173 inimici
1051 3126 1130 3175 sui
1166 3124 1280 3191 lege
1311 3139 1443 3192 aqua
1478 3136 1528 3177 et
1560 3128 1667 3193 igni
1705 3127 1998 3178 interdictus
2035 3128 2157 3177 urbe
2195 3139 2307 3176 cee-

230 3193 382 3242 sisset
418 3201 467 3240 et
501 3193 845 3242 Macedoniam
882 3192 1122 3257 petisset,
1159 3192 1316 3243 nullis
1359 3207 1507 3258 opem
1541 3196 1833 3253 ferentibus,
1875 3195 1967 3259 qni
2014 3194 2306 3245 Clodianam

229 3263 505 3327 potentiam
544 3263 767 3326 graviter
795 3260 1218 3321 extimescebam,
1266 3262 1461 3328 prolixa
1498 3265 1807 3329 benignitate
1850 3273 1901 3313 et
1938 3263 2037 3314 fide
2071 3278 2171 3314 non
2209 3263 2306 3314 mi·

229 3343 349 3379 nore
396 3331 680 3393 quaestoris
725 3328 817 3380 Cn.
858 3328 1049 3380 Plancii
1080 3340 1392 3382 sustentatus
1434 3341 1529 3385 est.
1602 3333 1692 3383 nlo
1717 3334 1909 3399 quippe
1946 3345 2080 3383 anno
2116 3333 2213 3384 snb
2241 3331 2303 3383 L.

233 3396 453 3462 Apuleio
498 3408 729 3463 praetore
789 3406 1055 3462 quaestura
1090 3399 1324 3450 Plancius
1380 3402 1431 3451 in
1474 3402 1764 3452 Macedonia
1812 3400 2137 3468 fungebatur.
2206 3400 2306 3451 Diu

223 3468 378 3530 igitur
413 3464 806 3519 Thessalonicae
837 3466 933 3517 ruit
964 3468 1154 3519 auxilio
1190 3470 1304 3518 eius
1354 3470 1417 3519 ab
1463 3466 1598 3518 omui
1637 3469 1862 3536 periculo
1898 3469 2195 3520 insidiarum
2219 3468 2306 3519 Cl-

214 3549 341 3584 cero
398 3534 639 3584 deren-ns
733 3536 856 3587 Dein
899 3544 1077 3601 postea
1120 3540 1384 3588 restitutus
1426 3539 1555 3586 inter
1629 3546 1827 3589 ceteros
1866 3546 1917 3589 et
1963 3539 2063 3605 ipsi
2106 3539 2302 3605 gratias
