2514 3928
283 235 355 292 73
876 230 1041 297 CAP.
1074 237 1344 293 36——38-
1388 236 1443 296 §-
1472 237 1737 295 88—94.
2238 231 2359 297 171

280 397 428 442 esse
464 389 695 456 captas.
785 378 1018 453 Quibus
1057 387 1260 440 autem
1307 378 1631 441 hostibus?
1668 383 1901 457 Nempe
1961 383 2066 457 iis,
2099 400 2259 458 quos
2300 393 2362 445 tu

279 464 649 527 Ambraciae
679 463 940 537 sedens,
979 462 1172 538 primo
1206 470 1310 523 tuo
1340 464 1607 525 adventu
1635 480 1716 524 ex
1744 466 1994 541 oppidis
2024 466 2363 541 Agrianum

282 547 470 623 atque
503 548 806 621 Dolopum
835 545 1178 622 demigrare
1205 554 1268 606 et
1293 561 1435 606 aras
1471 555 1533 607 et
1566 549 1742 610 focos
1771 549 2122 625 relinquere
2158 552 2365 627 coegi·

285 630 383 691 sti.
470 631 603 691 Hoc
631 637 695 690 tu
727 629 786 690 in
818 628 1017 702 exitu,
1050 630 1369 706 praeclare
1400 629 1748 707 imperator,
1783 649 1968 707 quum
1995 633 2101 694 tibi
2131 635 2212 694 ad
2245 634 2362 710 pri·

288 713 481 774 stinas
528 714 734 775 clades
777 713 1058 775 accessio
1097 713 1318 774 fuisset
1350 714 1632 775 Aetoliae
1671 716 2027 791 repentinus
2067 715 2365 789 interituS,

283 797 616 859 exercitum
648 795 948 872 dimisisti,
979 812 1180 873 neque
1202 797 1387 857 ullam
1422 814 1705 873 poenam,
1737 814 1896 873 quae
1917 807 2083 861 tanto
2110 799 2365 860 facinori

285 881 637 955 deberetur,
687 899 808 942 non
843 880 1105 943 maluisti
1141 880 1350 943 subire
1380 898 1563 958 quam
1595 898 1912 944 numerum
1943 890 2180 944 tuorum
2216 881 2368 942 mili·

285 973 408 1026 tum
444 965 863 1045 reliquiasque
898 981 1298 1040 cognoscere.

405 1049 729 1117 XXXVIII.
770 1049 873 1109 92.
905 1049 1110 1123 Atque
1158 1056 1226 1108 ut
1253 1049 1513 1109 duorum
1548 1047 1993 1126 Epicureorum
2024 1048 2367 1111 similitudi-

284 1149 421 1193 nem
467 1133 525 1191 in
570 1147 640 1192 re
667 1131 907 1193 militari
947 1130 1330 1205 imperioque
1378 1131 1667 1203 νίᾶεειίε,
1703 1133 2023 1217 Albucius,
2068 1151 2255 1208 quum
2300 1133 2362 1193 in

283 1214 571 1276 Sardinia
598 1213 1066 1287 triumphasset,
1096 1213 1331 1271 Romae
1367 1213 1688 1274 damnatus
1722 1223 1837 1276 est.
1922 1218 2038 1276 Hic
2067 1233 2254 1292 quum
2284 1217 2365 1276 si-

286 1297 489 1357 milem
533 1296 762 1355 exitum
811 1299 1232 1367 exspectaret,
1294 1293 1355 1352 in
1396 1293 1760 1355 Macedonia
1813 1305 2071 1373 tropaea
2130 1298 2366 1373 posuit=

286 1395 522 1454 eaque,
568 1393 729 1451 quae
765 1375 1024 1436 bellicae
1054 1375 1253 1436 laudis
1281 1375 1701 1451 victoriaeque
1731 1393 1946 1440 omnes
1975 1390 2187 1453 gentes
2218 1381 2367 1442 insi·

288 1461 434 1536 gnia
463 1467 525 1521 et
551 1467 943 1520 monumenta
973 1473 1114 1519 esse
1145 1458 1498 1535 voluerunt,
1539 1467 1751 1520 noster
1791 1459 1890 1522 hic
1934 1470 2366 1537 praeposterus

288 1545 624 1620 imperator
657 1543 1023 1603 amissorum
1070 1542 1470 1619 oppidorum,
1505 1559 1819 1606 caesarum
1871 1544 2199 1620 legionum,
2231 1563 2369 1620 pro-

289 1627 532 1689 vinciae
573 1624 886 1703 praesidio
921 1633 980 1687 et
1017 1625 1275 1701 reliquis
1305 1625 1592 1688 militibus
1627 1628 1877 1689 orbatae
1928 1629 2008 1688 ad
2052 1630 2371 1704 sempiter—

287 1729 432 1773 num
469 1712 744 1772 dedecus
775 1709 870 1770 sui
900 1708 1144 1785 generis
1174 1717 1234 1771 et
1269 1709 1534 1772 nominis
1591 1712 1834 1773 funesta
1876 1710 2101 1773 indicia
2143 1711 2359 1772 consti·

286 1795 430 1857 tuit=
474 1795 796 1869 idemque,
825 1799 896 1854 ut
942 1801 1112 1855 esset
1152 1794 1321 1869 quod
1364 1793 1426 1854 in
1480 1794 1615 1855 basi
1666 1803 2054 1871 tropaeorum
2115 1793 2370 1855 inscribi

286 1877 599 1954 incidique
633 1885 868 1954 posset,
907 1877 1352 1956 Dyrrhachium
1386 1886 1453 1938 ut
1490 1877 1657 1939 venit
1685 1879 2024 1948 decedens,
2065 1879 2370 1940 obsessus

287 1962 492 2027 estab
522 1962 597 2023 iis
627 1960 783 2038 ipsis
811 1959 1101 2022 militibus
1119 2007 1134 2035 ,
1178 1979 1337 2037 quos
1368 1962 1571 2036 paullo
1602 1973 1743 2023 ante
1770 1963 2077 2039 Torquato
2106 1979 2368 2037 respon·

285 2046 376 2106 dit
397 2045 682 2107 beneficii
714 2061 900 2105 causa
958 2063 995 2108 a
1039 2060 1108 2105 se
1144 2061 1289 2106 esse
1320 2045 1630 2105 dimissos.
1696 2047 1927 2120 Quibus
1975 2064 2158 2122 quum
2205 2047 2364 2105 iura-

288 2144 387 2190 tus
428 2131 817 2201 adfirmasset
854 2142 923 2188 se
967 2144 1125 2202 quae
1169 2128 1540 2190 deberentur
1581 2138 1830 2203 postero
1882 2130 1983 2190 die
2018 2129 2370 2205 persolutu-

287 2229 460 2284 rum,
493 2213 741 2274 domum
781 2228 851 2271 se
880 2210 1142 2272 abdidit.
1185 2210 1330 2272 inde
1355 2218 1538 2272 nocte
1565 2212 1961 2288 intempesta,
1986 2211 2370 2311 crepidatuS,

285 2303 462 2357 veste
491 2295 730 2368 servili,
762 2310 977 2355 navem
1008 2294 1370 2357 conscendit
1375 2295 1913 2372 Brundisiumque
1946 2294 2156 2358 vitavit
2184 2302 2247 2355 et
2273 2295 2368 2355 ul·

286 2379 465 2440 timus
496 2377 787 2439 Hadriani
829 2376 1015 2439 maris
1056 2393 1198 2439 oras
1244 2367 1494 2454 pe'tivitz
1539 2377 1641 2463 93.
1694 2398 1879 2455 quum
1928 2379 2167 2442 interim
2208 2379 2369 2453 Dyr-

285 2461 521 2521 rhachii
554 2462 774 2523 milites
804 2462 1082 2534 domum,
1127 2459 1186 2521 in
1225 2480 1351 2537 qua
1378 2461 1559 2524 istum
1590 2478 1734 2524 εεεε
1760 2464 2224 2530 arbitrabantur,
2259 2460 2367 2526 ob·

285 2543 511 2605 sidere
521 2551 859 2621 coeperunt
897 2552 974 2616 et,
1014 2560 1201 2620 quum
1243 2546 1433 2605 latere
1472 2540 1784 2612 hominem
1822 2553 2130 2621 putarent,
2189 2542 2367 2616 ignes

285 2627 837 2690 circumdederunt.
911 2627 1044 2700 Quo
1075 2633 1240 2687 metu
1268 2627 1555 2687 commoti
1581 2628 1987 2706 Dyrrhachini
2018 2625 2369 2701 profugisse

286 2719 476 2772 noctu
505 2711 879 2787 crepidatum
909 2710 1340 2785 imperatorem
1368 2708 1807 2772 indIcaverunt.
1894 2710 1987 2769 llli
2017 2717 2219 2771 autem
2249 2716 2371 2767 sta-

284 2804 453 2854 tuam
483 2794 659 2856 istius
694 2793 1093 2870 persimilem,
1140 2809 1321 2868 quam
1370 2801 1532 2854 stare
1564 2793 1959 2854 celeberrimo
2001 2793 2058 2853 in
2094 2794 2230 2855 loco
2260 2807 2370 2851 vo·

285 2880 509 2950 luerat,
539 2895 619 2939 ne
647 2876 1293 2939 suavissimi·hominis
1328 2877 1619 2937 memoria
1648 2885 2000 2952 moreretur,
2030 2876 2370 2947 deturbant,

282 2959 604 3043 adfligunt,
637 2960 1070 3033 comminuunt,
1103 2959 1426 3035 dissipant.
1475 2959 1577 3022 Sic
1614 2962 1839 3036 odium,
1876 2962 2041 3038 quod
2071 2960 2133 3021 in
2158 2962 2367 3037 ipsum

285 3046 642 3119 attulerant,
686 3044 747 3104 id
790 3044 849 3104 in
883 3044 1020 3104 eius
1054 3043 1381 3120 imaginem
1412 3060 1486 3104 ac
1517 3044 1905 3109 simulacrum
1942 3046 2367 3121 profuderunt.

281 3123 389 3188 94.
429 3129 596 3202 Quae
630 3145 814 3203 quum
847 3126 930 3187 ita
964 3125 1087 3188 sint
1106 3160 1192 3174 —
1214 3145 1337 3189 non
1372 3126 1531 3189 enim
1562 3130 1773 3191 dubito
1805 3130 1950 3205 quin
1977 3144 2163 3205 quum
2192 3126 2366 3193 haec,

210 3254 218 3260 -
285 3228 450 3287 quae
474 3213 793 3284 excellent,
819 3228 919 3272 me
940 3227 1131 3273 nosse
1152 3210 1384 3283 videas,
1417 3227 1535 3271 non
1569 3212 1883 3275 existimes
1916 3212 2178 3273 mediam
2207 3208 2370 3267 illam

288 3303 523 3369 partem
558 3303 618 3355 et
644 3296 876 3374 turbam
908 3294 1274 3370 flagitiorum
1298 3301 1536 3356 tuorum
1569 3296 1715 3356 mihi
1745 3313 1887 3356 esse
1916 3293 2246 3356 inauditam
2271 3322 2368 3358 -,

286 3376 436 3437 nihil
467 3385 564 3439 εει
595 3382 762 3453 quod
793 3395 890 3439 me
918 3379 1183 3450 hortere,
1212 3377 1359 3437 nihil
1396 3386 1492 3439 est
1501 3381 1689 3454 quod
1722 3379 1961 3439 invites.
2031 3368 2367 3437 Admoneri

289 3475 389 3520 me
419 3463 568 3523 satis
599 3470 712 3524 εει.
797 3461 1169 3523 Admonebit
1200 3469 1402 3522 autem
1429 3477 1607 3523 nemo
1638 3460 1793 3522 alius
1823 3459 1943 3518 nisi
1969 3456 2059 3517 rei
2087 3449 2374 3527 publicae
