2514 3928
37 204 143 260 ιω
216 238 217 241 κ
631 196 794 255 CAP.
829 202 897 257 3⁷
916 227 987 240 -
1005 204 1094 258 40.
1140 202 1191 262 s.
1224 152 1297 258 ao
1318 230 1386 238 —
1409 203 1496 259 96.
1986 196 2118 261 207

37 348 287 421 ducem,
326 346 720 408 defensorem
751 345 964 405 salutis
995 361 1168 406 meae
1195 381 1279 390 —
1324 362 1464 406 narn
1500 346 1653 407 baec
1684 346 1962 422 privatim
1996 349 2120 410 lor-

39 441 206 491 tasse
250 429 594 491 officiorum
620 427 974 489 memoriam
1005 437 1067 488 et
1092 429 1345 503 gratiam
1376 439 1676 505 quaerunt
1707 463 1810 506 —,
1833 434 1946 494 sed
1970 433 2121 494 dico·

39 514 189 582 hoc,
255 514 425 588 quod
462 513 546 589 ad
588 513 845 573 salutem
889 513 978 572 rei
1009 513 1294 588 publicae
1335 513 1620 588 pertinet=
1664 529 1779 590 ego
1817 530 1956 574 eum
1993 532 2120 576 non

41 613 230 670 tuear,
262 612 442 671 quem
466 611 681 656 omnes
710 595 772 656 in
812 611 881 656 re
913 595 1160 671 publica
1191 597 1529 672 principem
1559 612 1702 665 esse
1731 599 2122 658 concedunt?

37 682 171 756 Ego
216 680 274 740 C.
321 680 597 741 Caesaris
638 679 920 741 laudibus
964 679 1189 753 desim,
1243 696 1401 755 quas
1444 681 1703 755 primum
1746 680 1957 755 populi
1996 683 2119 743 Ro-

37 765 217 836 mani,
243 779 404 824 nunc
433 763 612 825 etiam
641 772 909 838 senatuS,
947 765 1054 839 cui¹
1077 780 1174 825 me
1204 778 1452 838 semper
1473 762 1699 837 addixi,
1733 763 2007 839 plurimis
2032 774 2123 827 at-

45 864 168 923 que.
199 847 592 923 amplissimis
623 847 867 909 iudiciis
895 849 1136 911 videam
1167 864 1312 909 esse
1345 847 1732 908 celebratas?
1804 847 1954 907 Tum
1984 847 2125 907 her·

38 932 301 992 cule'me
332 931 629 994 confitear
668 947 792 992 non
819 931 1108 993 iudicium
1151 931 1405 1008 aliquod
1433 929 1729 991 habuisse
1761 931 1838 990 de
1868 930 2125 991 utilitate

37 1015 125 1076 rei
153 1015 452 1090 publicae,
484 1016 597 1075 sed
626 1014 973 1076 hominibus
1002 1015 1262 1076 amicum
1291 1023 1396 1076 aut
1425 1013 1731 1075 inimicum
1759 1013 1972 1075 fuisse.
2015 1013 2123 1075 94.

36 1103 161 1170 An,
209 1116 398 1178 quum
441 1097 683 1160 videam
725 1114 941 1158 navem
976 1099 1267 1160 secundis
1312 1097 1510 1159 ventis
1540 1115 1788 1158 cursum
1816 1105 2124 1160 tenentem

40 1199 251 1256 suum,
294 1182 350 1242 si
390 1197 515 1242 non
544 1197 685 1241 eum
713 1180 881 1257 petat
908 1189 1182 1256 portum,
1229 1197 1412 1256 quem
1453 1196 1570 1255 ego
1614 1180 1947 1256 aliquando
1979 1197 2119 1257 pro·

37 1265 255 1335 barim,
280 1264 395 1323 sed
415 1261 599 1322 aliurn
611 1277 737 1320 non
750 1261 950 1320 minus
961 1267 1157 1319 tutum
1173 1262 1773 1336 atquetranquinum,
1812 1280 1950 1324 cum
1975 1271 2129 1324 tem-

47 1349 288 1417 pestate
317 1355 585 1415 pugnem
615 1339 963 1415 periculose
996 1343 1199 1415 potius
1224 1358 1405 1416 quam
1426 1342 1510 1400 illi
1544 1346 1741 1403 salute
1766 1348 2124 1419 praesertim

42 1423 364 1499 proposita
393 1423 808 1497 obtemperem
832 1430 893 1483 et
917 1431 1207 1498 paream?
1233 1424 1365 1498 Ego
1388 1440 1536 1484 vero
1566 1426 1719 1485 haec
1742 1427 1945 1500 didici,
1970 1427 2127 1488 haec

39 1506 186 1576 vidi,
204 1507 357 1567 haec
375 1505 606 1581 scripta
619 1505 741 1581 legi
755 1529 770 1562 e
782 1505 936 1566 haec
951 1507 1030 1566 de
1044 1504 1515 1582 sapientissimis
1529 1515 1591 1567 et
1605 1507 1961 1570 clarissimis
1975 1509 2126 1570 viris

41 1591 174 1652 etin
193 1590 308 1650 bac
322 1594 389 1649 re
403 1589 653 1666 publica
683 1596 744 1650 et
768 1589 828 1649 in
843 1589 979 1650 aliis
993 1589 1339 1651 civitatibus
1355 1599 1746 1652 monumenta
1775 1592 1955 1652 nobis
1971 1594 2123 1654 litte-

41 1689 147 1733 rae
176 1673 595 1748 prodiderunt,
633 1690 757 1734 non
800 1690 1048 1749 semper
1075 1675 1326 1734 easdem
1369 1674 1705 1735 sententias
1749 1676 1827 1735 ab
1865 1674 2122 1748 eisdem,

42 1759 155 1818 sed
199 1773 624 1833 quascumque
676 1755 768 1818 rei
806 1756 1090 1833 publicae
1131 1764 1358 1829 statuS,
1404 1759 1715 1821 inclinatio
1759 1767 2128 1834 temporum,

40 1839 194 1901 ratio
228 1841 594 1902 concordiae
622 1843 979 1918 postularet,
1011 1857 1154 1902 esse
1190 1842 1500 1903 defensas.
1586 1842 1762 1935 Quql
1792 1859 1908 1919 ego
1945 1852 2005 1904 et
2036 1845 2122 1903 fa-

45 1922 174 1998 ci0,
214 1925 599 1995 Laterensis,
645 1931 705 1984 et
734 1940 980 2000 semper
1009 1924 1255 2000 faciam,
1287 1924 1780 2002 libertatemque,
1830 1944 2013 2002 quam
2057 1934 2122 1987 tu

46 2008 107 2068 in
125 2022 219 2065 me
233 2008 515 2081 requiris,
533 2024 713 2081 quam
727 2023 841 2081 ego
857 2025 1057 2082 neque
1071 2009 1272 2070 dimisi
1286 2027 1572 2086 umquam
1591 2027 1794 2086 neque
1810 2010 2129 2084 dimittam,

47 2107 168 2150 non
191 2088 252 2148 in
278 2088 642 2165 pertinacia,
665 2091 777 2149 sed
802 2089 860 2149 in
887 2093 1146 2165 quadam
1160 2095 1578 2155 moderatione
1594 2096 1855 2170 positam
1874 2094 2120 2168 putabo.

149 2174 270 2232 XL.
297 2168 398 2232 95.
424 2174 597 2233 Nunc
618 2170 799 2234 venio
823 2174 901 2234 ad
930 2175 1078 2235 illud
1109 2184 1465 2251 extremum,
1494 2179 1553 2237 in
1580 2194 1703 2253 quo
1730 2177 1955 2250 dixisti,
1982 2180 2127 2238 dum

44 2258 287 2318 Plancii
324 2260 388 2318 in
435 2274 529 2342 me
557 2258 827 2318 meritum
856 2259 1046 2319 verbis
1069 2264 1413 2322 extollerem
1438 2307 1452 2335 ,
1493 2278 1587 2323 me
1618 2278 1821 2322 arcem
1844 2261 2061 2335 facere
2088 2278 2128 2320 e

44 2345 252 2403 cloaca
288 2342 666 2417 lapidemque
714 2358 750 2401 e
795 2342 1067 2418 sepulcro
1101 2350 1383 2406 venerari
1395 2361 1516 2421 pro
1544 2348 1653 2406 deo
1676 2367 1695 2404 .·
1751 2362 1940 2420 neque
1966 2346 2127 2405 enim

41 2427 190 2485 milti
216 2426 572 2486 insidiarum
588 2428 929 2501 pariendum
962 2430 1148 2488 ullum
1175 2446 1365 2505 neque
1400 2432 1603 2490 mortis
1635 2429 1847 2503 fuisse.
1936 2426 2124 2488 Cuius
2219 2469 2228 2474 -

45 2525 162 2583 ego
193 2510 484 2583 temporis
513 2507 811 2570 rationem
843 2510 1167 2583 explicabo
1196 2511 1368 2570 brevi
1400 2528 1599 2587 neque
1627 2512 1873 2571 invitus.
1962 2510 2122 2569 Nihil

43 2592 202 2653 enim
237 2599 436 2657 estex
467 2592 619 2653 meis
650 2591 1047 2669 temporibuS,
1078 2593 1245 2667 quod
1269 2594 1467 2655 minus
1498 2601 1896 2670 pervagatum
1927 2593 2123 2667 quod-

45 2691 168 2752 que
196 2677 393 2736 minus
428 2682 532 2736 aut
567 2692 704 2737 mea
740 2676 1333 2736 commemoratione·
1356 2678 1724 2738 celebratum
1766 2678 1844 2737 sit
1882 2683 1987 2736 aut
2012 2675 2126 2737 ho·

43 2759 310 2819 minibus
338 2759 606 2820 auditum
641 2768 826 2835 atque
855 2765 1080 2819 notum.
1135 2758 1265 2834 Ego
1297 2758 1475 2832 enim,
1507 2760 1871 2834 LaterensiS,
1900 2776 1982 2820 ex
2018 2757 2127 2820 illo

47 2843 331 2904 incendio
367 2844 600 2919 legum,
647 2843 828 2917 iuris,
872 2850 1155 2917 senatuS,
1210 2844 1513 2904 bonorum
1556 2842 1820 2904 omnium
1870 2843 2124 2919 cedens,

48 2944 241 3002 quum
284 2943 420 2986 mea
462 2928 682 2987 domus
711 2928 934 2988 ardore
963 2944 1077 2988 suo
1109 2925 1610 3003 deflagrationem
1638 2928 1771 2987 urbi
1800 2934 1985 3004 atque
2007 2928 2124 2989 Ita·

46 3009 160 3070 liae
175 3009 282 3072 toti
304 3011 651 3085 minaretur,
667 3010 786 3071 nisi
810 3009 1201 3085 quievissem,
1222 3011 1486 3073 Siciliam
1516 3011 1699 3087 petivi
1715 3010 1935 3085 animo,
1963 3026 2128 3086 quae

47 3102 110 3155 et
136 3095 274 3170 ipsa
302 3102 434 3156 erat
461 3092 606 3153 mihi
636 3092 794 3155 sicut
823 3094 1041 3155 domus
1071 3112 1194 3155 una
1223 3095 1548 3157 coniuncta
1587 3103 1648 3156 et
1677 3096 2059 3156 obtinebatur
2084 3110 2130 3153 a

47 3177 108 3237 C.
131 3177 434 3253 Vergilio,
467 3193 731 3252 quocum
762 3192 859 3236 me
888 3194 1010 3238 uno
1054 3179 1151 3239 vel
1180 3178 1440 3239 maxime
1472 3196 1660 3254 quum
1687 3185 1963 3239 vetustas
1997 3186 2124 3239 tum

46 3259 334 3335 amicitia,
390 3278 577 3335 quum
636 3262 753 3322 mei
796 3262 994 3321 fratris
1027 3262 1285 3337 collegia
1326 3271 1451 3324 tum
1489 3265 1578 3324 rei
1622 3261 1902 3337 publicae
1931 3274 2121 3319 causa

46 3343 331 3405 sociarat.
372 3342 475 3404 96.
504 3345 666 3405 Vide
708 3359 870 3405 nunc
899 3343 1216 3419 caliginem
1243 3352 1586 3422 temporum
1611 3346 1871 3406 illorum.
1926 3340 2119 3414 Quum

45 3428 182 3504 ipsa
210 3443 407 3504 paene
435 3428 632 3490 insula
657 3430 803 3489 mihi
833 3444 977 3489 sese
1006 3428 1250 3490 obviam
1284 3430 1445 3489 ferre
1488 3430 1686 3498 vellet,
1730 3431 1971 3497 praetor
1996 3419 2122 3483 ille,

2388 2744 2472 2910 „nt
2389 2498 2501 2710 Elii*

2392 2211 2514 2504 „aaliz
2396 2047 2492 2141 uz-
2398 1564 2514 1980 mamm
2400 1075 2514 1506 uitiatur

2475 2510 2505 2590 -2

2417 2725 2501 2912 ἕ...
