2514 3928
855 299 1019 370 CAP.
1054 307 1119 360 51
1138 309 1320 362 ——53.
1366 306 1419 368 §-
1456 309 1560 363 109
1577 334 1648 346 --
1670 312 1788 364 114.
2282 299 2361 360 43

295 459 388 510 est
422 459 623 512 actum
643 497 657 525 ,
693 459 873 526 capta
902 450 1053 510 urbe
1084 459 1267 526 atque
1301 468 1639 527 oppressa,
1672 453 1957 525 Gellium,
1988 450 2035 510 F
2037 450 2357 523 irmidium,

291 533 506 594 Titium
525 579 540 606 ,
576 534 849 595 eiusdem
883 533 1048 593 modi
1075 535 1262 594 furias
1277 535 1394 595 illis
1412 534 1846 595 mercennariis
1861 536 2153 610 gregibus
2168 534 2361 596 duces

293 626 355 678 et
381 626 667 678 auctores
703 620 727 675 s
729 617 922 688 uisse,
970 635 1157 691 quum
1198 618 1336 693 ipse
1368 619 1524 679 lator
1562 618 1706 678 nihil
1748 620 1825 678 ab
1862 621 2075 680 horum
2106 617 2358 692 turpitu-

297 700 471 773 dine,
521 700 809 772 audaeia,
852 701 1140 761 sordibus
1176 701 1551 762 abhorreret.
1622 705 1704 762 At
1742 719 1927 778 quum
1959 702 2038 762 de
2068 700 2358 776 dignitate

296 801 433 844 mea
463 783 793 857 serebatur,
839 800 1015 846 nemo
1059 783 1176 846 sibi
1210 800 1326 844 nec
1354 784 1721 848 valetudinis
1755 784 2215 848 excusationem
2246 801 2359 844 nec

295 867 626 929 senectutis
644 869 797 930 satis
813 871 1035 931 iustam
1049 871 1231 928 ullam
1247 870 1516 944 putavit:
1550 887 1581 927 n
1592 884 1726 930 emo
1743 868 1853 931 ruit
1879 868 1982 943 qui
1997 883 2068 928 se
2085 882 2209 927 non
2232 884 2358 927 rem

295 950 598 1026 publicam
629 966 865 1011 mecum
896 951 1072 1011 simul
1102 967 1398 1013 revocare
1433 951 1492 1010 in
1521 967 1670 1011 suas
1703 952 1888 1012 sedes
1922 950 2329 1011 arbitraretur.

460 1033 608 1094 Llll.
655 1032 796 1096 113.
851 1035 1184 1096 Videamus
1212 1052 1375 1097 nunc
1403 1035 1646 1096 comitia
1680 1035 2161 1109 magistratuum.
2225 1032 2360 1094 Fuit

292 1117 619 1193 collegium
650 1134 845 1193 nuper
869 1117 1279 1193 tribunicium,
1308 1119 1368 1179 in
1408 1135 1530 1195 quo
1557 1127 1679 1180 tres
1707 1116 1980 1192 minime,
2033 1117 2357 1178 vehemen-

296 1211 385 1262 ter
408 1203 533 1262 duo
563 1202 896 1276 populares
925 1201 1446 1264 existimabantur.
1487 1203 1583 1262 Ex
1603 1201 1708 1276 iis,
1730 1203 1834 1277 qui
1872 1203 2203 1278 populares
2236 1217 2357 1260 non

294 1284 704 1356 habebantur,
751 1282 972 1358 quibus
1013 1284 1074 1343 in
1112 1285 1212 1344 illo
1256 1301 1485 1359 genere
1527 1287 1962 1347 conductarum
2006 1284 2357 1346 contionum

297 1365 682 1431 consistendi
715 1373 990 1439 potestas
1023 1382 1142 1425 non
1174 1375 1336 1439 erat,
1386 1367 1510 1426 duo
1547 1382 1584 1425 a
1613 1370 1842 1441 populo
1872 1370 2145 1429 Romano
2178 1385 2356 1443 prae·

303 1460 469 1511 tores
510 1446 693 1506 video
736 1463 880 1507 esse
926 1449 1152 1507 factost
1206 1457 1297 1522 et,
1350 1454 1643 1523 quantum
1683 1449 2064 1510 sermonibus
2108 1449 2271 1524 vulgi
2300 1459 2358 1512 et

311 1530 617 1604 suffragiis
649 1529 982 1605 intelligere
1024 1530 1224 1605 potui,
1266 1547 1414 1606 prae
1449 1548 1519 1593 se
1564 1531 1833 1606 populus
1864 1533 2172 1593 Romanus
2204 1533 2357 1592 fere-

305 1617 408 1676 bat
446 1612 565 1674 sibi
606 1612 771 1672 illum
815 1614 873 1674 in
916 1612 1222 1677 tribunatu
1259 1613 1363 1679 Cn.
1392 1613 1634 1677 Domitii
1670 1614 1936 1675 animum
1980 1622 2358 1675 constantem

299 1709 360 1760 et
392 1695 704 1774 egregium
735 1705 796 1758 et
831 1697 897 1772 Q.
927 1698 1216 1759 Ancharii
1261 1699 1444 1769 fidem
1490 1714 1563 1763 ac
1599 1697 2041 1772 fortitudinem,
2083 1697 2264 1758 etiam
2305 1698 2360 1758 si

299 1781 446 1844 nihil
476 1797 662 1856 agere
694 1781 1071 1857 potuissent,
1117 1790 1315 1843 tamen
1348 1783 1660 1845 voluntate
1695 1782 1836 1858 ipsa
1873 1790 2107 1859 gratum
2146 1779 2357 1841 luisse.

295 1868 420 1926 lam
454 1866 533 1926 de
565 1865 626 1926 C.
655 1864 886 1926 Fannio
919 1882 1080 1940 quae
1114 1865 1192 1927 sit
1222 1865 1591 1929 existimatio
1636 1868 1947 1927 videmus=
1995 1866 2163 1942 quod
2203 1863 2357 1926 iudi-

295 1950 457 2012 cium
488 1948 700 2025 populi
741 1949 999 2012 Romani
1046 1949 1103 2009 in
1151 1949 1488 2013 honoribus
1537 1949 1671 2012 eius
1716 1951 1982 2012 futurum
2024 1949 2103 2011 sit
2133 1947 2355 2010 nemini

294 2032 547 2095 dubium
584 2049 727 2094 esse
756 2033 954 2095 debet.
1001 2032 1144 2096 114.
1183 2035 1381 2109 Quid?
1409 2035 1741 2110 populares
1777 2034 1861 2096 illi
1892 2036 2014 2095 duo
2041 2033 2187 2110 quid
2212 2050 2352 2109 ege·

294 2124 476 2180 runt?
529 2118 729 2187 Alter,
766 2116 868 2191 qui
900 2125 1099 2178 tamen
1132 2134 1201 2178 se
1229 2118 1639 2190 continuerat,
1684 2119 1903 2179 tulerat
1931 2117 2108 2191 nihil,
2138 2132 2353 2177 sense·

294 2209 391 2261 rat
421 2208 650 2262 tantum
685 2200 764 2259 de
795 2216 863 2260 re
896 2200 1140 2275 publica
1167 2201 1332 2262 aliud
1361 2210 1547 2277 atque
1577 2201 1857 2263 homines
1889 2200 2353 2277 exspectabant,

294 2286 393 2344 vir
437 2292 498 2344 et
539 2284 739 2343 bonus
781 2292 841 2344 et
881 2283 1177 2346 innocens
1221 2295 1281 2346 et
1337 2284 1517 2346 bonis
1563 2284 1710 2346 viris
1752 2300 1997 2360 semper
2036 2283 2351 2358 probatus,

292 2368 466 2444 quod
517 2383 730 2442 parum
783 2367 1069 2429 videlicet
1109 2367 1404 2430 intellexit
1437 2367 1497 2428 in
1534 2367 1841 2430 tribunatu
1884 2366 2029 2444 quid
2061 2381 2208 2426 vero
2243 2382 2352 2441 po·

286 2453 441 2529 pulo
484 2450 875 2527 probaretur,
939 2460 1000 2514 et
1045 2452 1210 2526 quod
1249 2452 1415 2514 illum
1461 2468 1604 2513 esse
1650 2453 1944 2529 populum
1993 2452 2353 2521 Romanum,

286 2534 399 2612 qui
416 2534 497 2609 jn
529 2533 815 2598 contione
870 2543 1027 2608 erat,
1069 2535 1500 2608 arbitrabatur,
1547 2535 1904 2597 nontenuit
1947 2551 2086 2595 eum
2131 2534 2353 2605 locum,

285 2621 350 2679 in
379 2634 593 2694 quem,
619 2617 740 2677 nisi
770 2616 1088 2693 popularis
1113 2635 1256 2678 esse
1280 2617 1609 2692 voluisset,
1642 2618 1923 2679 facillime
1946 2618 2351 2693 pervenisset.

281 2704 495 2773 Alter,
529 2700 632 2777 qui
661 2702 744 2760 ita
767 2718 838 2761 se
865 2702 926 2760 in
954 2700 1237 2777 populari
1261 2700 1496 2763 ratione
1525 2702 1808 2775 iactarat,
1837 2712 1904 2763 ut
1923 2698 2233 2775 auspicia,
2269 2698 2352 2757 le—

282 2802 431 2863 gem
463 2784 731 2858 Aeliam,
762 2791 1013 2845 senatus
1044 2784 1489 2858 auctoritatem,
1526 2787 1875 2857 consulem,
1912 2785 2214 2857 eollegaS,
2249 2779 2354 2841 bo·

283 2885 511 2931 norum
549 2865 840 2928 iudicium
865 2865 1034 2928 nihili
1054 2876 1318 2942 putaret,
1360 2867 1723 2930 aedilitatem
1766 2867 1980 2944 petivit
2007 2882 2143 2926 curn
2173 2863 2353 2932 bonis

283 2952 445 3014 viris
481 2960 542 3012 et
570 2950 922 3014 hominibus
955 2950 1196 3028 primiS,
1240 2953 1353 3012 sed
1387 2968 1507 3012 non
1547 2948 2090 3033 praestantissimis
2128 2948 2351 3025 opibus

281 3046 348 3100 et
377 3034 611 3111 gratia=
663 3035 878 3095 tribum
925 3052 1099 3096 suam
1145 3052 1266 3102 non
1307 3035 1470 3109 tulit,
1516 3035 1846 3116 Palatinam
1892 3033 2189 3109 denique,
2239 3047 2353 3109 per

282 3136 480 3197 quam
512 3134 727 3179 omnes
776 3117 913 3179 illae
959 3127 1172 3195 pestes
1217 3135 1443 3179 vexare
1485 3135 1611 3182 rem
1641 3117 1946 3195 publicam
1977 3117 2352 3183 dicebantur,

283 3201 591 3282 perdidit:
645 3218 760 3262 nec
803 3199 1136 3281 quidquam
1164 3201 1294 3262 illis'
1317 3200 1577 3268 comitiis
1613 3204 1778 3280 quod
1807 3201 1953 3263 boni
1987 3198 2101 3260 viri
2130 3199 2355 3257 vellent

282 3287 408 3351 nisi
440 3286 754 3361 repulsam
783 3284 933 3347 tulit.
990 3284 1232 3347 Videtis·
1264 3284 1445 3361 igitur
1474 3286 1765 3360 populum
1800 3285 2032 3359 ipsum,
2061 3287 2127 3344 ut
2155 3281 2238 3339 ita
2264 3279 2353 3372 di3

280 3388 459 3442 cam,
492 3368 612 3430 iam
642 3386 764 3430 non
794 3385 936 3430 esse
965 3368 1357 3445 popularem,
1395 3368 1499 3443 qui
1539 3368 1623 3429 ita
1651 3367 2043 3428 vehementer
2076 3377 2216 3433 eos,
2251 3376 2353 3432 qm

277 3454 631 3535 populares
664 3452 994 3525 habentur,
1035 3453 1320 3526 respuat,
1370 3467 1482 3512 eos
1511 3458 1742 3521 autem,
1789 3448 1894 3523 qui
1923 3447 1980 3507 ei
2009 3442 2220 3520 generi
2247 3440 2356 3498 ad-

280 3543 642 3606 versantur,
669 3535 905 3597 honore
935 3533 1330 3611 dignissimos
1362 3532 1605 3593 iudicet.
