<?xml version="1.0" encoding="UTF-8"?>
<!DOCTYPE html PUBLIC "-//W3C//DTD XHTML 1.0 Transitional//EN"
    "http://www.w3.org/TR/xhtml1/DTD/xhtml1-transitional.dtd">
<html xmlns="http://www.w3.org/1999/xhtml" xml:lang="en" lang="en">
 <head>
  <title>
</title>
<meta http-equiv="Content-Type" content="text/html;charset=utf-8" />
  <meta name='ocr-system' content='tesseract 3.04.00' />
  <meta name='ocr-capabilities' content='ocr_page ocr_carea ocr_par ocr_line ocrx_word'/>
</head>
<body>
  <div class='ocr_page' id='page_1' title='image "./scriptaquaemans02cicegoog_0465.png"; bbox 0 0 2514 3928; ppageno 0'>
   <div class='ocr_carea' id='block_1_1' title="bbox 206 260 2300 328">
    <p class='ocr_par' dir='ltr' id='par_1_1' title="bbox 206 260 2300 328">
     <span class='ocr_line' id='line_1_1' title="bbox 206 260 2300 328; baseline 0.001 -6"><span class='ocrx_word' id='word_1_1' title='bbox 206 268 315 324; x_wconf 77' lang='lat'><strong>107</strong></span> <span class='ocrx_word' id='word_1_2' title='bbox 864 260 1027 320; x_wconf 86' lang='lat' dir='ltr'><strong>CAP.</strong></span> <span class='ocrx_word' id='word_1_3' title='bbox 1063 269 1257 322; x_wconf 79' lang='lat'><strong>6—9.</strong></span> <span class='ocrx_word' id='word_1_4' title='bbox 1304 268 1356 328; x_wconf 78' lang='lat' dir='ltr'><strong>s.</strong></span> <span class='ocrx_word' id='word_1_5' title='bbox 1387 269 1652 324; x_wconf 77' lang='lat'><strong>19—27.</strong></span> <span class='ocrx_word' id='word_1_6' title='bbox 2175 261 2300 324; x_wconf 76' lang='lat'><strong>405</strong></span> 
     </span>
    </p>
   </div>
   <div class='ocr_carea' id='block_1_2' title="bbox 205 410 2301 1819">
    <p class='ocr_par' dir='ltr' id='par_1_2' title="bbox 205 410 2301 1819">
     <span class='ocr_line' id='line_1_2' title="bbox 206 410 2299 488; baseline 0.001 -16"><span class='ocrx_word' id='word_1_7' title='bbox 206 427 406 488; x_wconf 89' lang='lat' dir='ltr'><strong>quam</strong></span> <span class='ocrx_word' id='word_1_8' title='bbox 461 426 540 470; x_wconf 91' lang='lat' dir='ltr'><strong>ex</strong></span> <span class='ocrx_word' id='word_1_9' title='bbox 590 412 690 471; x_wconf 88' lang='lat' dir='ltr'><strong>illa</strong></span> <span class='ocrx_word' id='word_1_10' title='bbox 740 410 1303 487; x_wconf 80' lang='lat' dir='ltr'><strong>circumscriptione</strong></span> <span class='ocrx_word' id='word_1_11' title='bbox 1327 411 1582 474; x_wconf 77' lang='lat' dir='ltr'><strong>exisset.</strong></span> <span class='ocrx_word' id='word_1_12' title='bbox 1638 410 1988 472; x_wconf 81' lang='lat' dir='ltr'><strong>Praeclare=</strong></span> <span class='ocrx_word' id='word_1_13' title='bbox 2047 421 2299 475; x_wconf 87' lang='lat' dir='ltr'><strong>senatus</strong></span> 
     </span>
     <span class='ocr_line' id='line_1_3' title="bbox 205 493 2298 570; baseline -0.001 -15"><span class='ocrx_word' id='word_1_14' title='bbox 205 493 383 555; x_wconf 83' lang='lat' dir='ltr'><strong>enim</strong></span> <span class='ocrx_word' id='word_1_15' title='bbox 413 494 630 553; x_wconf 83' lang='lat' dir='ltr'><strong>faciem</strong></span> <span class='ocrx_word' id='word_1_16' title='bbox 661 510 871 556; x_wconf 89' lang='lat' dir='ltr'><strong>secum</strong></span> <span class='ocrx_word' id='word_1_17' title='bbox 902 495 1183 555; x_wconf 85' lang='lat' dir='ltr'><strong>attulerat</strong></span> <span class='ocrx_word' id='word_1_18' title='bbox 1206 497 1749 569; x_wconf 75' lang='lat' dir='ltr'><strong>auctoritatemque</strong></span> <span class='ocrx_word' id='word_1_19' title='bbox 1772 495 1987 570; x_wconf 89' lang='lat' dir='ltr'><strong>populi</strong></span> <span class='ocrx_word' id='word_1_20' title='bbox 2008 496 2298 558; x_wconf 84' lang='lat' dir='ltr'><strong>Romani=</strong></span> 
     </span>
     <span class='ocr_line' id='line_1_4' title="bbox 209 575 2298 654; baseline 0.002 -16"><span class='ocrx_word' id='word_1_21' title='bbox 209 576 320 638; x_wconf 89' lang='lat' dir='ltr'><strong>cui</strong></span> <span class='ocrx_word' id='word_1_22' title='bbox 352 575 459 653; x_wconf 88' lang='lat' dir='ltr'><strong>qui</strong></span> <span class='ocrx_word' id='word_1_23' title='bbox 488 593 610 638; x_wconf 89' lang='lat' dir='ltr'><strong>non</strong></span> <span class='ocrx_word' id='word_1_24' title='bbox 649 586 848 652; x_wconf 89' lang='lat' dir='ltr'><strong>paret,</strong></span> <span class='ocrx_word' id='word_1_25' title='bbox 890 594 1012 638; x_wconf 89' lang='lat' dir='ltr'><strong>non</strong></span> <span class='ocrx_word' id='word_1_26' title='bbox 1048 577 1125 637; x_wconf 91' lang='lat' dir='ltr'><strong>ab</strong></span> <span class='ocrx_word' id='word_1_27' title='bbox 1155 594 1230 638; x_wconf 92' lang='lat' dir='ltr'><strong>eo</strong></span> <span class='ocrx_word' id='word_1_28' title='bbox 1260 579 1544 639; x_wconf 83' lang='lat' dir='ltr'><strong>mandata</strong></span> <span class='ocrx_word' id='word_1_29' title='bbox 1573 576 1936 652; x_wconf 89' lang='lat' dir='ltr'><strong>accipienda</strong></span> <span class='ocrx_word' id='word_1_30' title='bbox 1965 588 2137 654; x_wconf 91' lang='lat' dir='ltr'><strong>sunt,</strong></span> <span class='ocrx_word' id='word_1_31' title='bbox 2185 581 2298 641; x_wconf 89' lang='lat' dir='ltr'><strong>sed</strong></span> 
     </span>
     <span class='ocr_line' id='line_1_5' title="bbox 208 657 2298 737; baseline 0.002 -17"><span class='ocrx_word' id='word_1_32' title='bbox 208 661 359 735; x_wconf 89' lang='lat' dir='ltr'><strong>ipse</strong></span> <span class='ocrx_word' id='word_1_33' title='bbox 389 668 485 720; x_wconf 88' lang='lat' dir='ltr'><strong>est</strong></span> <span class='ocrx_word' id='word_1_34' title='bbox 512 657 718 735; x_wconf 89' lang='lat' dir='ltr'><strong>potius</strong></span> <span class='ocrx_word' id='word_1_35' title='bbox 749 659 1187 737; x_wconf 89' lang='lat' dir='ltr'><strong>repudiandus.</strong></span> <span class='ocrx_word' id='word_1_36' title='bbox 1251 660 1354 722; x_wconf 81' lang='grc'><strong>24.</strong></span> <span class='ocrx_word' id='word_1_37' title='bbox 1397 663 1494 720; x_wconf 87' lang='lat' dir='ltr'><strong>An</strong></span> <span class='ocrx_word' id='word_1_38' title='bbox 1530 676 1645 735; x_wconf 86' lang='lat' dir='ltr'><strong>ego</strong></span> <span class='ocrx_word' id='word_1_39' title='bbox 1677 661 1754 720; x_wconf 87' lang='lat' dir='ltr'><strong>ab</strong></span> <span class='ocrx_word' id='word_1_40' title='bbox 1783 677 1858 721; x_wconf 92' lang='lat' dir='ltr'><strong>eo</strong></span> <span class='ocrx_word' id='word_1_41' title='bbox 1887 664 2171 725; x_wconf 87' lang='lat' dir='ltr'><strong>mandata</strong></span> <span class='ocrx_word' id='word_1_42' title='bbox 2197 680 2298 724; x_wconf 87' lang='lat' dir='ltr'><strong>ac·</strong></span> 
     </span>
     <span class='ocr_line' id='line_1_6' title="bbox 209 743 2298 819; baseline 0.002 -16"><span class='ocrx_word' id='word_1_43' title='bbox 209 743 519 819; x_wconf 85' lang='lat' dir='ltr'><strong>ciperem,</strong></span> <span class='ocrx_word' id='word_1_44' title='bbox 567 743 672 819; x_wconf 90' lang='lat' dir='ltr'><strong>qui</strong></span> <span class='ocrx_word' id='word_1_45' title='bbox 709 753 960 805; x_wconf 89' lang='lat' dir='ltr'><strong>senatus</strong></span> <span class='ocrx_word' id='word_1_46' title='bbox 1000 745 1283 805; x_wconf 89' lang='lat' dir='ltr'><strong>mandata</strong></span> <span class='ocrx_word' id='word_1_47' title='bbox 1311 750 1769 804; x_wconf 70' lang='lat' dir='ltr'><strong>contemneret?</strong></span> <span class='ocrx_word' id='word_1_48' title='bbox 1808 752 1915 805; x_wconf 90' lang='lat' dir='ltr'><strong>aut</strong></span> <span class='ocrx_word' id='word_1_49' title='bbox 1942 745 1998 805; x_wconf 90' lang='lat' dir='ltr'><strong>ei</strong></span> <span class='ocrx_word' id='word_1_50' title='bbox 2034 762 2172 807; x_wconf 91' lang='lat' dir='ltr'><strong>cum</strong></span> <span class='ocrx_word' id='word_1_51' title='bbox 2202 762 2298 807; x_wconf 90' lang='lat' dir='ltr'><strong>se-</strong></span> 
     </span>
     <span class='ocr_line' id='line_1_7' title="bbox 211 825 2298 905; baseline 0.001 -18"><span class='ocrx_word' id='word_1_52' title='bbox 211 834 367 887; x_wconf 89' lang='lat' dir='ltr'><strong>natu</strong></span> <span class='ocrx_word' id='word_1_53' title='bbox 397 827 731 902; x_wconf 82' lang='lat' dir='ltr'><strong>quidquam</strong></span> <span class='ocrx_word' id='word_1_54' title='bbox 757 843 1078 889; x_wconf 90' lang='lat' dir='ltr'><strong>commune</strong></span> <span class='ocrx_word' id='word_1_55' title='bbox 1107 825 1459 901; x_wconf 88' lang='lat' dir='ltr'><strong>iudicarem,</strong></span> <span class='ocrx_word' id='word_1_56' title='bbox 1491 826 1595 902; x_wconf 86' lang='lat' dir='ltr'><strong>qui</strong></span> <span class='ocrx_word' id='word_1_57' title='bbox 1630 825 2057 901; x_wconf 80' lang='lat' dir='ltr'><strong>imperatorem</strong></span> <span class='ocrx_word' id='word_1_58' title='bbox 2088 830 2298 905; x_wconf 90' lang='lat' dir='ltr'><strong>populi</strong></span> 
     </span>
     <span class='ocr_line' id='line_1_8' title="bbox 207 908 2295 987; baseline 0 -15"><span class='ocrx_word' id='word_1_59' title='bbox 207 908 480 972; x_wconf 86' lang='lat' dir='ltr'><strong>Romani</strong></span> <span class='ocrx_word' id='word_1_60' title='bbox 531 917 750 972; x_wconf 90' lang='lat' dir='ltr'><strong>senatu</strong></span> <span class='ocrx_word' id='word_1_61' title='bbox 800 910 1163 987; x_wconf 87' lang='lat' dir='ltr'><strong>prohibente</strong></span> <span class='ocrx_word' id='word_1_62' title='bbox 1213 910 1569 971; x_wconf 65' lang='lat' dir='ltr'><strong>obsideret?</strong></span> <span class='ocrx_word' id='word_1_63' title='bbox 1650 912 1733 970; x_wconf 86' lang='lat' dir='ltr'><strong>At</strong></span> <span class='ocrx_word' id='word_1_64' title='bbox 1775 927 1935 986; x_wconf 89' lang='lat' dir='ltr'><strong>quae</strong></span> <span class='ocrx_word' id='word_1_65' title='bbox 1981 913 2295 973; x_wconf 66' lang='lat' dir='ltr'><strong>mandatw.</strong></span> 
     </span>
     <span class='ocr_line' id='line_1_9' title="bbox 213 992 2301 1071; baseline 0.001 -16"><span class='ocrx_word' id='word_1_66' title='bbox 213 1010 344 1071; x_wconf 85' lang='lat' dir='ltr'><strong>qua</strong></span> <span class='ocrx_word' id='word_1_67' title='bbox 372 994 762 1069; x_wconf 80' lang='lat' dir='ltr'><strong>adrogantia!</strong></span> <span class='ocrx_word' id='word_1_68' title='bbox 809 1010 934 1070; x_wconf 89' lang='lat' dir='ltr'><strong>quo</strong></span> <span class='ocrx_word' id='word_1_69' title='bbox 980 1003 1266 1071; x_wconf 83' lang='lat' dir='ltr'><strong>stupore!</strong></span> <span class='ocrx_word' id='word_1_70' title='bbox 1316 1011 1440 1071; x_wconf 91' lang='lat' dir='ltr'><strong>quo</strong></span> <span class='ocrx_word' id='word_1_71' title='bbox 1487 992 1734 1070; x_wconf 80' lang='lat' dir='ltr'><strong>spiritu!</strong></span> <span class='ocrx_word' id='word_1_72' title='bbox 1826 994 1945 1054; x_wconf 89' lang='lat' dir='ltr'><strong>Cur</strong></span> <span class='ocrx_word' id='word_1_73' title='bbox 1986 1002 2186 1055; x_wconf 89' lang='lat' dir='ltr'><strong>autem</strong></span> <span class='ocrx_word' id='word_1_74' title='bbox 2226 1012 2301 1057; x_wconf 88' lang='lat' dir='ltr'><strong>ea</strong></span> 
     </span>
     <span class='ocr_line' id='line_1_10' title="bbox 208 1076 2297 1154; baseline 0 -16"><span class='ocrx_word' id='word_1_75' title='bbox 208 1076 433 1153; x_wconf 76' lang='lat' dir='ltr'><strong>legatis</strong></span> <span class='ocrx_word' id='word_1_76' title='bbox 469 1077 699 1138; x_wconf 85' lang='lat' dir='ltr'><strong>nostris</strong></span> <span class='ocrx_word' id='word_1_77' title='bbox 731 1078 941 1153; x_wconf 88' lang='lat' dir='ltr'><strong>dabat,</strong></span> <span class='ocrx_word' id='word_1_78' title='bbox 985 1092 1171 1153; x_wconf 88' lang='lat' dir='ltr'><strong>quum</strong></span> <span class='ocrx_word' id='word_1_79' title='bbox 1201 1078 1282 1138; x_wconf 89' lang='lat' dir='ltr'><strong>ad</strong></span> <span class='ocrx_word' id='word_1_80' title='bbox 1318 1095 1432 1139; x_wconf 92' lang='lat' dir='ltr'><strong>nos</strong></span> <span class='ocrx_word' id='word_1_81' title='bbox 1462 1078 1738 1154; x_wconf 74' lang='lat' dir='ltr'><strong>Cotylam</strong></span> <span class='ocrx_word' id='word_1_82' title='bbox 1781 1078 2068 1149; x_wconf 87' lang='lat' dir='ltr'><strong>mitteret,</strong></span> <span class='ocrx_word' id='word_1_83' title='bbox 2120 1095 2297 1139; x_wconf 85' lang='lat' dir='ltr'><strong>orna-</strong></span> 
     </span>
     <span class='ocr_line' id='line_1_11' title="bbox 208 1160 2300 1235; baseline 0 -15"><span class='ocrx_word' id='word_1_84' title='bbox 208 1170 484 1222; x_wconf 87' lang='lat' dir='ltr'><strong>mentum</strong></span> <span class='ocrx_word' id='word_1_85' title='bbox 503 1168 687 1235; x_wconf 89' lang='lat' dir='ltr'><strong>atque</strong></span> <span class='ocrx_word' id='word_1_86' title='bbox 710 1176 912 1221; x_wconf 85' lang='lat' dir='ltr'><strong>arcem</strong></span> <span class='ocrx_word' id='word_1_87' title='bbox 936 1160 1268 1222; x_wconf 88' lang='lat' dir='ltr'><strong>amicorum</strong></span> <span class='ocrx_word' id='word_1_88' title='bbox 1291 1177 1557 1231; x_wconf 83' lang='lat' dir='ltr'><strong>suorum,</strong></span> <span class='ocrx_word' id='word_1_89' title='bbox 1582 1160 1890 1222; x_wconf 90' lang='lat' dir='ltr'><strong>hominem</strong></span> <span class='ocrx_word' id='word_1_90' title='bbox 1911 1161 2255 1223; x_wconf 90' lang='lat' dir='ltr'><strong>aedilicium</strong></span> <span class='ocrx_word' id='word_1_91' title='bbox 2270 1171 2300 1221; x_wconf 70' lang='lat' dir='ltr'><strong>‘e</strong></span> 
     </span>
     <span class='ocr_line' id='line_1_12' title="bbox 208 1243 2296 1320; baseline 0.002 -18"><span class='ocrx_word' id='word_1_92' title='bbox 208 1243 267 1303; x_wconf 85' lang='lat' dir='ltr'><strong>si</strong></span> <span class='ocrx_word' id='word_1_93' title='bbox 302 1260 451 1304; x_wconf 87' lang='lat' dir='ltr'><strong>vero</strong></span> <span class='ocrx_word' id='word_1_94' title='bbox 480 1253 606 1305; x_wconf 89' lang='lat' dir='ltr'><strong>tum</strong></span> <span class='ocrx_word' id='word_1_95' title='bbox 639 1243 750 1305; x_wconf 83' lang='lat' dir='ltr'><strong>fuit</strong></span> <span class='ocrx_word' id='word_1_96' title='bbox 782 1244 1017 1317; x_wconf 80' lang='lat' dir='ltr'><strong>aediliS,</strong></span> <span class='ocrx_word' id='word_1_97' title='bbox 1051 1261 1237 1320; x_wconf 92' lang='lat' dir='ltr'><strong>quum</strong></span> <span class='ocrx_word' id='word_1_98' title='bbox 1268 1260 1406 1305; x_wconf 88' lang='lat' dir='ltr'><strong>eum</strong></span> <span class='ocrx_word' id='word_1_99' title='bbox 1435 1246 1608 1306; x_wconf 88' lang='lat' dir='ltr'><strong>iussu</strong></span> <span class='ocrx_word' id='word_1_100' title='bbox 1640 1245 1907 1307; x_wconf 86' lang='lat' dir='ltr'><strong>Antonii.</strong></span> <span class='ocrx_word' id='word_1_101' title='bbox 1922 1246 1980 1305; x_wconf 88' lang='lat' dir='ltr'><strong>in</strong></span> <span class='ocrx_word' id='word_1_102' title='bbox 2013 1245 2296 1307; x_wconf 85' lang='lat' dir='ltr'><strong>convivio</strong></span> 
     </span>
     <span class='ocr_line' id='line_1_13' title="bbox 210 1325 2293 1403; baseline 0.001 -16"><span class='ocrx_word' id='word_1_103' title='bbox 210 1326 384 1387; x_wconf 89' lang='lat' dir='ltr'><strong>servi</strong></span> <span class='ocrx_word' id='word_1_104' title='bbox 408 1327 635 1402; x_wconf 86' lang='lat' dir='ltr'><strong>publici</strong></span> <span class='ocrx_word' id='word_1_105' title='bbox 660 1325 808 1388; x_wconf 91' lang='lat' dir='ltr'><strong>loris</strong></span> <span class='ocrx_word' id='word_1_106' title='bbox 832 1328 1202 1389; x_wconf 90' lang='lat' dir='ltr'><strong>ceciderunt.</strong></span> <span class='ocrx_word' id='word_1_107' title='bbox 1243 1326 1347 1389; x_wconf 84' lang='grc'><strong>25.</strong></span> <span class='ocrx_word' id='word_1_108' title='bbox 1371 1330 1454 1390; x_wconf 89' lang='lat' dir='ltr'><strong>At</strong></span> <span class='ocrx_word' id='word_1_109' title='bbox 1474 1344 1655 1403; x_wconf 88' lang='lat' dir='ltr'><strong>quam</strong></span> <span class='ocrx_word' id='word_1_110' title='bbox 1678 1330 1960 1389; x_wconf 85' lang='lat' dir='ltr'><strong>modesta</strong></span> <span class='ocrx_word' id='word_1_111' title='bbox 1981 1331 2293 1392; x_wconf 84' lang='lat' dir='ltr'><strong>mandata!</strong></span> 
     </span>
     <span class='ocr_line' id='line_1_14' title="bbox 210 1409 2294 1488; baseline 0.001 -19"><span class='ocrx_word' id='word_1_112' title='bbox 210 1409 422 1470; x_wconf 85' lang='lat' dir='ltr'><strong>Ferrei</strong></span> <span class='ocrx_word' id='word_1_113' title='bbox 452 1427 683 1483; x_wconf 78' lang='lat' dir='ltr'><strong>sumuS,</strong></span> <span class='ocrx_word' id='word_1_114' title='bbox 718 1419 921 1485; x_wconf 87' lang='lat' dir='ltr'><strong>patres</strong></span> <span class='ocrx_word' id='word_1_115' title='bbox 945 1411 1295 1486; x_wconf 88' lang='lat' dir='ltr'><strong>conscripti,</strong></span> <span class='ocrx_word' id='word_1_116' title='bbox 1330 1411 1434 1488; x_wconf 92' lang='lat' dir='ltr'><strong>qui</strong></span> <span class='ocrx_word' id='word_1_117' title='bbox 1460 1411 1791 1486; x_wconf 89' lang='lat' dir='ltr'><strong>quidquam</strong></span> <span class='ocrx_word' id='word_1_118' title='bbox 1816 1411 1958 1472; x_wconf 90' lang='lat' dir='ltr'><strong>huic</strong></span> <span class='ocrx_word' id='word_1_119' title='bbox 1982 1429 2294 1488; x_wconf 67' lang='lat' dir='ltr'><strong>negemus».</strong></span> 
     </span>
     <span class='ocr_line' id='line_1_15' title="bbox 210 1493 2295 1572; baseline 0 -20"><span class='ocrx_word' id='word_1_120' title='bbox 210 1493 555 1563; x_wconf 60' lang='lat' dir='ltr'><strong>Urnaque</strong></span> <span class='ocrx_word' id='word_1_121' title='bbox 595 1509 1002 1572; x_wconf 64' lang='lat' dir='ltr'><strong>paovmcun,</strong></span> <span class='ocrx_word' id='word_1_122' title='bbox 1047 1495 1272 1570; x_wconf 89' lang='lat' dir='ltr'><strong>inquit,</strong></span> <span class='ocrx_word' id='word_1_123' title='bbox 1322 1510 1610 1555; x_wconf 69' lang='lat' dir='ltr'><strong>anun-ro:</strong></span> <span class='ocrx_word' id='word_1_124' title='bbox 1651 1511 1989 1554; x_wconf 72' lang='lat' dir='ltr'><strong>zxnacrruu</strong></span> <span class='ocrx_word' id='word_1_125' title='bbox 2031 1511 2295 1556; x_wconf 65' lang='lat' dir='ltr'><strong>neroum</strong></span> 
     </span>
     <span class='ocr_line' id='line_1_16' title="bbox 214 1577 2296 1640; baseline 0.002 -5"><span class='ocrx_word' id='word_1_126' title='bbox 214 1594 514 1637; x_wconf 45' lang='lat' dir='ltr'><strong>parvinus</strong></span> <span class='ocrx_word' id='word_1_127' title='bbox 556 1594 701 1639; x_wconf 69' lang='lat' dir='ltr'><strong>Esse</strong></span> <span class='ocrx_word' id='word_1_128' title='bbox 730 1593 850 1637; x_wconf 72' lang='lat' dir='ltr'><strong>nou</strong></span> <span class='ocrx_word' id='word_1_129' title='bbox 884 1594 1128 1639; x_wconf 64' lang='lat' dir='ltr'><strong>accuso.</strong></span> <span class='ocrx_word' id='word_1_130' title='bbox 1213 1579 1383 1638; x_wconf 88' lang='lat' dir='ltr'><strong>Haec</strong></span> <span class='ocrx_word' id='word_1_131' title='bbox 1416 1586 1559 1639; x_wconf 88' lang='lat' dir='ltr'><strong>sunt</strong></span> <span class='ocrx_word' id='word_1_132' title='bbox 1588 1577 1746 1638; x_wconf 87' lang='lat' dir='ltr'><strong>enim</strong></span> <span class='ocrx_word' id='word_1_133' title='bbox 1781 1579 1985 1638; x_wconf 86' lang='lat' dir='ltr'><strong>verba.</strong></span> <span class='ocrx_word' id='word_1_134' title='bbox 2071 1579 2296 1640; x_wconf 89' lang='lat' dir='ltr'><strong>Redire</strong></span> 
     </span>
     <span class='ocr_line' id='line_1_17' title="bbox 214 1660 2293 1735; baseline 0.001 -16"><span class='ocrx_word' id='word_1_135' title='bbox 214 1661 299 1720; x_wconf 89' lang='lat' dir='ltr'><strong>ad</strong></span> <span class='ocrx_word' id='word_1_136' title='bbox 343 1677 413 1720; x_wconf 92' lang='lat' dir='ltr'><strong>se</strong></span> <span class='ocrx_word' id='word_1_137' title='bbox 455 1660 713 1722; x_wconf 87' lang='lat' dir='ltr'><strong>videtur.</strong></span> <span class='ocrx_word' id='word_1_138' title='bbox 804 1662 1008 1721; x_wconf 61' lang='lat' dir='ltr'><strong>Omna</strong></span> <span class='ocrx_word' id='word_1_139' title='bbox 1052 1676 1425 1735; x_wconf 78' lang='lat' dir='ltr'><strong>osmvrscoa,</strong></span> <span class='ocrx_word' id='word_1_140' title='bbox 1469 1677 1530 1720; x_wconf 68' lang='grc' dir='ltr'><strong>ιη</strong></span> <span class='ocrx_word' id='word_1_141' title='bbox 1561 1677 1837 1722; x_wconf 67' lang='lat' dir='ltr'><strong>cauum</strong></span> <span class='ocrx_word' id='word_1_142' title='bbox 1867 1679 2082 1722; x_wconf 69' lang='lat' dir='ltr'><strong>nanto.</strong></span> <span class='ocrx_word' id='word_1_143' title='bbox 2171 1662 2293 1723; x_wconf 92' lang='lat' dir='ltr'><strong>Sed</strong></span> 
     </span>
     <span class='ocr_line' id='line_1_18' title="bbox 218 1743 2289 1819; baseline 0.001 -17"><span class='ocrx_word' id='word_1_144' title='bbox 218 1743 367 1819; x_wconf 92' lang='lat' dir='ltr'><strong>quid</strong></span> <span class='ocrx_word' id='word_1_145' title='bbox 400 1745 714 1819; x_wconf 70' lang='lat' dir='ltr'><strong>adiungit?</strong></span> <span class='ocrx_word' id='word_1_146' title='bbox 798 1745 867 1805; x_wconf 84' lang='lat' dir='ltr'><strong>Sr</strong></span> <span class='ocrx_word' id='word_1_147' title='bbox 898 1761 1250 1805; x_wconf 72' lang='lat' dir='ltr'><strong>moromsus</strong></span> <span class='ocrx_word' id='word_1_148' title='bbox 1280 1761 1423 1807; x_wconf 71' lang='lat' dir='ltr'><strong>mus</strong></span> <span class='ocrx_word' id='word_1_149' title='bbox 1456 1762 1596 1818; x_wconf 67' lang='lat' dir='ltr'><strong>sex,</strong></span> <span class='ocrx_word' id='word_1_150' title='bbox 1643 1762 1698 1806; x_wconf 91' lang='lat' dir='ltr'><strong>s1</strong></span> <span class='ocrx_word' id='word_1_151' title='bbox 1733 1762 2075 1819; x_wconf 68' lang='lat' dir='ltr'><strong>temnens,</strong></span> <span class='ocrx_word' id='word_1_152' title='bbox 2106 1762 2161 1805; x_wconf 79' lang='grc' dir='ltr'><strong>ει</strong></span> <span class='ocrx_word' id='word_1_153' title='bbox 2196 1761 2289 1804; x_wconf 90' lang='lat' dir='ltr'><strong>co-</strong></span> 
     </span>
    </p>
   </div>
   <div class='ocr_carea' id='block_1_3' title="bbox 116 1828 2297 1898">
    <p class='ocr_par' dir='ltr' id='par_1_3' title="bbox 116 1828 2297 1898">
     <span class='ocr_line' id='line_1_19' title="bbox 116 1828 2297 1898; baseline 0.001 -13"><span class='ocrx_word' id='word_1_154' title='bbox 116 1848 130 1859; x_wconf 90' lang='lat'>·</span> <span class='ocrx_word' id='word_1_155' title='bbox 216 1842 399 1887; x_wconf 73' lang='lat' dir='ltr'><strong>noan</strong></span> <span class='ocrx_word' id='word_1_156' title='bbox 450 1844 833 1888; x_wconf 59' lang='lat' dir='ltr'><strong>rumonus</strong></span> <span class='ocrx_word' id='word_1_157' title='bbox 885 1844 1158 1888; x_wconf 71' lang='lat' dir='ltr'><strong>PnAmnA</strong></span> <span class='ocrx_word' id='word_1_158' title='bbox 1206 1844 1527 1898; x_wconf 69' lang='lat' dir='ltr'><strong>Acaunum:</strong></span> <span class='ocrx_word' id='word_1_159' title='bbox 1570 1844 1902 1889; x_wconf 63' lang='lat' dir='ltr'><strong>ottocarus.</strong></span> <span class='ocrx_word' id='word_1_160' title='bbox 1988 1828 2070 1888; x_wconf 89' lang='lat' dir='ltr'><strong>lis</strong></span> <span class='ocrx_word' id='word_1_161' title='bbox 2117 1828 2297 1889; x_wconf 86' lang='lat' dir='ltr'><strong>etiam</strong></span> 
     </span>
    </p>
   </div>
   <div class='ocr_carea' id='block_1_4' title="bbox 213 1910 2296 3573">
    <p class='ocr_par' dir='ltr' id='par_1_4' title="bbox 213 1910 2296 3573">
     <span class='ocr_line' id='line_1_20' title="bbox 222 1910 2296 1989; baseline 0.001 -20"><span class='ocrx_word' id='word_1_162' title='bbox 222 1910 488 1985; x_wconf 85' lang='lat' dir='ltr'><strong>praemia</strong></span> <span class='ocrx_word' id='word_1_163' title='bbox 518 1913 814 1988; x_wconf 87' lang='lat' dir='ltr'><strong>postulat,</strong></span> <span class='ocrx_word' id='word_1_164' title='bbox 851 1911 1074 1989; x_wconf 88' lang='lat' dir='ltr'><strong>quibus</strong></span> <span class='ocrx_word' id='word_1_165' title='bbox 1105 1922 1173 1974; x_wconf 89' lang='lat' dir='ltr'><strong>ut</strong></span> <span class='ocrx_word' id='word_1_166' title='bbox 1200 1913 1554 1989; x_wconf 81' lang='lat' dir='ltr'><strong>ignoscatur</strong></span> <span class='ocrx_word' id='word_1_167' title='bbox 1581 1911 1635 1974; x_wconf 88' lang='lat' dir='ltr'><strong>si</strong></span> <span class='ocrx_word' id='word_1_168' title='bbox 1668 1914 1947 1989; x_wconf 85' lang='lat' dir='ltr'><strong>postulet,</strong></span> <span class='ocrx_word' id='word_1_169' title='bbox 1979 1911 2296 1988; x_wconf 85' lang='lat' dir='ltr'><strong>impuden-</strong></span> 
     </span>
     <span class='ocr_line' id='line_1_21' title="bbox 213 1993 2296 2072; baseline 0.001 -18"><span class='ocrx_word' id='word_1_170' title='bbox 213 1993 493 2056; x_wconf 83' lang='lat' dir='ltr'><strong>tissimus</strong></span> <span class='ocrx_word' id='word_1_171' title='bbox 524 1995 838 2058; x_wconf 88' lang='lat' dir='ltr'><strong>iudicetur.</strong></span> <span class='ocrx_word' id='word_1_172' title='bbox 926 1996 1115 2058; x_wconf 88' lang='lat' dir='ltr'><strong>Addit</strong></span> <span class='ocrx_word' id='word_1_173' title='bbox 1148 2006 1493 2072; x_wconf 82' lang='lat' dir='ltr'><strong>praeterea=</strong></span> <span class='ocrx_word' id='word_1_174' title='bbox 1535 1997 1654 2070; x_wconf 75' lang='lat' dir='ltr'><strong>UT,</strong></span> <span class='ocrx_word' id='word_1_175' title='bbox 1688 2013 1839 2066; x_wconf 78' lang='lat' dir='ltr'><strong>Quos</strong></span> <span class='ocrx_word' id='word_1_176' title='bbox 1871 2013 2001 2057; x_wconf 71' lang='lat' dir='ltr'><strong>wsn</strong></span> <span class='ocrx_word' id='word_1_177' title='bbox 2029 2013 2146 2056; x_wconf 77' lang='lat' dir='ltr'><strong>cum</strong></span> <span class='ocrx_word' id='word_1_178' title='bbox 2175 1998 2296 2056; x_wconf 93' lang='lat' dir='ltr'><strong>Do-</strong></span> 
     </span>
     <span class='ocr_line' id='line_1_22' title="bbox 221 2079 2295 2154; baseline 0.002 -20"><span class='ocrx_word' id='word_1_179' title='bbox 221 2092 484 2136; x_wconf 75' lang='lat' dir='ltr'>LABELLA</span> <span class='ocrx_word' id='word_1_180' title='bbox 516 2095 769 2139; x_wconf 67' lang='lat' dir='ltr'><strong>onnam-r</strong></span> <span class='ocrx_word' id='word_1_181' title='bbox 798 2095 1018 2150; x_wconf 71' lang='lat' dir='ltr'><strong>Aenos,</strong></span> <span class='ocrx_word' id='word_1_182' title='bbox 1047 2097 1316 2139; x_wconf 62' lang='lat' dir='ltr'><strong>‘rmum</strong></span> <span class='ocrx_word' id='word_1_183' title='bbox 1350 2097 1415 2154; x_wconf 88' lang='lat'><strong>11,</strong></span> <span class='ocrx_word' id='word_1_184' title='bbox 1447 2096 1658 2150; x_wconf 78' lang='lat' dir='ltr'><strong>omnus</strong></span> <span class='ocrx_word' id='word_1_185' title='bbox 1681 2097 1821 2139; x_wconf 64' lang='lat' dir='ltr'><strong>oxu</strong></span> <span class='ocrx_word' id='word_1_186' title='bbox 1847 2097 1995 2140; x_wconf 75' lang='lat' dir='ltr'><strong>smr.</strong></span> <span class='ocrx_word' id='word_1_187' title='bbox 2048 2080 2150 2142; x_wconf 89' lang='grc'><strong>26.</strong></span> <span class='ocrx_word' id='word_1_188' title='bbox 2183 2079 2295 2149; x_wconf 86' lang='lat' dir='ltr'><strong>Hic</strong></span> 
     </span>
     <span class='ocr_line' id='line_1_23' title="bbox 222 2159 2295 2239; baseline 0.001 -20"><span class='ocrx_word' id='word_1_189' title='bbox 222 2167 316 2220; x_wconf 90' lang='lat' dir='ltr'><strong>est</strong></span> <span class='ocrx_word' id='word_1_190' title='bbox 349 2159 694 2236; x_wconf 84' lang='lat' dir='ltr'><strong>Campanus</strong></span> <span class='ocrx_word' id='word_1_191' title='bbox 738 2180 885 2238; x_wconf 84' lang='lat' dir='ltr'><strong>ager</strong></span> <span class='ocrx_word' id='word_1_192' title='bbox 927 2173 987 2224; x_wconf 87' lang='lat' dir='ltr'><strong>et</strong></span> <span class='ocrx_word' id='word_1_193' title='bbox 1016 2164 1380 2236; x_wconf 80' lang='lat' dir='ltr'><strong>LeontinuS,</strong></span> <span class='ocrx_word' id='word_1_194' title='bbox 1424 2181 1586 2239; x_wconf 88' lang='lat' dir='ltr'><strong>quae</strong></span> <span class='ocrx_word' id='word_1_195' title='bbox 1634 2164 1758 2224; x_wconf 90' lang='lat' dir='ltr'><strong>duo</strong></span> <span class='ocrx_word' id='word_1_196' title='bbox 1806 2165 2068 2223; x_wconf 88' lang='lat' dir='ltr'><strong>maiores</strong></span> <span class='ocrx_word' id='word_1_197' title='bbox 2105 2163 2295 2224; x_wconf 87' lang='lat' dir='ltr'><strong>nostri</strong></span> 
     </span>
     <span class='ocr_line' id='line_1_24' title="bbox 222 2245 2292 2322; baseline 0.003 -21"><span class='ocrx_word' id='word_1_198' title='bbox 222 2260 502 2304; x_wconf 86' lang='lat' dir='ltr'><strong>annonae</strong></span> <span class='ocrx_word' id='word_1_199' title='bbox 545 2248 823 2322; x_wconf 79' lang='lat' dir='ltr'><strong>perfugia</strong></span> <span class='ocrx_word' id='word_1_200' title='bbox 858 2248 1178 2308; x_wconf 88' lang='lat' dir='ltr'><strong>ducebant.</strong></span> <span class='ocrx_word' id='word_1_201' title='bbox 1266 2248 1366 2307; x_wconf 88' lang='lat' dir='ltr'><strong>IX.</strong></span> <span class='ocrx_word' id='word_1_202' title='bbox 1412 2247 1600 2308; x_wconf 84' lang='lat' dir='ltr'><strong>cavet</strong></span> <span class='ocrx_word' id='word_1_203' title='bbox 1631 2245 1857 2318; x_wconf 82' lang='lat' dir='ltr'><strong>mimiS,</strong></span> <span class='ocrx_word' id='word_1_204' title='bbox 1903 2246 2292 2319; x_wconf 83' lang='lat' dir='ltr'><strong>aleatoribuS,</strong></span> 
     </span>
     <span class='ocr_line' id='line_1_25' title="bbox 222 2325 2293 2406; baseline 0.001 -18"><span class='ocrx_word' id='word_1_205' title='bbox 222 2325 576 2389; x_wconf 71' lang='lat' dir='ltr'><strong>lenonibuse</strong></span> <span class='ocrx_word' id='word_1_206' title='bbox 627 2329 837 2391; x_wconf 79' lang='lat' dir='ltr'><strong>Cafoni</strong></span> <span class='ocrx_word' id='word_1_207' title='bbox 880 2329 1058 2390; x_wconf 87' lang='lat' dir='ltr'><strong>etiam</strong></span> <span class='ocrx_word' id='word_1_208' title='bbox 1106 2340 1166 2391; x_wconf 90' lang='lat' dir='ltr'><strong>et</strong></span> <span class='ocrx_word' id='word_1_209' title='bbox 1206 2330 1407 2390; x_wconf 89' lang='lat' dir='ltr'><strong>Saxae</strong></span> <span class='ocrx_word' id='word_1_210' title='bbox 1452 2339 1660 2403; x_wconf 80' lang='lat' dir='ltr'><strong>cavet,</strong></span> <span class='ocrx_word' id='word_1_211' title='bbox 1702 2347 1862 2406; x_wconf 89' lang='lat' dir='ltr'><strong>quos</strong></span> <span class='ocrx_word' id='word_1_212' title='bbox 1908 2331 2293 2391; x_wconf 83' lang='lat' dir='ltr'><strong>centuriones</strong></span> 
     </span>
     <span class='ocr_line' id='line_1_26' title="bbox 226 2413 2293 2490; baseline 0.001 -21"><span class='ocrx_word' id='word_1_213' title='bbox 226 2425 536 2486; x_wconf 85' lang='lat' dir='ltr'><strong>pugnaces</strong></span> <span class='ocrx_word' id='word_1_214' title='bbox 578 2420 639 2474; x_wconf 89' lang='lat' dir='ltr'><strong>et</strong></span> <span class='ocrx_word' id='word_1_215' title='bbox 682 2415 1024 2474; x_wconf 88' lang='lat' dir='ltr'><strong>lacertosos</strong></span> <span class='ocrx_word' id='word_1_216' title='bbox 1066 2414 1222 2475; x_wconf 87' lang='lat' dir='ltr'><strong>inter</strong></span> <span class='ocrx_word' id='word_1_217' title='bbox 1261 2414 1576 2475; x_wconf 89' lang='lat' dir='ltr'><strong>mimorum</strong></span> <span class='ocrx_word' id='word_1_218' title='bbox 1617 2422 1680 2475; x_wconf 91' lang='lat' dir='ltr'><strong>et</strong></span> <span class='ocrx_word' id='word_1_219' title='bbox 1718 2413 2031 2481; x_wconf 87' lang='lat' dir='ltr'><strong>mimarum</strong></span> <span class='ocrx_word' id='word_1_220' title='bbox 2072 2430 2293 2490; x_wconf 84' lang='lat' dir='ltr'><strong>greges</strong></span> 
     </span>
     <span class='ocr_line' id='line_1_27' title="bbox 226 2493 2292 2572; baseline 0.001 -20"><span class='ocrx_word' id='word_1_221' title='bbox 226 2493 576 2554; x_wconf 69' lang='lat' dir='ltr'><strong>collocavit.</strong></span> <span class='ocrx_word' id='word_1_222' title='bbox 650 2495 922 2557; x_wconf 86' lang='lat' dir='ltr'><strong>Postulat</strong></span> <span class='ocrx_word' id='word_1_223' title='bbox 965 2507 1309 2572; x_wconf 84' lang='lat' dir='ltr'><strong>praeterea,</strong></span> <span class='ocrx_word' id='word_1_224' title='bbox 1350 2513 1424 2556; x_wconf 81' lang='grc' dir='ltr'><strong>υτ</strong></span> <span class='ocrx_word' id='word_1_225' title='bbox 1464 2513 2015 2558; x_wconf 62' lang='grc' dir='ltr'><strong>οηιιιοοηᾼνιῑοιωω</strong></span> <span class='ocrx_word' id='word_1_226' title='bbox 2043 2514 2117 2556; x_wconf 72' lang='lat' dir='ltr'><strong>nr</strong></span> <span class='ocrx_word' id='word_1_227' title='bbox 2145 2512 2292 2557; x_wconf 73' lang='lat' dir='ltr'><strong>cou-</strong></span> 
     </span>
     <span class='ocr_line' id='line_1_28' title="bbox 221 2579 2291 2652; baseline 0.001 -18"><span class='ocrx_word' id='word_1_228' title='bbox 221 2591 650 2638; x_wconf 71' lang='lat' dir='ltr'><strong>mmumoaum</strong></span> <span class='ocrx_word' id='word_1_229' title='bbox 692 2595 802 2638; x_wconf 60' lang='lat' dir='ltr'><strong>sun</strong></span> <span class='ocrx_word' id='word_1_230' title='bbox 852 2595 1270 2650; x_wconf 57' lang='lat' dir='ltr'><strong>commeamus</strong></span> <span class='ocrx_word' id='word_1_231' title='bbox 1314 2596 1407 2641; x_wconf 84' lang='lat' dir='ltr'><strong>sm</strong></span> <span class='ocrx_word' id='word_1_232' title='bbox 1448 2597 1713 2641; x_wconf 66' lang='lat' dir='ltr'><strong>uncam-A</strong></span> <span class='ocrx_word' id='word_1_233' title='bbox 1743 2596 2049 2639; x_wconf 63' lang='lat' dir='ltr'><strong>mmmm.</strong></span> <span class='ocrx_word' id='word_1_234' title='bbox 2138 2579 2291 2652; x_wconf 84' lang='lat' dir='ltr'><strong>Quid</strong></span> 
     </span>
     <span class='ocr_line' id='line_1_29' title="bbox 223 2659 2294 2739; baseline 0.002 -23"><span class='ocrx_word' id='word_1_235' title='bbox 223 2659 454 2723; x_wconf 87' lang='lat' dir='ltr'><strong>laborat</strong></span> <span class='ocrx_word' id='word_1_236' title='bbox 484 2671 547 2722; x_wconf 84' lang='lat' dir='ltr'><strong>ut</strong></span> <span class='ocrx_word' id='word_1_237' title='bbox 576 2662 799 2723; x_wconf 87' lang='lat' dir='ltr'><strong>habeat</strong></span> <span class='ocrx_word' id='word_1_238' title='bbox 823 2665 990 2738; x_wconf 88' lang='lat' dir='ltr'><strong>quod</strong></span> <span class='ocrx_word' id='word_1_239' title='bbox 1023 2663 1287 2739; x_wconf 84' lang='lat' dir='ltr'><strong>quisque</strong></span> <span class='ocrx_word' id='word_1_240' title='bbox 1315 2674 1618 2724; x_wconf 88' lang='lat' dir='ltr'><strong>mercatus</strong></span> <span class='ocrx_word' id='word_1_241' title='bbox 1646 2671 1758 2735; x_wconf 86' lang='lat' dir='ltr'><strong>est,</strong></span> <span class='ocrx_word' id='word_1_242' title='bbox 1789 2663 1843 2722; x_wconf 91' lang='lat' dir='ltr'><strong>si</strong></span> <span class='ocrx_word' id='word_1_243' title='bbox 1868 2664 2032 2737; x_wconf 90' lang='lat' dir='ltr'><strong>quod</strong></span> <span class='ocrx_word' id='word_1_244' title='bbox 2058 2662 2294 2736; x_wconf 86' lang='lat' dir='ltr'><strong>accepit</strong></span> 
     </span>
     <span class='ocr_line' id='line_1_30' title="bbox 229 2742 2292 2819; baseline 0.001 -19"><span class='ocrx_word' id='word_1_245' title='bbox 229 2742 402 2804; x_wconf 82' lang='lat' dir='ltr'><strong>habet</strong></span> <span class='ocrx_word' id='word_1_246' title='bbox 437 2743 538 2819; x_wconf 90' lang='lat' dir='ltr'><strong>qui</strong></span> <span class='ocrx_word' id='word_1_247' title='bbox 585 2745 899 2807; x_wconf 71' lang='lat' dir='ltr'><strong>vendidit?</strong></span> <span class='ocrx_word' id='word_1_248' title='bbox 936 2762 1009 2804; x_wconf 74' lang='grc' dir='ltr'><strong>Ετ</strong></span> <span class='ocrx_word' id='word_1_249' title='bbox 1053 2761 1129 2805; x_wconf 73' lang='lat' dir='ltr'><strong>m:</strong></span> <span class='ocrx_word' id='word_1_250' title='bbox 1160 2763 1516 2807; x_wconf 59' lang='lat' dir='ltr'><strong>uncam-ua</strong></span> <span class='ocrx_word' id='word_1_251' title='bbox 1563 2761 1860 2805; x_wconf 65' lang='lat' dir='ltr'><strong>numus-s</strong></span> <span class='ocrx_word' id='word_1_252' title='bbox 1895 2762 1976 2803; x_wconf 69' lang='lat' dir='ltr'><strong>Ao</strong></span> <span class='ocrx_word' id='word_1_253' title='bbox 2013 2742 2185 2805; x_wconf 74' lang='lat' dir='ltr'><strong>Omse</strong></span> <span class='ocrx_word' id='word_1_254' title='bbox 2230 2744 2292 2803; x_wconf 90' lang='lat' dir='ltr'><strong>id</strong></span> 
     </span>
     <span class='ocr_line' id='line_1_31' title="bbox 228 2828 2294 2904; baseline 0 -19"><span class='ocrx_word' id='word_1_255' title='bbox 228 2832 334 2898; x_wconf 90' lang='lat' dir='ltr'><strong>est,</strong></span> <span class='ocrx_word' id='word_1_256' title='bbox 369 2843 443 2887; x_wconf 90' lang='lat' dir='ltr'><strong>ne</strong></span> <span class='ocrx_word' id='word_1_257' title='bbox 474 2828 748 2903; x_wconf 88' lang='lat' dir='ltr'><strong>septiens</strong></span> <span class='ocrx_word' id='word_1_258' title='bbox 778 2829 1016 2890; x_wconf 91' lang='lat' dir='ltr'><strong>miliens</strong></span> <span class='ocrx_word' id='word_1_259' title='bbox 1038 2839 1462 2904; x_wconf 74' lang='lat' dir='ltr'><strong>recuperetur-2</strong></span> <span class='ocrx_word' id='word_1_260' title='bbox 1507 2845 1584 2887; x_wconf 73' lang='lat' dir='ltr'><strong>m:</strong></span> <span class='ocrx_word' id='word_1_261' title='bbox 1613 2844 1831 2887; x_wconf 66' lang='lat' dir='ltr'><strong>rmum</strong></span> <span class='ocrx_word' id='word_1_262' title='bbox 1863 2845 1955 2886; x_wconf 84' lang='lat' dir='ltr'><strong>srr</strong></span> <span class='ocrx_word' id='word_1_263' title='bbox 1979 2843 2294 2887; x_wconf 63' lang='lat' dir='ltr'><strong>sammu-</strong></span> 
     </span>
     <span class='ocr_line' id='line_1_32' title="bbox 231 2910 2295 2988; baseline 0.001 -21"><span class='ocrx_word' id='word_1_264' title='bbox 231 2922 318 2968; x_wconf 82' lang='lat' dir='ltr'><strong>ars</strong></span> <span class='ocrx_word' id='word_1_265' title='bbox 349 2926 502 2978; x_wconf 80' lang='lat' dir='ltr'><strong>ouon</strong></span> <span class='ocrx_word' id='word_1_266' title='bbox 532 2927 836 2974; x_wconf 64' lang='lat' dir='ltr'><strong>Ecrssmvr.</strong></span> <span class='ocrx_word' id='word_1_267' title='bbox 912 2913 1142 2973; x_wconf 85' lang='lat' dir='ltr'><strong>Nucula</strong></span> <span class='ocrx_word' id='word_1_268' title='bbox 1172 2914 1309 2988; x_wconf 89' lang='lat' dir='ltr'><strong>hoc,</strong></span> <span class='ocrx_word' id='word_1_269' title='bbox 1341 2914 1546 2983; x_wconf 86' lang='lat' dir='ltr'><strong>credo,</strong></span> <span class='ocrx_word' id='word_1_270' title='bbox 1582 2910 1923 2973; x_wconf 75' lang='lat' dir='ltr'><strong>admonuit:</strong></span> <span class='ocrx_word' id='word_1_271' title='bbox 1970 2911 2295 2971; x_wconf 82' lang='lat' dir='ltr'><strong>verebatur</strong></span> 
     </span>
     <span class='ocr_line' id='line_1_33' title="bbox 231 2992 2290 3067; baseline 0.002 -18"><span class='ocrx_word' id='word_1_272' title='bbox 231 2992 484 3054; x_wconf 79' lang='lat' dir='ltr'><strong>fortasse</strong></span> <span class='ocrx_word' id='word_1_273' title='bbox 512 3012 589 3055; x_wconf 90' lang='lat' dir='ltr'><strong>ne</strong></span> <span class='ocrx_word' id='word_1_274' title='bbox 618 2996 916 3058; x_wconf 86' lang='lat' dir='ltr'><strong>amitteret</strong></span> <span class='ocrx_word' id='word_1_275' title='bbox 944 3006 1141 3058; x_wconf 88' lang='lat' dir='ltr'><strong>tantas</strong></span> <span class='ocrx_word' id='word_1_276' title='bbox 1175 2996 1509 3057; x_wconf 89' lang='lat' dir='ltr'><strong>clientelas.</strong></span> <span class='ocrx_word' id='word_1_277' title='bbox 1581 2994 1791 3056; x_wconf 73' lang='lat' dir='ltr'><strong>Caveri</strong></span> <span class='ocrx_word' id='word_1_278' title='bbox 1827 2994 2004 3056; x_wconf 89' lang='lat' dir='ltr'><strong>ctiam</strong></span> <span class='ocrx_word' id='word_1_279' title='bbox 2037 2997 2290 3067; x_wconf 73' lang='lat' dir='ltr'><strong>vultus,</strong></span> 
     </span>
     <span class='ocr_line' id='line_1_34' title="bbox 232 3079 2294 3151; baseline 0.002 -19"><span class='ocrx_word' id='word_1_280' title='bbox 232 3084 321 3142; x_wconf 82' lang='lat' dir='ltr'><strong>our</strong></span> <span class='ocrx_word' id='word_1_281' title='bbox 353 3092 540 3137; x_wconf 67' lang='lat' dir='ltr'><strong>sucum</strong></span> <span class='ocrx_word' id='word_1_282' title='bbox 576 3095 721 3151; x_wconf 73' lang='lat' dir='ltr'><strong>snm,</strong></span> <span class='ocrx_word' id='word_1_283' title='bbox 744 3095 1022 3147; x_wconf 80' lang='lat' dir='ltr'><strong>outooum</strong></span> <span class='ocrx_word' id='word_1_284' title='bbox 1046 3096 1279 3140; x_wconf 65' lang='lat' dir='ltr'><strong>con-rm</strong></span> <span class='ocrx_word' id='word_1_285' title='bbox 1308 3096 1489 3140; x_wconf 68' lang='lat' dir='ltr'><strong>mons</strong></span> <span class='ocrx_word' id='word_1_286' title='bbox 1521 3094 1926 3139; x_wconf 65' lang='lat' dir='ltr'><strong>commiscetur</strong></span> <span class='ocrx_word' id='word_1_287' title='bbox 1994 3079 2294 3139; x_wconf 85' lang='lat' dir='ltr'><strong>Mustelae</strong></span> 
     </span>
     <span class='ocr_line' id='line_1_35' title="bbox 232 3157 2280 3237; baseline 0.001 -20"><span class='ocrx_word' id='word_1_288' title='bbox 232 3164 287 3217; x_wconf 87' lang='lat' dir='ltr'><strong>et</strong></span> <span class='ocrx_word' id='word_1_289' title='bbox 303 3157 501 3221; x_wconf 88' lang='lat' dir='ltr'><strong>Tironi</strong></span> <span class='ocrx_word' id='word_1_290' title='bbox 537 3162 865 3237; x_wconf 84' lang='lat' dir='ltr'><strong>prospicit=</strong></span> <span class='ocrx_word' id='word_1_291' title='bbox 914 3163 991 3223; x_wconf 89' lang='lat' dir='ltr'><strong>de</strong></span> <span class='ocrx_word' id='word_1_292' title='bbox 1027 3179 1096 3223; x_wconf 91' lang='lat' dir='ltr'><strong>se</strong></span> <span class='ocrx_word' id='word_1_293' title='bbox 1126 3163 1274 3223; x_wconf 85' lang='lat' dir='ltr'><strong>nibil</strong></span> <span class='ocrx_word' id='word_1_294' title='bbox 1308 3164 1556 3224; x_wconf 89' lang='lat' dir='ltr'><strong>laborat.</strong></span> <span class='ocrx_word' id='word_1_295' title='bbox 1616 3162 1716 3226; x_wconf 88' lang='grc'><strong>27.</strong></span> <span class='ocrx_word' id='word_1_296' title='bbox 1748 3162 1905 3236; x_wconf 81' lang='lat' dir='ltr'><strong>Quid</strong></span> <span class='ocrx_word' id='word_1_297' title='bbox 1936 3162 2093 3222; x_wconf 84' lang='lat' dir='ltr'><strong>enim</strong></span> <span class='ocrx_word' id='word_1_298' title='bbox 2129 3178 2280 3221; x_wconf 85' lang='lat' dir='ltr'><strong>com-</strong></span> 
     </span>
     <span class='ocr_line' id='line_1_36' title="bbox 230 3240 2291 3322; baseline -0 -20"><span class='ocrx_word' id='word_1_299' title='bbox 230 3240 380 3303; x_wconf 85' lang='lat' dir='ltr'><strong>misit</strong></span> <span class='ocrx_word' id='word_1_300' title='bbox 419 3254 747 3321; x_wconf 68' lang='lat' dir='ltr'><strong>umquam?</strong></span> <span class='ocrx_word' id='word_1_301' title='bbox 799 3263 939 3307; x_wconf 85' lang='lat' dir='ltr'><strong>num</strong></span> <span class='ocrx_word' id='word_1_302' title='bbox 987 3254 1091 3307; x_wconf 87' lang='lat' dir='ltr'><strong>aut</strong></span> <span class='ocrx_word' id='word_1_303' title='bbox 1137 3246 1456 3322; x_wconf 85' lang='lat' dir='ltr'><strong>pecuniam</strong></span> <span class='ocrx_word' id='word_1_304' title='bbox 1490 3247 1790 3322; x_wconf 88' lang='lat' dir='ltr'><strong>publicam</strong></span> <span class='ocrx_word' id='word_1_305' title='bbox 1831 3245 2024 3321; x_wconf 85' lang='lat' dir='ltr'><strong>attigit</strong></span> <span class='ocrx_word' id='word_1_306' title='bbox 2051 3252 2153 3305; x_wconf 84' lang='lat' dir='ltr'><strong>aut</strong></span> <span class='ocrx_word' id='word_1_307' title='bbox 2183 3243 2291 3302; x_wconf 86' lang='lat' dir='ltr'><strong>ho·</strong></span> 
     </span>
     <span class='ocr_line' id='line_1_37' title="bbox 231 3323 2291 3403; baseline 0 -20"><span class='ocrx_word' id='word_1_308' title='bbox 231 3323 438 3386; x_wconf 87' lang='lat' dir='ltr'><strong>minem</strong></span> <span class='ocrx_word' id='word_1_309' title='bbox 471 3328 694 3389; x_wconf 88' lang='lat' dir='ltr'><strong>occidit</strong></span> <span class='ocrx_word' id='word_1_310' title='bbox 722 3339 827 3390; x_wconf 86' lang='lat' dir='ltr'><strong>aut</strong></span> <span class='ocrx_word' id='word_1_311' title='bbox 856 3346 1062 3390; x_wconf 83' lang='lat' dir='ltr'><strong>secum</strong></span> <span class='ocrx_word' id='word_1_312' title='bbox 1087 3330 1298 3391; x_wconf 89' lang='lat' dir='ltr'><strong>habuit</strong></span> <span class='ocrx_word' id='word_1_313' title='bbox 1320 3336 1628 3391; x_wconf 68' lang='lat' dir='ltr'><strong>armatos?</strong></span> <span class='ocrx_word' id='word_1_314' title='bbox 1683 3330 1807 3390; x_wconf 90' lang='lat' dir='ltr'><strong>Sed</strong></span> <span class='ocrx_word' id='word_1_315' title='bbox 1836 3329 1977 3403; x_wconf 88' lang='lat' dir='ltr'><strong>quid</strong></span> <span class='ocrx_word' id='word_1_316' title='bbox 2005 3335 2100 3387; x_wconf 89' lang='lat' dir='ltr'><strong>est</strong></span> <span class='ocrx_word' id='word_1_317' title='bbox 2123 3325 2291 3399; x_wconf 91' lang='lat' dir='ltr'><strong>quod</strong></span> 
     </span>
     <span class='ocr_line' id='line_1_38' title="bbox 233 3405 2291 3474; baseline -0.002 -6"><span class='ocrx_word' id='word_1_318' title='bbox 233 3405 301 3468; x_wconf 89' lang='lat' dir='ltr'><strong>de</strong></span> <span class='ocrx_word' id='word_1_319' title='bbox 333 3408 407 3471; x_wconf 88' lang='lat' dir='ltr'><strong>iis</strong></span> <span class='ocrx_word' id='word_1_320' title='bbox 436 3412 710 3473; x_wconf 68' lang='lat' dir='ltr'><strong>laboret?</strong></span> <span class='ocrx_word' id='word_1_321' title='bbox 764 3413 1038 3474; x_wconf 86' lang='lat' dir='ltr'><strong>Postulat</strong></span> <span class='ocrx_word' id='word_1_322' title='bbox 1067 3414 1224 3473; x_wconf 89' lang='lat' dir='ltr'><strong>enim</strong></span> <span class='ocrx_word' id='word_1_323' title='bbox 1256 3429 1332 3472; x_wconf 72' lang='lat' dir='ltr'><strong>rm</strong></span> <span class='ocrx_word' id='word_1_324' title='bbox 1362 3429 1474 3472; x_wconf 60' lang='lat' dir='ltr'><strong>sua</strong></span> <span class='ocrx_word' id='word_1_325' title='bbox 1512 3426 1850 3473; x_wconf 63' lang='lat' dir='ltr'><strong>murenam</strong></span> <span class='ocrx_word' id='word_1_326' title='bbox 1879 3427 1992 3468; x_wconf 74' lang='lat' dir='ltr'><strong>uzx</strong></span> <span class='ocrx_word' id='word_1_327' title='bbox 2024 3422 2291 3466; x_wconf 56' lang='lat' dir='ltr'><strong>annom-:-</strong></span> 
     </span>
     <span class='ocr_line' id='line_1_39' title="bbox 232 3495 2290 3573; baseline -0 -25"><span class='ocrx_word' id='word_1_328' title='bbox 232 3505 351 3550; x_wconf 76' lang='lat' dir='ltr'><strong>rua.</strong></span> <span class='ocrx_word' id='word_1_329' title='bbox 436 3496 566 3570; x_wconf 78' lang='lat' dir='ltr'><strong>Quo</strong></span> <span class='ocrx_word' id='word_1_330' title='bbox 612 3495 930 3571; x_wconf 86' lang='lat' dir='ltr'><strong>impetrato</strong></span> <span class='ocrx_word' id='word_1_331' title='bbox 977 3496 1122 3573; x_wconf 90' lang='lat' dir='ltr'><strong>quid</strong></span> <span class='ocrx_word' id='word_1_332' title='bbox 1154 3506 1246 3556; x_wconf 87' lang='lat' dir='ltr'><strong>est</strong></span> <span class='ocrx_word' id='word_1_333' title='bbox 1285 3496 1450 3572; x_wconf 93' lang='lat' dir='ltr'><strong>quod</strong></span> <span class='ocrx_word' id='word_1_334' title='bbox 1495 3501 1758 3555; x_wconf 66' lang='lat' dir='ltr'><strong>metuat?</strong></span> <span class='ocrx_word' id='word_1_335' title='bbox 1811 3508 1886 3551; x_wconf 87' lang='lat' dir='ltr'><strong>an</strong></span> <span class='ocrx_word' id='word_1_336' title='bbox 1929 3507 2004 3549; x_wconf 87' lang='lat' dir='ltr'><strong>ne</strong></span> <span class='ocrx_word' id='word_1_337' title='bbox 2039 3503 2290 3548; x_wconf 87' lang='lat' dir='ltr'><strong>suorum</strong></span> 
     </span>
    </p>
   </div>
  </div>
 </body>
</html>
