2514 3928
340 177 465 244 108
601 175 705 236 DE
737 171 1178 236 PROVINCIIS
1211 174 1806 237 CONSULARIBUS
1852 174 2160 236 ORATIO.
2375 186 2459 237 lt}

347 326 716 404 supplicatio
768 324 1113 386 consularis
1159 361 1248 374 --
1299 325 1445 389 mihi
1499 326 1659 387 enim
1707 326 1857 389 estis
1898 323 2187 401 adsensi,
2245 344 2446 402 quum

347 411 627 472 eiusdem
660 408 933 485 Pompeii
963 408 1175 471 litteris
1210 410 1509 484 recitatis,
1557 410 1853 472 confectis
1887 410 2174 471 omnibus
2207 408 2442 471 mariti-⁷

348 495 463 556 mis
496 495 1007 569 terrestribusque
1087 492 1298 564 bellis,
1358 491 1869 569 supplicationem
1926 491 2161 551 dierum
2212 492 2439 552 decem

348 577 711 639 decrevist1s
748 612 844 650 -‚
883 593 1019 638 sum
1051 576 1155 637 Cn.
1188 576 1464 654 Pompeii
1511 576 1794 639 virtutem
1825 587 1887 638 et
1916 575 2101 637 animi
2131 574 2440 651 magnitu-

348 662 551 723 dinem
579 660 948 736 admiratuS,
989 661 1186 736 quod,
1233 679 1421 738 quum
1465 659 1605 737 ipse
1685 659 1905 724 ceteris
1949 658 2234 723 omnibus
2264 670 2441 721 esset

348 747 513 809 omni
543 746 778 807 honore
808 746 1142 820 antelatuS,
1181 745 1540 822 ampliorem
1580 745 1875 806 honorem
1916 742 2091 805 alteri
2129 742 2442 805 tribuebat

348 848 530 908 quam
556 831 690 906 ipse
718 837 849 890 erat
870 837 1263 891 consecutus.
1319 830 1481 905 Ergo
1513 829 1574 888 in
1602 828 1710 889 illa
1737 827 2215 904 supplicatione,
2249 844 2446 902 quam

352 931 469 990 ego
495 912 764 986 decrevi,
792 928 894 973 res
918 911 1058 988 ipsa
1082 912 1306 974 tributa
1330 921 1426 974 est
1454 912 1551 972 dis
1573 911 2018 973 immortalibus
2049 919 2111 972 et
2132 909 2446 971 maiorum

352 996 645 1059 institutis
677 1004 738 1057 et
765 995 1001 1057 utilitati
1033 997 1122 1056 rei
1153 997 1468 1072 publicae,
1510 997 1624 1057 sed
1653 996 1917 1072 dignitas
1945 995 2290 1068 verborum,
2323 994 2439 1054 ho-

350 1098 472 1144 nos
503 1087 564 1140 et
592 1079 833 1141 novitas
864 1087 926 1140 et
958 1096 1248 1141 numerus
1281 1078 1518 1159 dierum
1547 1078 1827 1141 Caesaris
1865 1077 2061 1154 ipsius
2091 1077 2257 1138 laudi
2300 1080 2438 1153 glo-

345 1165 600 1240 riaeque
639 1179 981 1226 concessus
1022 1172 1137 1224 est.
1225 1163 1328 1226 28.
1374 1163 1652 1225 Relatum
1692 1172 1790 1225 est
1832 1163 1910 1223 ad
1958 1178 2322 1238 nos.nuper
2352 1163 2446 1222 de

347 1249 651 1325 stipendio
675 1247 1012 1309 exercitus=
1043 1264 1166 1309 non
1197 1245 1447 1309 decrevi
1476 1247 1674 1309 solum
1691 1293 1707 1321 ,
1738 1247 1852 1307 sed
1874 1245 2055 1307 etiam
2077 1252 2146 1307 ut
2171 1262 2286 1307 vos
2325 1246 2439 1306 de-

349 1334 682 1394 cerneretis
724 1329 1028 1392 laboravi=
1083 1334 1273 1393 multa
1331 1330 1833 1392 dissentientibus
1887 1327 2214 1406 respondi:
2279 1329 2436 1390 scri-

345 1417 549 1479 bendo
591 1415 778 1489 adsui.
864 1417 1015 1475 Tum
1060 1430 1313 1492 quoque
1358 1413 1589 1476 homini
1618 1415 1758 1491 plus
1788 1412 1969 1474 tribui
1999 1429 2180 1489 quam
2215 1412 2443 1474 nescio

348 1500 448 1563 cui
479 1498 851 1561 necessitati.
937 1500 1111 1559 Illum
1157 1497 1319 1560 enim
1359 1497 1698 1559 arbitrabar
1739 1496 1922 1559 etiam
1964 1497 2101 1559 sine
2132 1497 2253 1558 hoc
2285 1497 2431 1557 sub·

348 1584 507 1645 sidio
543 1582 843 1659 pecuniae
889 1581 1152 1643 retinere
1203 1581 1537 1643 exercitum
1575 1581 1809 1658 praeda
1836 1588 1978 1642 ante
2007 1588 2183 1657 parta
2212 1588 2274 1641 et
2301 1581 2432 1641 bel-

349 1670 468 1728 lum
506 1668 815 1727 conficere
843 1681 1067 1740 posse:
1111 1665 1226 1726 sed
1269 1666 1464 1727 decus
1490 1665 1642 1727 illud
1670 1673 1732 1727 et
1764 1673 2186 1727 ornamentum
2221 1662 2432 1724 trium-

347 1749 453 1828 phi
484 1748 876 1809 minuendum
921 1756 1132 1809 nostra
1174 1747 1553 1824 parcimonia
1597 1766 1723 1812 non
1767 1749 1996 1825 putavi.
2082 1751 2304 1809 Actum
2334 1757 2438 1810 est

347 1830 427 1894 de
460 1834 674 1893 decem
703 1830 942 1908 legatiS,
985 1848 1142 1907 quos
1176 1832 1279 1893 alii
1307 1832 1553 1894 omnino
1582 1850 1706 1895 non
1735 1833 1982 1905 dabant,
2009 1830 2112 1893 alii
2142 1833 2435 1907 exempla

355 1916 763 1994 quaerebant,
793 1914 896 1977 alii
920 1923 1166 1994 tempus
1190 1914 1583 1993 differebant,
1625 1916 1728 1979 alii
1760 1915 1896 1979 sine
1927 1915 2072 1979 ullis
2100 1916 2436 1979 verborum
2485 1920 2488 1933 ⁴

312 2001 719 2064 -ornamentis
750 2000 1005 2061 dabant=
1037 2001 1099 2061 in
1132 2017 1209 2062 ea
1244 2017 1497 2076 quoque
1530 2017 1599 2062 re
1632 2001 1723 2064 sic
1753 2018 1888 2062 sum
1917 2002 2179 2075 locutuS,
2210 2009 2277 2061 ut
2302 2018 2431 2062 om·

350 2100 462 2145 nes
508 2083 912 2159 intelligerent
947 2101 1046 2145 me
1079 2085 1173 2159 id,
1217 2085 1385 2161 quod
1430 2084 1520 2146 rei
1562 2084 1845 2166 publicae
1889 2100 2081 2145 causa
2120 2085 2438 2160 sentirem,

348 2170 551 2229 facere
580 2167 828 2228 uberius
861 2176 1115 2245 propter
1145 2166 1345 2243 ipsius
1369 2168 1660 2236 ⁴Caesaris
1688 2168 2060 2245 dignitatem.

474 2252 601 2311 XII.
635 2250 734 2313 29.
761 2253 841 2311 At
869 2268 986 2328 ego
1020 2251 1181 2312 idem
1213 2254 1462 2313 nuncin
1500 2251 1833 2329 provinciis
1862 2249 2286 2323 decernendiS,
2321 2249 2434 2326 qui

347 2334 482 2395 illas
515 2351 729 2396 omnes
758 2352 862 2397 res
898 2335 997 2410 egi
1027 2334 1303 2410 silentio,
1346 2335 1725 2412 interpellor,
1780 2352 1968 2411 quum
2001 2337 2061 2396 in
2094 2332 2431 2410 superiori-

347 2418 464 2479 bus
497 2418 706 2480 causis
738 2417 1002 2478 hominis
1039 2426 1394 2480 ornamenta
1423 2421 1674 2493 suerint,
1720 2418 1780 2479 in
1808 2419 1924 2480 hac
1956 2436 2053 2479 me
2083 2417 2230 2479 nihil
2259 2416 2434 2478 aliud

349 2501 467 2562 nisi
502 2503 653 2565 ratio
684 2500 844 2573 belli,
881 2500 998 2561 nisi
1028 2517 1265 2562 summa
1293 2502 1520 2564 utilitas
1542 2502 1631 2563 rei
1663 2502 1946 2579 publicae
1972 2509 2233 2563 moveat.
2274 2501 2434 2560 Nam

348 2585 483 2662 ipse
514 2585 742 2648 Caesar
773 2583 918 2661 quid
949 2594 1045 2646 est
1074 2600 1183 2647 cur
1209 2584 1271 2646 in
1307 2585 1624 2662 provincia
1654 2586 2015 2649 commorari
2038 2584 2186 2647 velit
2218 2582 2338 2643 nisi
2362 2594 2434 2646 ut

345 2687 438 2744 ea,
469 2687 629 2745 quae
658 2686 770 2747 per
797 2686 938 2731 eum
972 2670 1212 2731 adfecta
1236 2677 1407 2742 sunt,
1452 2671 1722 2746 perfecta
1761 2670 1849 2730 rei
1880 2670 2159 2746 publicae
2188 2667 2438 2729 tradat?

338 2753 704 2815 Amoenitas
739 2770 912 2830 eum,
946 2754 1166 2827 credo,
1204 2754 1514 2827 locorum,
1555 2752 1792 2814 urbium
1826 2752 2201 2829 pulcritud0‚
2233 2751 2433 2811 homi-

345 2853 488 2896 num
539 2838 974 2913 nationumque
1012 2836 1245 2897 illarum
1277 2836 1621 2899 humanitas
1651 2845 1713 2899 et
1738 2838 1951 2914 lepoS,
1994 2834 2289 2897 victoriae
2320 2850 2429 2897 cu-

351 2920 604 2994 piditas,
660 2922 872 2982 finium
914 2920 1151 2998 imperii
1192 2916 1561 2995 propagatio
1607 2915 1847 2980 retinet.
1936 2918 2092 2992 Quid
2133 2918 2251 2980 illis
2298 2925 2425 2979 ter-

349 3003 434 3063 ris
475 3004 791 3081 asperiuS,
845 3005 992 3080 quid
1046 3002 1331 3065 incultius
1384 3001 1663 3079 oppidis,
1716 3001 1866 3077 quid
1909 3002 2262 3064 nationibus
2313 3002 2426 3064 im·

343 3085 613 3158 maniuS,
659 3085 804 3161 quid
837 3103 1021 3161 porro
1063 3093 1153 3147 tot
1185 3085 1455 3147 victoriis
1488 3086 1949 3163 praestabiliuS,
2007 3085 2153 3163 quid
2177 3084 2432 3147 Oceano

343 3167 585 3244 longius
621 3167 876 3230 inveniri
912 3175 1155 3245 potest?
1182 3170 1279 3229 An
1312 3169 1545 3232 reditus
1578 3169 1637 3231 in
1665 3171 1918 3247 patriam
1943 3170 2128 3231 habet
2155 3167 2431 3245 aliquam

307 3251 792 3326 „offensionemv
829 3262 1030 3314 utrum
1072 3253 1240 3328 apud
1284 3255 1612 3330 populum,
1655 3270 1695 3314 a
1744 3270 1868 3330 quo
1909 3253 2135 3314 missus
2176 3259 2301 3326 est,
2348 3269 2429 3312 an

346 3336 512 3409 apud
541 3344 851 3410 senatum,
909 3353 946 3397 a
978 3352 1101 3412 quo
1133 3343 1384 3399 ornatus
1413 3344 1550 3398 est?
1599 3354 1675 3398 an
1709 3338 1843 3399 dies
1885 3345 2068 3413 auget
2096 3337 2228 3396 eius
2260 3336 2430 3396 desi·

341 3417 597 3493 derium,
637 3435 712 3479 an
743 3419 937 3495 magis
962 3418 1358 3494 oblivionem,
1404 3438 1474 3481 ac
1507 3424 1712 3482 laurea
1743 3422 1843 3481 illa
1863 3421 2100 3500 magnis
2131 3419 2430 3496 periculis
