2514 3928
908 163 1075 223 CAP..
1102 149 1364 259 auf-22.
1402 169 1457 230 s.
1485 171 1549 226 47
1571 172 1757 226 -53,
2294 164 2381 226 89

414 315 566 376 XXI.
621 314 723 377 51.
781 313 905 374 Sed
943 313 1229 389 quoniam
1274 314 1603 376 emersisse
1630 313 1748 374 iam
1780 331 1815 374 e
1843 311 2021 375 vadis
2050 322 2115 376 et
2142 331 2371 390 scopu·

289 397 385 459 los
420 406 839 474 praetervecta
873 396 1110 458 videtur
1139 396 1333 459 oratio
1368 414 1531 468 mea,
1571 397 1880 473 perfacilis
1910 396 2056 458 mihi
2090 397 2367 474 reliquus

240 518 245 519 ff
291 497 509 543 cursus
541 481 900 546 ostenditur.
988 481 1125 543 Duo
1159 489 1302 541 sunt
1330 481 1489 541 enim
1517 481 1799 554 crimina,
1848 499 1968 541 una
1996 480 2058 540 in
2092 483 2364 555 muliere,

291 582 666 626 summorum
696 567 1058 625 facinorum:
1089 564 1253 637 auri,
1286 566 1454 639 quod
1483 574 1789 639 sumptum
1821 582 1856 625 a
1889 564 2102 625 Clodia
2133 565 2372 639 dicitur,

292 658 351 710 et
395 649 644 724 veneni,
700 649 871 725 quod
911 649 1187 710 eiusdem
1231 647 1480 709 Clodiae
1525 649 1838 708 necandae
1887 665 2079 708 causa
2118 665 2380 722 parasse

293 731 553 794 Caelium
585 733 991 795 criminantur.
1038 735 1272 793 Aurum
1296 731 1574 807 sumpsit,
1597 741 1665 792 ut
1689 731 1906 803 dicitiS,
1934 733 2100 806 quod
2126 732 2192 790 L.
2221 734 2375 793 Luc-

291 816 406 876 ceii
445 817 647 879 servis
677 819 878 891 daret,
927 833 1034 891 per
1066 833 1225 892 quos
1251 815 1711 877 Alexandrinus
1738 813 1853 875 Dio
1872 860 1887 886 ,
1920 814 2024 888 qui
2056 823 2176 874 tum
2206 816 2371 890 apud

291 901 615 961 Lucceium
645 901 972 973 habitabat,
994 909 1331 963 necaretur.
1375 901 1660 975 Magnum
1693 898 1921 958 crimen
1949 898 2046 957 vel
2070 896 2131 957 in
2156 899 2375 973 legatis

276 984 660 1045 ‘insidiandis
694 986 790 1045 vel
820 984 879 1044 in
917 985 1111 1044 servis
1162 985 1242 1043 ad
1279 983 1585 1058 hospitem
1615 982 1842 1044 domini
1879 983 2223 1043 necandum
2254 983 2377 1043 sol-

293 1067 632 1129 licitandis:
701 1070 946 1142 plenum
1008 1066 1262 1127 sceleris
1311 1066 1632 1128 consilium
1657 1112 1673 1138 ,
1753 1068 1996 1140 plenum
2054 1067 2374 1127 audaciae.

293 1150 393 1212 52.
433 1151 567 1224 Quo
601 1151 846 1225 quidem
876 1149 936 1207 in
968 1149 1219 1208 crimine
1249 1149 1507 1222 primum
1538 1150 1686 1208 illud
1715 1149 2043 1223 requiram,
2074 1150 2379 1211 dixeritne

295 1233 548 1294 Clodiae
579 1249 759 1306 quam
790 1233 868 1311 ad
900 1247 1026 1289 rem
1057 1247 1270 1291 aurum
1302 1239 1424 1289 tum
1455 1240 1723 1290 sumeret
1749 1247 1827 1289 an
1859 1249 1980 1292 non
2018 1231 2256 1292 dixerit.
2313 1223 2388 1292 Si

305 1332 424 1375 non
462 1313 631 1385 dixit,
665 1331 772 1372 cur
805 1313 1015 1373 dedit?
1058 1311 1122 1371 Si
1151 1313 1330 1379 dixit,
1360 1313 1575 1372 eodem
1606 1328 1677 1371 se
1701 1313 2116 1374 conscientiae
2145 1317 2384 1375 scelere

303 1396 594 1458 devinxit.
679 1399 844 1465 Tune
905 1411 1117 1456 aurum
1170 1413 1248 1457 ex
1291 1395 1549 1455 armario
1594 1403 1694 1454 tuo
1744 1410 2023 1469 promere
2063 1413 2215 1456 ausa
2272 1404 2394 1457 es?

305 1490 447 1542 tune
476 1482 779 1541 Venerem
820 1481 983 1539 illam
1027 1488 1188 1541 tuam
1242 1477 1511 1554 spoliare
1551 1477 1928 1540 ornamentis
1970 1478 2382 1553 spoliatricem

303 1571 680 1632 ceterorum,
741 1578 929 1635 quum
1015 1562 1210 1625 scires
1254 1571 1545 1635 quantum
1599 1563 1679 1621 ad
1727 1560 1964 1622 facinus
2007 1579 2218 1622 aurum
2266 1564 2384 1624 hoc

299 1656 722 1722 quaereretur,
755 1648 835 1708 ad
868 1663 1078 1709 necem
1112 1647 1322 1724 legati,
1355 1648 1434 1707 ad
1459 1648 1527 1706 L.
1561 1645 1804 1707 Lucceii
1824 1692 1840 1720 ,
1872 1645 2243 1707 sanctissimi
2275 1648 2382 1706 lio·

295 1731 473 1791 minis
506 1740 692 1806 atque
725 1730 1124 1807 integerrimi,
1169 1733 1368 1792 labem
1411 1731 1664 1792 sceleris
1707 1729 2181 1805 sempiternam:
2239 1731 2390 1791 huic

296 1814 550 1876 facinori
579 1822 743 1877 tanto
776 1826 880 1877 tua
914 1831 1088 1875 mens
1118 1815 1386 1876 liberalis
1422 1814 1699 1886 conscia,
1735 1823 1835 1877 tua
1865 1815 2087 1876 domus
2121 1816 2380 1890 popula-

295 1899 380 1958 ris
409 1898 712 1972 ministra,
757 1908 862 1960 tua
892 1900 1160 1975 denique
1187 1897 1512 1973 hospitalis
1555 1898 1657 1958 illa
1689 1900 1907 1959 Venus
1939 1898 2203 1980 adiutrix
2234 1917 2388 1960 esse

296 2000 418 2042 non
465 1983 690 2046 debuit.
778 1981 878 2045 53.
924 1984 1091 2050 Vidit
1128 1984 1247 2044 hoc
1295 1984 1554 2043 Balbus:
1606 1985 1859 2042 celatam
1909 2000 2054 2044 csse
2106 1983 2380 2044 Clodiam

300 2066 471 2137 dixit,
503 2076 689 2142 atque
717 2067 801 2130 ita
836 2068 1103 2127 Caelium
1132 2069 1209 2127 ad
1244 2066 1406 2126 illam
1437 2065 1733 2138 attulisse,
1774 2083 1844 2128 se
1879 2069 1958 2126 ad
1986 2076 2263 2127 ornatum
2295 2068 2379 2126 lu-

298 2150 516 2211 dorum
551 2167 765 2210 aurum
795 2168 1111 2225 quaerere.
1158 2149 1224 2211 Si
1252 2159 1370 2210 tam
1405 2149 1715 2212 familiaris
1737 2159 1868 2210 erat
1897 2150 2165 2223 Clodiae,
2198 2166 2384 2224 quam

298 2243 363 2294 tu
392 2250 538 2296 esse
570 2233 682 2308 viS,
717 2252 900 2309 quum
938 2236 1015 2296 de
1044 2233 1294 2295 libidine
1326 2233 1459 2295 eius
1487 2243 1603 2295 tam
1628 2233 1814 2293 multa
1849 2233 2025 2306 dicis,
2057 2233 2210 2295 dixit
2237 2250 2382 2307 pro-

300 2320 461 2379 fecto
493 2335 617 2393 quo
655 2319 839 2379 vellet
866 2336 1097 2380 aurum.
1189 2317 1255 2379 Si
1293 2326 1411 2377 tam
1445 2314 1755 2378 familiaris
1787 2334 1906 2377 non
1942 2326 2087 2389 erat,
2121 2333 2241 2376 non
2277 2318 2381 2376 de-

291 2400 404 2461 dit.
490 2402 577 2462 lta
635 2401 687 2462 si
736 2418 945 2462 verum
993 2402 1098 2463 tibi
1136 2401 1376 2463 Caelius
1413 2401 1595 2472 dixit,
1650 2418 1689 2461 o
1719 2401 2118 2462 immoderata
2149 2400 2390 2471 mulier,

300 2484 504 2545 sciens
539 2495 602 2545 tu
638 2502 850 2545 aurum
883 2488 962 2546 ad
995 2483 1233 2546 facinus
1269 2484 1526 2546 dedisti:
1576 2483 1627 2544 si
1659 2502 1781 2543 non
1811 2494 1911 2545 est
1932 2501 2125 2544 ausus
2156 2485 2384 2555 dicere,

300 2585 418 2627 non
454 2568 695 2629 dedisti.
1867 2605 1880 2615 ·

422 2652 602 2711 xxu.
651 2651 805 2726 Quid
837 2667 953 2725 ego
986 2667 1147 2712 nunc
1177 2649 1552 2725 argumentis
1587 2649 1729 2709 huic
1758 2647 2014 2721 crimini,
2054 2665 2215 2723 quae
2244 2657 2394 2709 sunt

299 2735 782 2808 innumerabilia,
811 2735 1137 2795 resistam?
1161 2734 1421 2795 Possum
1456 2732 1662 2793 dicere
1688 2749 1895 2791 mores
1926 2732 2005 2790 Μ.
2036 2732 2222 2793 Caelii
2255 2733 2383 2792 lon-

302 2818 556 2893 gissime
598 2837 638 2878 a
681 2817 834 2878 tanti
878 2818 1133 2879 sceleris
1179 2817 1496 2878 atrocitate
1526 2832 1671 2875 esse
1720 2814 2094 2878 disiunctos:
2137 2816 2392 2878 minime

299 2918 443 2963 esse
474 2903 850 2964 credendum
881 2901 1110 2962 homini
1146 2911 1267 2964 tam
1296 2899 1620 2977 ingenioso
1669 2908 1914 2975 tamque
1947 2901 2232 2975 prudenti
2261 2919 2386 2963 non

303 2986 554 3048 venisse
583 2986 643 3046 in
677 2993 958 3056 mentem,
996 3002 1125 3045 rem
1156 2985 1302 3047 tanti
1338 2984 1591 3046 sceleris
1627 2983 1853 3059 ignotis
1884 2985 2225 3061 alienisque
2260 3002 2387 3045 ser-

302 3070 400 3131 vis
443 3087 565 3131 non
618 3086 763 3131 esse
805 3070 1194 3134 credendam.
1281 3069 1540 3132 Possum
1572 3067 1749 3130 etiam
1782 3070 1884 3130 illa
1914 3078 1975 3130 et
2044 3079 2386 3131 ceterorum
2463 3111 2466 3116 -

303 3163 702 3228 patronorum
749 3161 811 3215 et
850 3169 984 3216 mea
1018 3152 1461 3216 consuetudine
1499 3153 1576 3212 ab
1603 3164 1966 3222 accusatore
2012 3153 2391 3228 perquirere,

302 3237 410 3299 ubi
443 3237 525 3300 sit
558 3253 934 3311 congressus
982 3253 1115 3297 cum
1151 3237 1349 3297 servis
1380 3234 1624 3296 Lucceii
1659 3237 1928 3306 Caelius,
1981 3236 2085 3311 qui
2128 3235 2184 3297 ei
2216 3235 2394 3294 fuerit

301 3320 529 3381 aditus.
620 3320 687 3381 Si
719 3336 830 3396 per
857 3337 959 3394 se,
991 3337 1113 3395 qua
1142 3319 1518 3381 temeritate?
1548 3318 1612 3379 Si
1645 3336 1756 3393 per
1784 3320 1999 3389 alium,
2029 3335 2139 3392 per
2169 3323 2393 3390 quem?

302 3404 563 3465 Possum
594 3420 811 3465 omnes
841 3404 1107 3464 latebras
1139 3402 1556 3479 suspitionum
1582 3418 1909 3475 peragrare
1933 3400 2217 3488 dicendo:
2260 3397 2390 3483 N⁰.¹¹

300 3502 506 3556 causa,
539 3505 663 3547 nnn
690 3490 882 3556 locus,
909 3505 1029 3548 non
1057 3488 1336 3554 facultas,
1368 3502 1491 3547 non
1520 3483 1829 3550 consciuS,
1855 3497 1978 3539 non
2006 3473 2382 3544 perficiendi.
