2514 3928
237 270 363 332 270
746 265 891 326 PRO
919 267 1001 325 M.
1035 262 1451 325 MARCELLO
1488 262 1791 324 ORATIO.
2236 270 2324 328 46

237 436 372 481 mus
407 396 571 480 tuam
598 416 913 479 victoriam
954 413 1323 490 proeliorum
1374 412 1538 474 exitu
1580 411 1987 474 terminatam:
2033 415 2315 488 gladium

238 500 458 576 vagina
491 516 747 561 vacuum
778 500 836 559 in
866 500 1013 560 urbe
1043 514 1165 560 non
1203 496 1484 558 vidimus.
1558 495 1725 569 Quos
1758 495 2074 557 amisimus
2106 496 2316 572 cives,

237 601 350 647 eos
377 582 587 644 Martis
621 583 717 644 vis
747 581 1035 659 perculit,
1066 599 1187 642 non
1217 579 1309 639 ira
1335 577 1644 652 victoriae,
1677 587 1746 638 ut
1776 580 2053 639 dubitare
2080 581 2313 642 debeat

238 683 414 729 nemo
442 665 587 741 quin
617 669 868 739 multos,
911 664 965 726 si
992 665 1122 725 fieri
1156 671 1399 740 posset,
1437 663 1498 721 C.
1533 662 1758 722 Caesar
1783 663 1861 722 ab
1893 661 2104 723 inseris
2136 665 2312 725 exci-

237 759 418 825 taret,
461 749 749 824 quoniam
794 767 874 810 ex
919 749 1135 809 eadem
1175 744 1309 807 acie
1340 753 1671 806 conservat
1697 762 1856 820 quos
1886 752 2107 820 potest.
2139 814 2147 821 ,
2191 748 2308 808 Al-

238 834 424 895 terius
456 849 603 895 vero
638 832 830 909 partis
858 831 1003 892 nihil
1032 831 1295 904 amplius
1325 827 1523 889 dicam
1553 844 1753 903 quam,
1789 827 1852 888 id
1885 831 2053 902 quod
2082 846 2309 891 omnes

239 917 626 988 verebamur,
673 914 850 976 nimis
880 914 1232 975 iracundam
1267 914 1524 972 futuram
1556 909 1750 972 fuisse
1775 911 2107 972 victoriam.
2197 912 2303 975 18.

238 999 492 1073 Quidam
526 997 686 1060 enim
717 1014 838 1059 non
859 998 1053 1058 >modo
1081 994 1347 1068 armatiS‚
1376 995 1488 1055 sed
1522 992 1821 1055 interdum
1853 993 2031 1055 etiam
2073 994 2309 1056 otiosis

236 1081 616 1148 minabantur
647 1098 760 1142 nec
790 1079 937 1156 quid
969 1079 1232 1155 quisque
1261 1076 1578 1149 sensisset,
1610 1079 1723 1138 sed
1752 1076 1856 1138 ubi
1890 1076 2106 1140 fuisset
2128 1078 2296 1154 cogi-

237 1164 482 1226 tandum
513 1180 656 1224 esse
685 1163 997 1225 dicebantx
1041 1171 1107 1224 ut
1148 1160 1293 1222 mihi
1340 1160 1584 1237 quidem
1616 1159 1935 1222 videantur
1964 1160 2026 1220 di
2056 1159 2294 1223 immor·

239 1248 407 1319 tales,
437 1245 617 1308 etiam
654 1245 709 1308 si
737 1262 972 1322 poenas
1002 1262 1039 1305 a
1063 1248 1292 1321 populo
1316 1246 1592 1306 Romano
1624 1245 1704 1305 ob
1739 1242 1989 1319 aliquod
2011 1244 2301 1307 delictum

236 1328 678 1405 expetiverunt,
709 1328 815 1406 qui
855 1328 1032 1391 civile
1061 1330 1284 1390 bellum
1318 1335 1546 1389 tantum
1577 1336 1637 1389 et
1668 1335 1788 1389 tam
1819 1329 2162 1389 luctuosum
2188 1345 2296 1390 ex·

238 1414 704 1481 citaverunt,vel
721 1412 944 1489 placati
971 1411 1091 1473 iam
1121 1414 1217 1473 vel
1248 1410 1447 1472 satiati
1479 1411 1811 1487 aliquando
1843 1427 2083 1473 omnem
2119 1427 2298 1486 spem

238 1495 449 1557 salutis
478 1498 557 1557 ad
584 1493 963 1558 clementiam
995 1495 1241 1557 victoris
1273 1503 1333 1556 et
1366 1492 1730 1569 sapientiam
1755 1495 2111 1556 contulisse.

356 1578 455 1641 19.
498 1579 628 1653 Qua
658 1596 726 1640 re
754 1580 955 1655 gaude
988 1587 1089 1640 tuo
1119 1579 1237 1640 isto
1272 1587 1391 1639 tam
1420 1576 1741 1638 excellenti
1770 1578 1964 1649 bono,
2003 1586 2063 1639 et
2091 1579 2297 1639 fruere

239 1678 422 1740 quum
448 1663 687 1726 fortuna
716 1672 776 1723 et
802 1662 996 1738 gloria
1027 1670 1150 1722 tum
1177 1662 1360 1721 etiam
1390 1668 1604 1721 natura
1632 1670 1693 1722 et
1718 1660 1990 1723 moribus
2021 1661 2171 1723 tuis:
2213 1679 2297 1722 ex

241 1763 360 1821 quo
414 1744 660 1820 quidem
713 1744 1013 1804 maximus
1067 1753 1164 1804 est
1203 1743 1435 1805 fructus
1485 1742 1956 1820 iucunditasque
2011 1743 2298 1820 sapienti.
2318 1756 2335 1771 ·

235 1829 455 1890 Cetera
500 1846 689 1902 quum
736 1835 838 1888 tua
861 1826 1297 1897 recordabere,
1340 1825 1456 1887 etsi
1494 1843 1795 1902 persaepe
1832 1826 2061 1901 virtuti,
2094 1837 2293 1888 tamen

236 1908 595 2002 plerumque
625 1907 886 1973 felicitati
920 1919 1062 1972 tuae
1102 1910 1514 1986 gratulabere=
1556 1912 1634 1971 de
1684 1909 1894 1985 nobis,
1936 1926 2093 1987 quos
2133 1910 2193 1970 in
2222 1926 2295 1971 re

235 1990 478 2065 publica
501 2002 699 2052 tecum
730 1991 908 2053 simul
924 1995 1184 2066 [salvos]
1200 2009 1345 2052 esse
1367 1991 1636 2068 voluisti,
1657 1992 1940 2068 quotiens
1975 1992 2291 2068 cogitabis,

235 2071 454 2135 totiens
478 2076 556 2135 de
584 2075 861 2136 maximis
891 2078 1009 2136 tuis
1042 2074 1387 2149 beneficiis,
1421 2076 1644 2137 totiens
1677 2077 1755 2138 de
1787 2076 2125 2139 incredibili
2145 2077 2293 2137 libe-

232 2155 495 2233 ralitate,
536 2156 757 2219 totiens
801 2160 880 2219 de
921 2159 1212 2235 singulari
1252 2158 1553 2234 sapientia
1596 2168 1696 2221 tua
1752 2159 2076 2235 cogitabis:
2133 2175 2292 2235 quae

233 2256 353 2300 non
379 2242 561 2302 modo
584 2257 819 2302 summa
846 2242 1026 2312 bona,
1060 2242 1172 2302 sed
1203 2240 1480 2303 nimirum
1512 2243 1754 2304 audebo
1786 2245 1882 2303 vel
1908 2245 2040 2304 sola
2067 2242 2291 2302 dicere.

231 2323 455 2384 Tantus
484 2331 578 2384 est
602 2321 761 2383 enim
800 2324 1094 2400 splendor
1119 2324 1177 2384 in
1208 2324 1390 2386 laude
1413 2342 1574 2399 vera,
1602 2333 1766 2390 tanta
1788 2327 1847 2385 in
1878 2324 2291 2400 magnitudine

232 2403 415 2466 animi
444 2413 504 2466 et
535 2403 774 2466 consilii
804 2406 1086 2483 dignitas,
1118 2416 1184 2469 ut
1210 2410 1364 2469 haec
1393 2424 1430 2467 a
1454 2407 1672 2470 virtute
1704 2411 1945 2480 donata,
2023 2418 2220 2472 cetera
2248 2424 2290 2467 a

231 2490 472 2549 fortuna
515 2490 895 2550 commodata
930 2506 1072 2551 esse
1115 2489 1448 2554 videantur.
1535 2492 1636 2554 20.
1679 2491 1815 2553 Noli
1849 2491 2027 2567 igitur
2055 2491 2114 2551 in
2145 2507 2288 2551 con-

230 2570 549 2633 servandis
589 2571 768 2635 bonis
810 2571 957 2635 viris
998 2572 1347 2650 defetigari,
1401 2591 1523 2635 non
1564 2574 1894 2650 cupiditate
1936 2573 2288 2657 praesertim

228 2655 431 2732 aliqua
453 2666 558 2718 aut
577 2656 873 2732 pravitate
900 2656 1111 2733 lapsis
1142 2659 1253 2719 sed
1279 2656 1564 2734 opinione
1587 2658 1774 2719 officii
1798 2661 1978 2720 stulta
2007 2659 2285 2728 fortasse,

228 2750 391 2801 certe
427 2757 548 2802 non
579 2738 874 2817 improba,
908 2750 970 2803 ct
991 2738 1199 2816 specie
1230 2742 1492 2815 quadam
1521 2739 1608 2801 rei
1638 2741 1947 2817 publicae=
1978 2758 2097 2803 non
2130 2739 2287 2802 enirn

228 2831 327 2883 tua
359 2826 480 2884 ulla
508 2824 689 2899 culpa
721 2832 845 2894 est,
893 2824 944 2883 si
989 2833 1046 2885 tc
1076 2822 1264 2900 aliqui
1286 2823 1631 2896 timuerunt,
1682 2832 2017 2901 contraque
2058 2839 2289 2886 summa

230 2905 377 2976 lau8‚
414 2906 583 2980 quod
612 2905 854 2967 minime
890 2907 1216 2968 timendum
1251 2906 1443 2968 fuisse
1473 2915 1817 2969 senserunt.

348 2988 479 3047 Vll.
508 2987 609 3049 21.
641 2989 813 3050 Nunc
838 2988 1015 3050 venio
1039 2990 1118 3049 ad
1148 2989 1571 3063 gravissimam
1582 2992 1915 3066 querellam
1944 2998 2006 3050 et
2034 2988 2282 3051 atrocis-

225 3068 437 3132 simam
491 3069 896 3148 suspitionem
940 3080 1133 3132 tuam=
1184 3088 1343 3148 quae
1397 3090 1519 3134 non
1570 3072 1675 3134 tibi
1717 3071 1835 3148 ipsi
1880 3072 2073 3147 magis
2104 3088 2284 3147 quam

225 3170 410 3229 quum
439 3151 720 3214 omnibus
750 3152 986 3214 civibus
1018 3161 1140 3215 tum
1176 3153 1438 3216 maxime
1471 3157 1681 3229 nobie,
1726 3154 1829 3232 qui
1873 3173 1910 3215 a
1950 3164 2010 3217 te
2039 3170 2285 3216 conser-

225 3235 345 3296 vati
379 3252 622 3308 sumus,
667 3234 1047 3311 providenda
1074 3246 1195 3299 este
1244 3256 1424 3315 quam
1467 3237 1583 3300 etsi
1625 3255 1809 3315 spero
1858 3240 2071 3300 salsam
2126 3254 2282 3309 esse,

224 3327 421 3392 tamen
454 3335 783 3394 numquam
813 3320 1156 3382 extenuabo
1186 3320 1411 3383 verbis.
1498 3323 1627 3383 Tua
1666 3321 1824 3383 enirn
1856 3321 2056 3383 cautio
2080 3329 2282 3382 nostra

222 3401 421 3465 cautio
451 3410 574 3474 est,
623 3409 687 3464 ut
715 3402 770 3464 si
800 3401 862 3464 in
890 3404 1175 3466 alterutro
1207 3407 1585 3482 peccandum
1616 3406 1709 3478 sit,
1742 3403 1943 3466 malim
1971 3401 2168 3465 videri
2196 3401 2281 3463 ni-

223 3485 334 3547 mis
365 3486 610 3548 timidus
644 3503 823 3561 quam
855 3504 1069 3562 parum
1097 3490 1387 3564 prudens.
1440 3487 1562 3550 Sed
1595 3488 1875 3563 quisnam
1905 3496 2001 3549 est
2022 3486 2138 3548 iste
2164 3493 2279 3548 tam
