2514 3928
363 225 490 290 284
950 220 1099 284 PRO
1130 221 1199 297 Q.
1231 221 1549 284 LIGARIO
1582 222 1889 284 ORATIO.
2434 238 2486 291 61,

361 373 629 454 quodvis
660 373 942 436 exsilium
976 374 1073 436 his
1108 382 1203 435 est
1230 375 1497 450 optatius
1531 390 1711 450 quam
1745 372 2168 449 patria,¹quam
2199 376 2486 450 domus¹

360 476 544 534 quam
576 456 637 518 di
672 468 955 532 penates,
1002 475 1126 519 uno
1157 456 1262 518 illo
1292 461 1632 529 exsulante.
1721 456 1787 517 Si
1824 459 2115 532 fraterne,
2147 456 2202 518 si
2241 460 2394 533 pie,
2438 458 2486 520 si

360 558 497 602 cum
552 541 768 603 dolore
828 540 1085 617 i’aciunt,
1144 551 1433 603 moveant
1471 552 1531 603 te
1572 541 1786 602 horum
1827 541 2143 615 lacrimae,
2198 553 2485 603 moveat

363 626 589 702 pietaS,
633 635 875 687 moveat
916 624 1315 700 germanitase
1361 626 1560 687 valeat
1600 635 1702 686 tua
1746 641 1870 685 vox
1912 624 2044 700 illa,
2091 640 2267 700 quae
2295 625 2476 687 vicit.

358 711 441 770 Te
486 707 645 769 enim
690 710 896 770 dicere
936 708 1337 770 audiebamus
1380 726 1494 770 nos
1523 724 1737 770 omnes
1765 708 2161 769 adversarios
2203 717 2469 784 putare,

357 791 474 853 nisi
517 791 620 868 qui
662 792 979 854 uobiscum
1026 801 1266 854 essent:
1315 801 1372 853 tc
1419 809 1664 864 omneS,
1715 791 1820 867 qui
1849 801 2061 853 contra
2090 801 2148 852 te
2182 809 2323 854 non
2365 811 2467 854 es-

356 885 515 950 sent,
554 884 710 937 tuos.
800 875 1076 936 Videsne
1103 876 1283 952 igitur
1311 875 1473 936 hunc
1501 875 1894 952 splendorem
1928 875 2229 948 omnium,
2289 877 2461 938 hanc

357 958 772 1020 Brocchorum
816 960 1092 1032 domum,
1134 959 1296 1020 hunc
1341 961 1406 1019 L.
1444 959 1770 1032 Marcium,
1827 958 1890 1019 Ο.
1933 959 2328 1034 Caesetium,
2398 963 2459 1020 L.

357 1040 717 1116 Corfidium,
758 1041 876 1103 hos
917 1057 1133 1111 omnes
1178 1041 1419 1116 equites
1460 1045 1801 1114 Romanos,
1847 1041 1953 1118 qui
1992 1042 2222 1103 adsunt
2270 1054 2457 1106 veste

356 1133 612 1196 mutata,
658 1141 778 1185 non
815 1126 1014 1187 solum
1058 1134 1237 1188 notos
1280 1125 1413 1199 tibi,
1458 1143 1669 1188 verum
1710 1128 1889 1188 etiam
1925 1126 2219 1201 probatos
2250 1127 2452 1200 virm,

356 1207 460 1282 qui
506 1215 703 1269 tecum
752 1209 1035 1271 suerunt?
1072 1212 1278 1285 Atque
1320 1209 1414 1270 his
1446 1210 1874 1277 irascebamur,
1918 1210 2034 1271 hos
2076 1210 2450 1284 requireba-

355 1307 522 1366 mus,
572 1290 669 1352 his
715 1309 838 1354 non
877 1293 1024 1354 nulli
1053 1293 1233 1354 etiam
1265 1292 1665 1355 minabantur.
1753 1292 2064 1354 conserva
2098 1292 2295 1369 igitur
2326 1298 2445 1356 tuis

275 1417 282 1421 -
356 1390 537 1450 suos,
578 1384 671 1448 ut,
724 1393 903 1452 quem
926 1378 1006 1437 ad
1036 1378 1284 1440 modum
1351 1387 1570 1451 cetera,
1603 1393 1764 1452 quae
1791 1376 1952 1437 dicta
1986 1385 2127 1438 sunt
2157 1394 2199 1437 a
2230 1384 2319 1451 te,
2354 1379 2444 1438 sie

357 1457 471 1520 hoc
518 1459 901 1521 verissimum
942 1460 1298 1538 reperiatur.
1380 1461 1508 1520 XII.
1552 1458 1654 1521 34.
1700 1458 1876 1534 Quod
1916 1458 1969 1520 si
2018 1460 2266 1536 penitus
2304 1479 2441 1537 per·

356 1540 607 1618 spicere
639 1550 864 1620 'posses
894 1546 1284 1607 concordiam
1313 1544 1703 1620 Ligariorum,
1729 1559 1942 1604 omnes
1974 1545 2193 1606 fratres
2231 1551 2437 1606 tecum

358 1623 661 1687 iudicares
708 1627 918 1689 fuisse.
1003 1631 1100 1688 An
1141 1636 1345 1704 potest
1386 1627 1710 1705 quisquam
1739 1626 2017 1688 dubitare
2048 1627 2227 1702 quin,
2275 1628 2337 1688 si
2370 1628 2433 1702 Q.
2484 1650 2485 1733 ᾖ

354 1707 626 1785 Ligarius
671 1710 727 1768 in
762 1710 930 1771 italia
975 1728 1119 1772 esse
1164 1710 1501 1786 potuisset,
1539 1711 1597 1772 in
1628 1712 1843 1772 eadem
1872 1710 2176 1772 sententia
2211 1710 2434 1773 suisset
2484 1738 2485 1793 χ

354 1792 619 1866 ruturuS,
663 1792 723 1853 in
754 1810 877 1868 qua
913 1797 1128 1855 fratres
1161 1797 1442 1856 suerunt?
1480 1795 1625 1869 Quis
1655 1803 1752 1856 est
1779 1793 1884 1869 qui
1917 1793 2130 1855 horum
2160 1811 2427 1856 eonsen-

354 1891 486 1934 sum
516 1876 966 1950 conspirantem
996 1888 1055 1939 et
1087 1895 1285 1954 paene
1314 1878 1642 1940 conflatum
1688 1876 1748 1939 in
1784 1877 1908 1938 hac.
1928 1892 2123 1954 prope
2152 1876 2418 1953 aequali-

352 1963 472 2018 tate
503 1959 765 2021 l'raterna
793 1978 914 2023 non
951 1961 1231 2023 noverit?
1261 1961 1366 2038 qui
1399 1963 1520 2024 hoc
1548 1980 1670 2025 non
1704 1960 1940 2033 sentiat,
1973 1960 2219 2038 quidvis
2251 1960 2424 2038 prius
2484 2011 2485 2026 ,

352 2041 615 2103 futurum
648 2044 866 2118 fuisse,
912 2063 1091 2121 quam
1131 2056 1198 2108 ut
1226 2046 1284 2107 hi
1316 2048 1532 2108 fratres
1561 2047 1838 2108 diversas
1868 2047 2201 2108 sententias
2236 2046 2420 2107 tortu·
2484 2069 2485 2092 ³

350 2141 591 2201 nasque
628 2137 1073 2205 sequerentur?
1112 2132 1440 2192 voluntate
1468 2130 1884 2205 igituromnes
1915 2138 2113 2198 tecum
2145 2130 2419 2191 fuerunte

349 2215 715 2283 tempestate
743 2212 1035 2289 abreptus
1064 2221 1161 2275 est
1188 2230 1378 2288 unuS,
1422 2214 1525 2289 qui
1553 2212 1609 2274 si
1638 2212 1894 2274 consilio
1926 2213 1986 2272 id
2023 2210 2290 2285 fecisset,
2325 2230 2418 2274 es·

348 2300 444 2352 set
472 2309 682 2353 eorum
714 2295 957 2370 similis,
1007 2312 1165 2372 quos
1208 2304 1273 2357 tu
1325 2305 1523 2357 tamen
1550 2299 1758 2358 salvos
1791 2312 1935 2357 esse
1964 2295 2229 2358 voluisti.
2317 2296 2414 2359 35.

349 2373 475 2434 Sed
505 2374 637 2435 ierit
658 2377 736 2436 ad
759 2376 1000 2453 bellum,
1039 2377 1405 2442 dissenserit
1433 2397 1555 2441 nou
1587 2397 1625 2441 a
1650 2389 1712 2443 te
1745 2381 1963 2453 solum,
1995 2396 2209 2441 verum
2237 2381 2414 2441 etiam

343 2473 383 2517 ‘a
413 2456 729 2521 fratribus:
771 2461 831 2521 hi
879 2471 936 2523 te
976 2472 1153 2524 orant
1190 2462 1297 2524 tui.
1380 2463 1714 2540 Equidem,
1755 2481 1943 2539 quum
1982 2461 2100 2525 tuis
2131 2461 2410 2524 omnibus

348 2539 611 2616 negotiis
633 2542 638 2566 ⁷
660 2542 1037 2621 interessem,
1061 2545 1363 2610 memoria
1393 2556 1573 2609 teneo
1598 2546 1798 2623 qualis
1826 2546 1892 2608 Τ.
1919 2545 2199 2622 Ligarius
2229 2562 2407 2622 quae·

339 2634 475 2685 stor
502 2625 771 2688 urbanus
808 2628 984 2690 ruerit
1012 2648 1157 2706 erga
1185 2640 1243 2692 te
1272 2639 1334 2692 et
1370 2629 1720 2707 dignitatem
1765 2640 1952 2692 tuam.
2038 2629 2164 2691 Sed
2201 2646 2408 2706 pamm

343 2718 439 2770 est
475 2724 574 2769 me
604 2710 720 2771 hoc
749 2710 1127 2787 meminisse,
1157 2731 1345 2791 spero
1374 2714 1551 2776 etiam
1583 2723 1661 2788 te,
1693 2715 1797 2790 qui
1828 2712 2110 2775 oblivisci
2137 2711 2281 2774 nihil
2310 2730 2407 2774 so-

341 2792 432 2853 les
463 2792 581 2853 nisi
611 2793 891 2873 iniurias,
933 2797 1216 2873 quoniam
1260 2797 1378 2859 hoc
1406 2805 1503 2859 est
1526 2796 1743 2873 animi,
1787 2797 2074 2874 quoniam
2115 2796 2294 2858 etiam
2323 2798 2403 2856 in·

341 2875 507 2949 genii
537 2876 639 2951 tui,
671 2887 730 2939 te
762 2878 993 2958 aliquid
1023 2882 1101 2942 de
1120 2882 1312 2942 huius
1344 2880 1445 2941 illo
1481 2879 1837 2957 quaestorio
1866 2879 2091 2955 officio,
2122 2879 2297 2941 etiam
2328 2882 2405 2940 de

335 2956 475 3016 aliis
508 2958 873 3033 quibusdam
904 2964 1336 3039 quaestoribus
1364 2965 1870 3037 reminiscentem,
1902 2962 2232 3025 recordari.
2303 2963 2400 3025 36-

344 3040 452 3099 Hie
486 3037 666 3115 igitur
695 3046 759 3102 T.
790 3044 1087 3120 Ligarius,
1117 3046 1223 3121 qui
1254 3054 1376 3108 tum
1409 3049 1553 3108 nihil
1584 3048 1707 3123 egit
1727 3048 1892 3110 aliud
1915 3080 1999 3093 —
2026 3063 2226 3122 neque
2249 3046 2401 3107 enim

341 3121 493 3182 haec
527 3122 953 3201 divinabat—‚
982 3126 1101 3188 nisi
1128 3135 1196 3188 ut
1219 3144 1361 3189 eum
1385 3127 1471 3191 tui
1492 3130 1842 3192 studiosum
1865 3138 1926 3192 et
1955 3132 2183 3191 bonum
2217 3128 2401 3190 virum

338 3202 663 3280 iudicares,
693 3223 853 3268 nunc
873 3224 911 3267 a
940 3216 998 3270 te
1020 3212 1283 3286 supplex
1312 3212 1511 3274 fratris
1539 3216 1792 3275 salutem
1825 3214 2001 3292 petit=
2027 3230 2208 3289 quam
2219 3212 2401 3274 huius

337 3286 680 3383 admonitus
728 3289 933 3351 officio
979 3309 1165 3368 quum
1211 3294 1490 3372 utrisque
1541 3295 1639 3357 his
1686 3297 1965 3371 dederis»,
2016 3306 2141 3359 tres
2194 3297 2399 3358 “atres

338 3377 602 3442 optimos
634 3379 692 3433 et
719 3371 1142 3450 integerrimos
1173 3394 1296 3439 non
1326 3381 1527 3441 solunt
1556 3379 1675 3441 sibi
1716 3380 1893 3457 ipsos
1938 3383 2143 3456 neque
2182 3379 2276 3440 his
2316 3387 2398 3441 tot

329 3465 409 3509 ac
452 3452 671 3514 talibus
713 3455 862 3519 virts
904 3475 1107 3537 neque
1145 3462 1324 3523 nobis
1354 3462 1723 3524 necessariis
1752 3463 1914 3537 suis,
1957 3464 2071 3526 sed
2109 3462 2288 3524 etiam
2310 3462 2393 3523 rei
