2514 3928
199 174 325 237 422
493 175 572 233 IN
596 173 677 233 M.
709 173 1114 234 ANTONIUM
1143 176 1427 234 ORATIO
1455 173 1881 234 PHILIPPICA
1908 176 1982 235 X.
2034 249 2039 252 .
2185 184 2307 237 124

196 325 299 385 illa
330 321 581 385 taetrius
610 324 834 383 belua?
878 320 1024 397 quid
1056 320 1424 382 immanius?
1467 320 1572 397 qui
1607 322 1686 381 ob
1723 339 1858 383 eam
1888 338 2145 383 causam
2179 342 2296 384 na·

194 417 293 469 tus
324 407 588 480 videtur,
636 422 713 466 ne
745 407 1011 467 omnium
1053 405 1393 466 mortalium
1431 406 1818 479 turpissimus
1846 414 2017 466 esset
2037 405 2126 465 Μ.
2156 409 2302 467 An·

197 489 417 551 toniuS.
501 490 614 550 Est
646 507 765 550 una
792 488 1157 560 TrebelliuS,
1197 488 1303 563 qui
1337 489 1455 547 iam
1489 504 1622 547 cum
1656 488 1878 548 tabulis
1909 488 2090 549 novis
2126 489 2305 550 redit

194 574 253 633 in
296 574 580 648 gratiam:
636 574 703 632 T.
733 573 994 632 Plancus
1023 580 1083 632 et
1113 570 1301 631 ceteri
1345 588 1557 646 pares:
1605 570 1710 645 qui
1755 571 1816 631 id
1860 582 2169 647 pugnant,
2228 572 2298 632 id

194 667 410 731 agunt,
470 665 536 717 ut
591 665 803 724 contra
858 672 987 716 rem
1048 654 1355 731 publicam
1412 654 1671 716 restituti
1726 671 1872 715 esse
1932 656 2296 716 videantur.

192 736 268 799 Et
297 736 624 797 sollicitant
669 738 947 797 homines
995 737 1311 811 imperitos
1345 739 1511 797 Saxa
1555 749 1614 797 et
1657 738 1836 812 Cafo,
1878 736 1999 813 ipsi
2062 737 2297 800 rustici

192 826 377 894 atque
399 827 695 896 agresteS,
728 820 835 896 qui
860 820 1019 880 hanc
1047 836 1175 880 rem
1199 820 1506 896 publicam
1534 837 1650 881 nec
1681 820 1963 882 viderunt
1982 838 2295 896 umquam

193 919 308 963 nec
340 903 548 965 videre
577 905 966 965 constitutam
998 905 1223 976 volunt,
1249 903 1365 980 ,qui
1396 920 1517 965 non
1550 902 1849 977 Caesaris,
1880 905 1993 965 sed
2021 905 2293 965 Antonii

191 995 327 1047 acta
357 987 709 1061 defendunt,
744 1003 904 1061 quos
939 987 1157 1047 avertit
1186 986 1317 1062 agri
1342 986 1629 1063 Campani
1659 987 1894 1048 infinita
1924 988 2293 1062 possessio,

192 1070 366 1130 cuius
410 1087 522 1131 eos
564 1087 684 1130 non
729 1071 964 1145 pudere
1010 1069 1304 1142 demiror,
1351 1088 1533 1145 quum
1579 1070 1825 1131 videant
1863 1087 1933 1132 se
1962 1072 2191 1132 mimos
2224 1077 2294 1131 et

190 1154 405 1212 mimas
436 1154 662 1214 habere
690 1152 948 1213 vicinos.
1035 1154 1132 1213 XI.
1171 1152 1271 1216 23.
1316 1155 1414 1213 Ad
1445 1154 1557 1214 has
1590 1163 1800 1228 pestes
1831 1154 2288 1229 opprimendas

191 1252 299 1296 cur
328 1238 583 1296 moleste
616 1237 911 1311 feramuS,
961 1238 1128 1312 quod
1160 1237 1241 1297 M.
1273 1236 1445 1297 Bruti
1476 1236 1742 1298 accessit
1768 1236 2123 1299 exercitus?
2169 1237 2285 1298 im-

190 1319 517 1393 moderati,
571 1320 790 1394 credo,
841 1319 1103 1384 hominis
1145 1328 1205 1380 et
1244 1320 1600 1381 turbulenti:
1657 1319 1863 1381 videte
1902 1337 1980 1380 ne
2020 1320 2283 1380 nimium

190 1419 390 1478 paene
420 1401 723 1478 patientIs.
808 1403 940 1464 Etsi
970 1402 1030 1462 in
1058 1402 1218 1463 illius
1250 1404 1358 1462 viri
1394 1403 1666 1463 consiliis
1695 1412 1880 1478 atque
1911 1402 2087 1464 factis
2123 1403 2280 1464 nihil

188 1501 303 1547 nec
350 1485 597 1547 nimium
645 1502 759 1546 nec
806 1504 1019 1562 parum
1060 1502 1350 1561 umquam
1382 1485 1506 1547 suit.
1597 1486 1806 1548 Omnis
1857 1488 2146 1556 voluntas
2190 1486 2280 1547 Μ.

186 1567 385 1642 Bruti,
435 1580 639 1644 patres
668 1569 1027 1645 conscripti,
1061 1571 1260 1629 omnis
1294 1568 1609 1644 cogitatio,
1642 1578 1767 1631 tota
1802 1587 1974 1630 mens
2003 1570 2277 1633 auctori·

189 1661 368 1713 tatem
401 1663 669 1726 senatuS,
702 1652 1036 1715 libertatem
1059 1652 1272 1728 populi
1294 1652 1550 1713 Romani
1575 1653 1864 1714 intuetur=
1900 1653 2056 1713 haec
2085 1654 2283 1714 habet

192 1736 526 1811 proposita,
557 1738 710 1797 haec
740 1736 894 1797 tueri
916 1738 1062 1797 vult.
1115 1734 1454 1810 Temptavit
1477 1736 1625 1811 quid
1647 1735 1938 1812 patientia
1965 1737 2277 1814 perficere

191 1828 433 1894 posset:
490 1819 634 1879 nihil
679 1837 863 1894 quum
905 1820 1260 1895 proficeret,
1303 1817 1366 1877 vi
1406 1828 1618 1879 contra
1655 1820 1773 1879 vim
1818 1820 2272 1893 experiundum

187 1901 438 1978 putavit.
528 1901 637 1963 Cui
666 1902 940 1978 quidem,
981 1911 1187 1978 patres
1222 1900 1584 1977 conscripti,
1627 1919 1742 1962 vos
1770 1902 1931 1963 idem
1967 1903 2086 1963 hoc
2120 1913 2267 1963 tem-

188 2002 340 2060 pore
375 1985 643 2048 tribuere
670 1988 935 2061 debetis,
968 1987 1133 2061 quod
1166 2003 1221 2046 a.
1254 1986 1312 2045 d.
1340 2002 1474 2044 xm.
1503 1987 2163 2049 Kalendas.1anuarias
2198 1988 2272 2047 D.

184 2070 372 2131 Bruto
424 2070 484 2130 C.
531 2070 774 2132 Caesari
818 2087 914 2130 me
965 2078 1218 2130 auctore
1267 2068 1594 2130 tribuistis:
1651 2086 1908 2144 quorum
1962 2070 2275 2145 privatum

190 2153 265 2213 de
294 2170 361 2213 rc
390 2154 634 2229 publica
665 2153 985 2214 consilium
1008 2159 1070 2213 et
1093 2153 1322 2213 *sactum
1351 2153 1709 2214 auctoritate
1741 2162 1944 2213 vestra
1974 2163 2069 2215 est
2096 2169 2270 2214 com-

185 2237 507 2311 probatum
551 2247 736 2312 atque
778 2237 1106 2297 laudatum.
1193 2234 1296 2298 24.
1340 2235 1517 2310 Quod
1559 2236 1719 2295 idem
1754 2237 1812 2295 in
1842 2236 1923 2295 Μ.
1953 2237 2144 2297 Bruto
2183 2239 2267 2296 fa-

186 2335 327 2382 cere
360 2319 630 2394 debetis,
672 2337 710 2378 a
759 2336 881 2394 quo
924 2319 1299 2394 insperatum
1343 2327 1402 2378 et
1441 2323 1819 2394 repentinum
1857 2319 1944 2380 rei
1979 2320 2267 2395 publicae

184 2401 558 2478 praesidium
579 2402 908 2478 legionum,
942 2401 1268 2478 equitatuS,
1298 2402 1660 2465 auxiliorum
1683 2419 1943 2479 magnae
1965 2412 2028 2464 et
2050 2404 2265 2464 firmae

186 2487 404 2562 copiae
431 2493 822 2561 comparatae
853 2495 1025 2548 sunt:
1070 2485 1496 2562 adiungendus
1530 2494 1626 2546 est
1647 2486 1715 2561 Ω.
1737 2486 2119 2558 HortensiuS,
2158 2504 2263 2562 qm

186 2588 372 2647 quum
400 2569 821 2632 Macedoniam
852 2569 1178 2641 obtineret,
1210 2569 1546 2631 adiutorem
1581 2586 1650 2629 se
1676 2570 1865 2630 Bruto
1900 2570 1977 2629 ad
2012 2585 2264 2645 compa·

181 2654 438 2716 randum
482 2653 815 2715 exercitum
860 2653 1221 2715 fidissimum
1267 2662 1327 2713 et
1366 2651 1926 2714 constantissimum
1963 2652 2261 2727 praebuit.

181 2738 328 2798 Nam
358 2740 436 2800 de
472 2739 551 2799 Μ.
581 2736 847 2813 Apuleio
900 2737 1226 2812 separatim
1252 2751 1483 2796 censeo
1513 2737 1929 2796 referendum:
1968 2734 2066 2795 cui
2086 2735 2262 2796 testis

183 2830 279 2882 est
309 2839 418 2896 per
445 2823 674 2884 litteras
703 2822 785 2882 M.
814 2823 1059 2892 BrutuS,
1094 2836 1232 2881 eum
1269 2817 1608 2894 principem
1638 2819 1831 2879 fuisse
1864 2819 1939 2877 ad
1973 2827 2264 2879 conatum

182 2904 490 2965 exercitus
538 2905 955 2980 comparandi.
1041 2903 1144 2965 25.
1189 2904 1375 2976 Quae-
1407 2919 1594 2977 quum
1643 2901 1742 2971 ita,
1779 2900 1930 2975 sint,
1981 2901 2148 2976 quod
2198 2900 2262 2962 C.

179 2987 378 3047 Pansa
428 2990 642 3048 consul
697 2988 884 3048 verba
933 2985 1075 3047 fecit
1123 2987 1200 3045 de
1245 2984 1491 3059 litteriS,
1546 3001 1706 3059 quae
1751 3001 1788 3044 a
1835 2983 1904 3059 Q.
1948 2983 2262 3059 Caepione

179 3071 367 3130 Bruto
411 3087 524 3144 pro
565 3071 820 3130 consule
862 3071 1101 3130 adlatae
1142 3077 1202 3128 et
1245 3067 1304 3127 in
1353 3068 1472 3129 hoc
1514 3069 1728 3128 ordine
1773 3067 2063 3128 recitatae
2092 3078 2258 3141 sunt,

182 3154 260 3211 de
302 3168 376 3211 ea
421 3169 489 3211 re
532 3151 612 3212 ita
644 3167 901 3212 censeo=
947 3154 1138 3226 Quum
1181 3151 1246 3224 Q.
1283 3150 1609 3225 Caepionis
1638 3151 1807 3212 Bruti
1849 3166 1963 3226 pro
2000 3153 2259 3213 consule

182 3250 399 3308 opera,
443 3233 734 3310 consilio,
786 3233 1110 3308 industria,
1160 3233 1382 3294 virtute
1435 3232 1792 3295 difficillimo
1831 3233 1921 3294 rei
1973 3232 2259 3307 publicae

182 3320 463 3387 tempore
479 3315 793 3389 provincia
813 3317 1179 3378 Macedonia
1196 3325 1259 3378 et
1273 3317 1583 3394 lllyricum
1599 3324 1661 3377 et
1678 3326 1901 3378 cuncta
1914 3318 2170 3379 Graecia
2192 3331 2255 3380 et

184 3395 478 3469 legiones,
504 3398 831 3470 exercituS,
858 3401 1165 3475 equitatus
1188 3401 1249 3459 in
1275 3402 1614 3474 consulum,
1636 3409 1889 3463 senatus
1911 3400 2258 3479 populique
