2514 3928
107 172 231 228 141
501 253 511 262 ἡ
846 164 1237 225 CAP.1—2.
1273 169 1552 230 §.1-5
2127 168 2261 230 439

104 315 284 379 item
336 325 636 387 vestram,
693 316 859 393 quod
902 315 1153 375 domum
1186 312 1438 373 Antonii
1469 314 1777 377 adflictam
1812 316 2115 379 maestitia
2145 336 2254 380 au-

105 401 422 476 diebam,
455 398 771 463 lamentari
806 414 1093 459 uxorem:
1140 396 1237 457 hic
1272 395 1452 460 etiam
1487 399 1758 460 fautores
1786 400 2057 473 Antonii,
2097 420 2253 477 quo-

110 502 279 545 rum
312 484 379 543 in
413 486 585 547 vultu
613 482 885 544 habitant
914 480 1075 542 oculi
1108 479 1246 555 mei,
1279 480 1584 543 tristiores
1617 482 1924 546 videbam.
1977 485 2038 547 3.
2074 488 2250 561 Quod

111 568 184 630 si
223 584 363 628 non
396 569 481 629 ita
509 576 633 641 est,
677 585 788 629 cur
823 586 863 629 a
902 567 1127 630 Pisone
1174 576 1233 627 et
1282 564 1507 627 Caleno
1536 564 1957 642 potissimum,
1993 585 2102 630 cur
2132 572 2255 633 hoc

115 665 466 726 tempore,
498 668 607 717 cur
635 661 754 713 tam
786 650 1143 729 improvis0,
1183 664 1295 709 cur
1321 656 1445 709 tam
1474 659 1732 725 repente
1763 650 1935 726 pacis
1966 661 2063 713 est
2091 656 2253 716 facta

123 734 430 815 mentio?
483 737 680 812 Negat
699 734 843 795 Piso
876 733 1036 796 scire
1066 748 1155 807 se,
1185 740 1370 807 negat
1389 734 1644 802 audisse
1670 733 2041 810 quidquam:
2071 748 2254 813 negat

113 822 422 881 Calenus
454 836 579 879 rem
615 821 799 881 ullam
834 835 1060 881 novam
1090 818 1358 878 adlatam
1390 834 1557 879 esse.
1613 820 1822 894 Atque
1855 819 1917 879 id
1938 836 2117 880 ¹nunc
2147 839 2249 882 ne-

119 913 309 979 gant,
349 912 573 979 postea
601 920 784 979 quam
819 921 934 965 nos
962 899 1384 979 pacificatoria
1421 902 1725 977 legatione
1760 901 2109 978 implicatos
2143 922 2253 980 pu-

123 997 292 1049 tant.
361 986 517 1062 Quid
548 1004 698 1063 ergo
731 980 895 1063 opu's
931 993 1030 1047 est
1057 1001 1219 1047 novo
1257 985 1626 1058 consilio,·si
1662 986 1723 1045 in
1745 1003 1814 1047 re
1834 985 2252 1050 nihilomnino

129 1070 296 1132 novi
330 1080 472 1134 est?
556 1073 629 1132 11.
661 1070 950 1148 Decepti,
983 1070 1261 1145 decepti,
1289 1067 1557 1145 inquam,
1595 1087 1830 1146 sumuS,
1864 1078 2073 1147 patres
2106 1089 2253 1133 con-

129 1155 395 1231 scripti:
440 1154 691 1217 Antonii
731 1165 828 1217 est
867 1164 1004 1217 acta
1034 1170 1226 1215 causa
1261 1154 1339 1212 ab
1369 1154 1582 1215 amicis
1616 1153 1782 1231 eius,
1823 1172 1950 1215 non
1988 1157 2252 1232 publica.

133 1241 327 1315 Quod
365 1239 647 1302 videbam
678 1238 987 1316 equidem,
1025 1240 1139 1299 sed
1173 1236 1352 1313 quasi
1384 1254 1495 1313 per
1524 1238 1875 1314 caliginem:
1920 1240 2252 1314 praestrin-

141 1333 331 1385 xerat
365 1324 570 1385 aciem*
604 1323 790 1385 animi
815 1325 887 1386 D.
918 1321 1090 1384 Bruti
1123 1324 1315 1383 salus.
1405 1322 1583 1396 Quod
1623 1322 1675 1384 si
1707 1323 1770 1383 in
1797 1325 1961 1390 bello
2000 1325 2132 1385 dari
2164 1326 2250 1386 vi-

136 1408 302 1469 carii
333 1411 634 1481 solerent,
670 1407 929 1470 libenter
957 1423 1084 1481 me,
1117 1416 1185 1468 ut
1217 1408 1290 1467 D.
1319 1407 1543 1468 Brutus
1574 1405 1964 1481 emitteretur,
2001 1425 2116 1484 pro
2145 1408 2249 1471 illo

144 1493 386 1553 includi
430 1501 694 1569 paterer.
778 1493 839 1554 4.
883 1495 1090 1567 Atque
1131 1491 1245 1550 hac
1289 1507 1443 1552 voce
1485 1491 1552 1566 Q.
1593 1492 1750 1553 Fufii
1795 1492 1957 1568 capti
2000 1510 2249 1555 sumus=

145 1578 241 1637 Ne
275 1576 330 1637 si
372 1594 408 1636 a
441 1576 673 1638 Mutina
704 1576 953 1652 quidem
988 1574 1348 1653 recesserit,
1390 1577 1714 1637 audiemus
1743 1577 2122 1639 Antonium?
2172 1595 2252 1639 ne

148 1662 208 1721 si
252 1660 313 1720 in
367 1670 621 1723 senatus
666 1663 914 1737 quidem
964 1667 1266 1735 potestate
1298 1661 1572 1721 >futurum
1605 1678 1676 1721 se
1709 1659 1973 1724 dixerit?
2019 1663 2250 1723 Durum

153 1744 497 1806 videbatur.
572 1747 787 1822 ltaque
822 1746 995 1805 fracti
1027 1761 1274 1805 sumus=
1323 1743 1648 1806 cessimus.
1714 1745 1975 1807 Recedit
2004 1745 2186 1820 igitur
2214 1764 2253 1807 a

160 1829 431 1890 Mutina?
472 1828 716 1891 Nescio.
790 1830 968 1891 Paret
999 1827 1284 1890 senatui?
1327 1829 1540 1901 Credo,
1571 1828 1770 1905 inquit
1800 1831 2095 1891 Calenus:
2137 1833 2252 1891 sed

155 1913 272 1985 ita,
317 1920 381 1974 ut
415 1921 616 1974 teneat
651 1913 1022 1990 dignitatem.
1092 1916 1291 1974 Valde
1322 1912 1606 1974 hercules
1636 1912 1817 1980 vobis
1847 1914 2252 1981 laborandum

155 2006 286 2070 cst,
329 2006 535 2072 patres
566 1998 930 2075 conscripti,
964 2007 1032 2059 ut
1065 2005 1336 2059 vestram
1365 1997 1718 2072 dignitatem
1749 2000 2053 2074 amittam,
2092 2016 2252 2075 quae

159 2081 430 2141 maxima
460 2091 582 2143 est=
621 2081 892 2158 Antonii,
924 2099 1084 2158 quae
1112 2098 1317 2157 neque
1348 2091 1445 2143 est
1471 2083 1596 2143 ulla
1621 2099 1825 2159 neque
1850 2099 1995 2144 esse
2022 2092 2247 2158 potest,

159 2163 503 2238 retineatis,
553 2174 619 2227 ut
659 2183 798 2231 eam,
823 2183 933 2243 per
962 2183 1076 2228 vos
1102 2175 1459 2242 recuperet,
1503 2183 1686 2242 quarn
1720 2182 1835 2242 per
1865 2183 1936 2227 se
1966 2167 2250 2243 perdidit.

164 2248 231 2310 Si
264 2249 470 2309 iacens
502 2249 824 2311 vobiscum
854 2252 1084 2327 aliquid
1113 2260 1356 2326 ageret,
1387 2251 1661 2312 audirem
1696 2252 1993 2313 fortasse=
2040 2267 2251 2328 quam-

168 2349 347 2406 quam
381 2377 562 2393 ......
594 2334 709 2396 sed
739 2336 856 2415 hoc
885 2338 1046 2397 malo
1076 2336 1303 2407 dicere,
1345 2336 1641 2396 audirem.
1729 2334 1923 2397 Stanti
1958 2337 2249 2398 resisteu-
2314 2360 2315 2363 ¹

160 2419 307 2478 dum
348 2427 443 2479 est
483 2428 589 2480 aut
626 2420 1027 2482 concedenda
1056 2437 1177 2480 una
1212 2436 1353 2480 cum
1380 2418 1676 2494 >dignitate
1710 2420 1980 2481 libertaS.
2069 2420 2128 2482 5.
2169 2423 2254 2480 At

161 2519 285 2565 non
317 2512 410 2565 est
436 2500 759 2582 integrum.
849 2504 1193 2568 constit-uta
1223 2505 1447 2582 legatio
1486 2512 1598 2566 est.
1673 2503 1826 2578 Quid
1860 2511 2064 2564 autem
2119 2521 2239 2564 non

166 2585 462 2664 integrum
509 2597 609 2650 est
658 2588 951 2665 sapienti,
1000 2593 1167 2664 quod
1207 2589 1443 2649 restitui
1485 2589 1735 2670 potest?
1789 2586 2072 2648 cuiusvis
2135 2587 2244 2646 ho·

161 2671 337 2731 minis
377 2678 473 2733 est
518 2689 753 2734 errare:
808 2672 1034 2734 nullius
1078 2670 1196 2732 nisi
1236 2671 1580 2746 insipientis
1623 2668 1683 2728 in
1714 2683 1924 2729 errore
1956 2682 2240 2741 perseve-

164 2770 315 2814 rare.
396 2748 783 2819 Posteriores
826 2755 985 2817 enim
1028 2756 1460 2832 cogitationeS,
1504 2760 1571 2816 ut
1597 2752 1796 2826 aiunt,
1837 2749 2247 2827 sapientiores

166 2839 358 2900 solent
388 2854 553 2901 esse.
625 2842 928 2902 Discussa
957 2850 1053 2901 est
1079 2838 1183 2900 illa
1209 2838 1428 2914 caligo,
1460 2854 1645 2914 quam
1680 2838 1887 2913 paullo
1919 2845 2060 2897 ante
2087 2834 2245 2919 dixi:

166 2919 401 2998 diluxit,
435 2933 620 2999 patet,
653 2920 935 2986 videmus
966 2924 1189 3000 omnia,
1218 2939 1424 2998 neque
1447 2939 1559 2998 per
1590 2938 1710 2983 nos
1739 2935 1957 2994 sonum,
1994 2930 2108 2981 seu
2139 2920 2247 2980 ad-

171 3023 474 3068 monemur
516 3025 553 3067 a
591 3008 842 3070 nostris.
928 3007 1296 3070 Attendistis
1325 3009 1533 3083 paullo
1565 3014 1706 3068 ante
1737 3002 2248 3082 praestantissimi

176 3088 280 3150 viri
331 3109 489 3167 quae
515 3122 518 3127 ·
544 3101 716 3154 esset
754 3094 970 3155 oratio.
1054 3093 1387 3164 Maestam‚
1438 3091 1659 3167 inquit,
1703 3091 1951 3151 domum
1997 3086 2250 3161 offendi,

107 3186 118 3188 ’
173 3182 502 3253 coniugem,
526 3176 776 3238 liberos
822 3176 1301 3238 Admirabantur
1322 3176 1465 3237 boni
1488 3191 1626 3249 viri
1648 3175 2026 3236 accusabant
2047 3189 2250 3245 amici,

180 3259 331 3333 quod
360 3277 488 3334 spe
504 3261 677 3336 pacis
699 3264 801 3336 leg
802 3259 1066 3323 ationem
1092 3257 1536 3335 suscepissem.
1595 3260 1722 3327 Nec
1746 3258 1982 3330 mirum,
2013 3257 2077 3316 P.
2104 3255 2247 3316 Ser-

181 3342 289 3401 vili
365 3343 512 3406 'luis
554 3345 715 3405 enim
759 3344 1096 3407 verissimis
1146 3343 1655 3421 gravissimisque
1709 3341 2026 3403 sententiis
2081 3336 2249 3399 omni

176 3434 267 3488 est
299 3443 412 3488 non
456 3428 597 3491 dico
634 3429 945 3506 dignitate,
978 3429 1093 3492 sed
1119 3427 1304 3490 etiam
1330 3446 1445 3505 spe
1474 3426 1689 3489 salutis
1721 3425 2021 3501 spoliatus
2055 3424 2255 3482 Anto·
