<?xml version="1.0" encoding="UTF-8"?>
<!DOCTYPE html PUBLIC "-//W3C//DTD XHTML 1.0 Transitional//EN"
    "http://www.w3.org/TR/xhtml1/DTD/xhtml1-transitional.dtd">
<html xmlns="http://www.w3.org/1999/xhtml" xml:lang="en" lang="en">
 <head>
  <title>
</title>
<meta http-equiv="Content-Type" content="text/html;charset=utf-8" />
  <meta name='ocr-system' content='tesseract 3.04.00' />
  <meta name='ocr-capabilities' content='ocr_page ocr_carea ocr_par ocr_line ocrx_word'/>
</head>
<body>
  <div class='ocr_page' id='page_1' title='image "./scriptaquaemans02cicegoog_0216.png"; bbox 0 0 2514 3928; ppageno 0'>
   <div class='ocr_carea' id='block_1_1' title="bbox 242 269 2333 340">
    <p class='ocr_par' dir='ltr' id='par_1_1' title="bbox 242 269 2333 340">
     <span class='ocr_line' id='line_1_1' title="bbox 242 269 2333 340; baseline 0.008 -16"><span class='ocrx_word' id='word_1_1' title='bbox 242 269 365 332; x_wconf 75' lang='lat'>158</span> <span class='ocrx_word' id='word_1_2' title='bbox 845 271 921 329; x_wconf 76' lang='lat' dir='ltr'>m</span> <span class='ocrx_word' id='word_1_3' title='bbox 948 271 1013 330; x_wconf 91' lang='lat' dir='ltr'>L.</span> <span class='ocrx_word' id='word_1_4' title='bbox 1044 269 1380 337; x_wconf 85' lang='lat' dir='ltr'>PISONEM</span> <span class='ocrx_word' id='word_1_5' title='bbox 1407 270 1713 331; x_wconf 82' lang='lat' dir='ltr'><strong>ORATIO.</strong></span> <span class='ocrx_word' id='word_1_6' title='bbox 2252 289 2333 340; x_wconf 85' lang='lat'>60</span> 
     </span>
    </p>
   </div>
   <div class='ocr_carea' id='block_1_2' title="bbox 231 419 2330 3594">
    <p class='ocr_par' dir='ltr' id='par_1_2' title="bbox 231 419 2330 3341">
     <span class='ocr_line' id='line_1_2' title="bbox 242 419 2328 515; baseline 0.004 -35"><span class='ocrx_word' id='word_1_7' title='bbox 242 419 669 515; x_wconf 68' lang='lat' dir='ltr'>flexionesque</span> <span class='ocrx_word' id='word_1_8' title='bbox 698 420 1037 496; x_wconf 66' lang='lat' dir='ltr'>quaesisti?</span> <span class='ocrx_word' id='word_1_9' title='bbox 1070 422 1235 497; x_wconf 88' lang='lat' dir='ltr'>quod</span> <span class='ocrx_word' id='word_1_10' title='bbox 1271 431 1327 482; x_wconf 88' lang='lat' dir='ltr'>tc</span> <span class='ocrx_word' id='word_1_11' title='bbox 1352 421 1746 497; x_wconf 88' lang='lat' dir='ltr'>municipium</span> <span class='ocrx_word' id='word_1_12' title='bbox 1781 423 1972 484; x_wconf 67' lang='lat' dir='ltr'>vidit?</span> <span class='ocrx_word' id='word_1_13' title='bbox 2001 427 2140 500; x_wconf 84' lang='lat' dir='ltr'>quis</span> <span class='ocrx_word' id='word_1_14' title='bbox 2169 431 2328 488; x_wconf 89' lang='lat' dir='ltr'>ami-</span> 
     </span>
     <span class='ocr_line' id='line_1_3' title="bbox 241 502 2327 586; baseline 0.004 -22"><span class='ocrx_word' id='word_1_15' title='bbox 241 520 352 564; x_wconf 88' lang='lat' dir='ltr'>cus</span> <span class='ocrx_word' id='word_1_16' title='bbox 379 502 697 564; x_wconf 65' lang='lat' dir='ltr'>invitavit?</span> <span class='ocrx_word' id='word_1_17' title='bbox 733 504 872 579; x_wconf 89' lang='lat' dir='ltr'>quis</span> <span class='ocrx_word' id='word_1_18' title='bbox 894 506 1127 581; x_wconf 85' lang='lat' dir='ltr'>hospes</span> <span class='ocrx_word' id='word_1_19' title='bbox 1155 504 1439 580; x_wconf 64' lang='lat' dir='ltr'>aspexit?</span> <span class='ocrx_word' id='word_1_20' title='bbox 1471 506 1693 565; x_wconf 81' lang='lat' dir='ltr'>Nonne</span> <span class='ocrx_word' id='word_1_21' title='bbox 1738 506 1841 566; x_wconf 91' lang='lat' dir='ltr'>tibi</span> <span class='ocrx_word' id='word_1_22' title='bbox 1886 525 2009 568; x_wconf 91' lang='lat' dir='ltr'>nox</span> <span class='ocrx_word' id='word_1_23' title='bbox 2040 520 2170 572; x_wconf 87' lang='lat' dir='ltr'>erat</span> <span class='ocrx_word' id='word_1_24' title='bbox 2203 529 2327 586; x_wconf 89' lang='lat' dir='ltr'>pro</span> 
     </span>
     <span class='ocr_line' id='line_1_4' title="bbox 241 585 2330 666; baseline 0.005 -20"><span class='ocrx_word' id='word_1_25' title='bbox 241 587 368 655; x_wconf 90' lang='lat' dir='ltr'>die,</span> <span class='ocrx_word' id='word_1_26' title='bbox 412 585 677 647; x_wconf 87' lang='lat' dir='ltr'>solitudo</span> <span class='ocrx_word' id='word_1_27' title='bbox 721 604 833 663; x_wconf 87' lang='lat' dir='ltr'>pro</span> <span class='ocrx_word' id='word_1_28' title='bbox 876 587 1247 662; x_wconf 74' lang='lat' dir='ltr'><strong>frequentia,</strong></span> <span class='ocrx_word' id='word_1_29' title='bbox 1295 604 1582 664; x_wconf 78' lang='lat' dir='ltr'>caupona</span> <span class='ocrx_word' id='word_1_30' title='bbox 1626 606 1737 664; x_wconf 89' lang='lat' dir='ltr'>pro</span> <span class='ocrx_word' id='word_1_31' title='bbox 1779 591 2059 666; x_wconf 69' lang='lat' dir='ltr'>oppido?</span> <span class='ocrx_word' id='word_1_32' title='bbox 2101 611 2221 655; x_wconf 92' lang='lat' dir='ltr'>non</span> <span class='ocrx_word' id='word_1_33' title='bbox 2255 605 2330 656; x_wconf 88' lang='lat' dir='ltr'>ut</span> 
     </span>
     <span class='ocr_line' id='line_1_5' title="bbox 242 670 2317 746; baseline 0.004 -16"><span class='ocrx_word' id='word_1_34' title='bbox 242 670 440 730; x_wconf 86' lang='lat' dir='ltr'>redire</span> <span class='ocrx_word' id='word_1_35' title='bbox 485 687 565 729; x_wconf 89' lang='lat' dir='ltr'>ex</span> <span class='ocrx_word' id='word_1_36' title='bbox 594 670 955 730; x_wconf 88' lang='lat' dir='ltr'>Macedonia</span> <span class='ocrx_word' id='word_1_37' title='bbox 1000 670 1220 731; x_wconf 89' lang='lat' dir='ltr'>nobilis</span> <span class='ocrx_word' id='word_1_38' title='bbox 1262 671 1617 746; x_wconf 88' lang='lat' dir='ltr'>imperator,</span> <span class='ocrx_word' id='word_1_39' title='bbox 1662 672 1774 732; x_wconf 89' lang='lat' dir='ltr'>sed</span> <span class='ocrx_word' id='word_1_40' title='bbox 1823 683 1888 734; x_wconf 90' lang='lat' dir='ltr'>ut</span> <span class='ocrx_word' id='word_1_41' title='bbox 1917 684 2188 738; x_wconf 89' lang='lat' dir='ltr'>mortuus</span> <span class='ocrx_word' id='word_1_42' title='bbox 2225 678 2317 738; x_wconf 91' lang='lat' dir='ltr'>in-</span> 
     </span>
     <span class='ocr_line' id='line_1_6' title="bbox 243 752 2314 833; baseline 0.005 -21"><span class='ocrx_word' id='word_1_43' title='bbox 243 752 415 814; x_wconf 72' lang='lat' dir='ltr'>famis</span> <span class='ocrx_word' id='word_1_44' title='bbox 447 753 658 813; x_wconf 76' lang='lat' dir='ltr'>referri</span> <span class='ocrx_word' id='word_1_45' title='bbox 686 753 1013 815; x_wconf 87' lang='lat' dir='ltr'>videretur.</span> <span class='ocrx_word' id='word_1_46' title='bbox 1098 754 1308 816; x_wconf 85' lang='lat' dir='ltr'>XXIll.</span> <span class='ocrx_word' id='word_1_47' title='bbox 1346 757 1600 816; x_wconf 82' lang='lat' dir='ltr'><strong>Romam</strong></span> <span class='ocrx_word' id='word_1_48' title='bbox 1633 772 1779 816; x_wconf 87' lang='lat' dir='ltr'>vero</span> <span class='ocrx_word' id='word_1_49' title='bbox 1811 756 2041 833; x_wconf 80' lang='lat' dir='ltr'><strong>ipsam,</strong></span> <span class='ocrx_word' id='word_1_50' title='bbox 2077 778 2113 821; x_wconf 93' lang='lat' dir='ltr'>o</span> <span class='ocrx_word' id='word_1_51' title='bbox 2147 762 2314 822; x_wconf 75' lang='lat' dir='ltr'>fami·</span> 
     </span>
     <span class='ocr_line' id='line_1_7' title="bbox 242 835 2323 915; baseline 0.005 -21"><span class='ocrx_word' id='word_1_52' title='bbox 242 835 374 908; x_wconf 84' lang='lat' dir='ltr'>liae,</span> <span class='ocrx_word' id='word_1_53' title='bbox 408 853 529 897; x_wconf 93' lang='lat' dir='ltr'>non</span> <span class='ocrx_word' id='word_1_54' title='bbox 563 835 762 897; x_wconf 89' lang='lat' dir='ltr'>dicam</span> <span class='ocrx_word' id='word_1_55' title='bbox 799 837 1190 912; x_wconf 72' lang='lat' dir='ltr'>Calpurniae,</span> <span class='ocrx_word' id='word_1_56' title='bbox 1224 839 1337 897; x_wconf 89' lang='lat' dir='ltr'>sed</span> <span class='ocrx_word' id='word_1_57' title='bbox 1373 838 1737 911; x_wconf 76' lang='lat' dir='ltr'>Calventiae,</span> <span class='ocrx_word' id='word_1_58' title='bbox 1775 856 1973 915; x_wconf 88' lang='lat' dir='ltr'>neque</span> <span class='ocrx_word' id='word_1_59' title='bbox 2005 843 2185 904; x_wconf 90' lang='lat' dir='ltr'>huius</span> <span class='ocrx_word' id='word_1_60' title='bbox 2215 862 2323 906; x_wconf 85' lang='lat' dir='ltr'>ur-</span> 
     </span>
     <span class='ocr_line' id='line_1_8' title="bbox 241 918 2321 998; baseline 0.004 -18"><span class='ocrx_word' id='word_1_61' title='bbox 241 918 354 993; x_wconf 85' lang='lat' dir='ltr'>bis,</span> <span class='ocrx_word' id='word_1_62' title='bbox 384 920 497 979; x_wconf 88' lang='lat' dir='ltr'>sed</span> <span class='ocrx_word' id='word_1_63' title='bbox 515 919 846 980; x_wconf 83' lang='lat' dir='ltr'>Placentini</span> <span class='ocrx_word' id='word_1_64' title='bbox 874 920 1202 995; x_wconf 90' lang='lat' dir='ltr'>municipii,</span> <span class='ocrx_word' id='word_1_65' title='bbox 1228 937 1427 997; x_wconf 85' lang='lat' dir='ltr'>neque</span> <span class='ocrx_word' id='word_1_66' title='bbox 1453 923 1682 997; x_wconf 87' lang='lat' dir='ltr'>paterni</span> <span class='ocrx_word' id='word_1_67' title='bbox 1705 924 1967 998; x_wconf 80' lang='lat' dir='ltr'>generiS,</span> <span class='ocrx_word' id='word_1_68' title='bbox 1999 927 2113 987; x_wconf 88' lang='lat' dir='ltr'>sed</span> <span class='ocrx_word' id='word_1_69' title='bbox 2135 928 2321 987; x_wconf 86' lang='lat' dir='ltr'>brac-</span> 
     </span>
     <span class='ocr_line' id='line_1_9' title="bbox 240 1002 2324 1100; baseline 0.004 -36"><span class='ocrx_word' id='word_1_70' title='bbox 240 1010 410 1064; x_wconf 88' lang='lat' dir='ltr'>catae</span> <span class='ocrx_word' id='word_1_71' title='bbox 449 1002 832 1078; x_wconf 76' lang='lat' dir='ltr'>cognationis</span> <span class='ocrx_word' id='word_1_72' title='bbox 875 1003 1180 1075; x_wconf 84' lang='lat' dir='ltr'><strong>dedecus,</strong></span> <span class='ocrx_word' id='word_1_73' title='bbox 1223 1019 1405 1100; x_wconf 81' lang='lat' dir='ltr'>quem</span> <span class='ocrx_word' id='word_1_74' title='bbox 1446 1006 1526 1065; x_wconf 82' lang='lat' dir='ltr'>ad</span> <span class='ocrx_word' id='word_1_75' title='bbox 1575 1007 1819 1066; x_wconf 89' lang='lat' dir='ltr'>modum</span> <span class='ocrx_word' id='word_1_76' title='bbox 1850 1008 2168 1083; x_wconf 86' lang='lat' dir='ltr'>ingressus</span> <span class='ocrx_word' id='word_1_77' title='bbox 2199 1019 2324 1072; x_wconf 68' lang='lat' dir='ltr'>es?</span> 
     </span>
     <span class='ocr_line' id='line_1_10' title="bbox 239 1085 2321 1164; baseline 0.004 -17"><span class='ocrx_word' id='word_1_78' title='bbox 239 1086 376 1161; x_wconf 87' lang='lat' dir='ltr'>quis</span> <span class='ocrx_word' id='word_1_79' title='bbox 410 1085 514 1148; x_wconf 90' lang='lat' dir='ltr'>tibi</span> <span class='ocrx_word' id='word_1_80' title='bbox 559 1103 682 1146; x_wconf 86' lang='lat' dir='ltr'>non</span> <span class='ocrx_word' id='word_1_81' title='bbox 714 1086 911 1146; x_wconf 87' lang='lat' dir='ltr'>dicam</span> <span class='ocrx_word' id='word_1_82' title='bbox 957 1087 1168 1146; x_wconf 83' lang='lat' dir='ltr'>horum</span> <span class='ocrx_word' id='word_1_83' title='bbox 1203 1097 1308 1148; x_wconf 90' lang='lat' dir='ltr'>aut</span> <span class='ocrx_word' id='word_1_84' title='bbox 1336 1088 1559 1148; x_wconf 86' lang='lat' dir='ltr'>civium</span> <span class='ocrx_word' id='word_1_85' title='bbox 1627 1099 1997 1164; x_wconf 80' lang='lat' dir='ltr'>ceterorum,</span> <span class='ocrx_word' id='word_1_86' title='bbox 2038 1095 2149 1154; x_wconf 90' lang='lat' dir='ltr'>sed</span> <span class='ocrx_word' id='word_1_87' title='bbox 2180 1103 2321 1156; x_wconf 88' lang='lat' dir='ltr'>tuo-</span> 
     </span>
     <span class='ocr_line' id='line_1_11' title="bbox 240 1168 2321 1253; baseline 0.006 -26"><span class='ocrx_word' id='word_1_88' title='bbox 240 1185 369 1228; x_wconf 85' lang='lat' dir='ltr'>rum</span> <span class='ocrx_word' id='word_1_89' title='bbox 412 1170 749 1243; x_wconf 85' lang='lat' dir='ltr'>legatorum</span> <span class='ocrx_word' id='word_1_90' title='bbox 791 1169 1032 1229; x_wconf 83' lang='lat' dir='ltr'>obviam</span> <span class='ocrx_word' id='word_1_91' title='bbox 1077 1169 1285 1230; x_wconf 69' lang='lat' dir='ltr'>venit?</span> <span class='ocrx_word' id='word_1_92' title='bbox 1317 1168 1418 1232; x_wconf 87' lang='lat'>54.</span> <span class='ocrx_word' id='word_1_93' title='bbox 1461 1172 1701 1232; x_wconf 81' lang='lat' dir='ltr'><strong>Mecum</strong></span> <span class='ocrx_word' id='word_1_94' title='bbox 1748 1175 1903 1234; x_wconf 90' lang='lat' dir='ltr'>enim</span> <span class='ocrx_word' id='word_1_95' title='bbox 1938 1176 2002 1234; x_wconf 90' lang='lat' dir='ltr'>L.</span> <span class='ocrx_word' id='word_1_96' title='bbox 2034 1177 2321 1253; x_wconf 83' lang='lat' dir='ltr'>FlaccuS,</span> 
     </span>
     <span class='ocr_line' id='line_1_12' title="bbox 241 1251 2319 1350; baseline 0.006 -39"><span class='ocrx_word' id='word_1_97' title='bbox 241 1251 331 1313; x_wconf 86' lang='lat' dir='ltr'>vir</span> <span class='ocrx_word' id='word_1_98' title='bbox 360 1261 462 1313; x_wconf 90' lang='lat' dir='ltr'>tua</span> <span class='ocrx_word' id='word_1_99' title='bbox 486 1251 790 1327; x_wconf 78' lang='lat' dir='ltr'>legatione</span> <span class='ocrx_word' id='word_1_100' title='bbox 812 1252 1277 1350; x_wconf 79' lang='lat' dir='ltr'>indignissimus</span> <span class='ocrx_word' id='word_1_101' title='bbox 1301 1262 1488 1329; x_wconf 84' lang='lat' dir='ltr'>atque</span> <span class='ocrx_word' id='word_1_102' title='bbox 1512 1254 1587 1314; x_wconf 90' lang='lat' dir='ltr'>iis</span> <span class='ocrx_word' id='word_1_103' title='bbox 1613 1256 1906 1330; x_wconf 88' lang='lat' dir='ltr'>consiliis,</span> <span class='ocrx_word' id='word_1_104' title='bbox 1942 1260 2164 1334; x_wconf 90' lang='lat' dir='ltr'>quibus</span> <span class='ocrx_word' id='word_1_105' title='bbox 2189 1280 2319 1322; x_wconf 85' lang='lat' dir='ltr'>me—</span> 
     </span>
     <span class='ocr_line' id='line_1_13' title="bbox 239 1334 2320 1406; baseline 0.006 -12"><span class='ocrx_word' id='word_1_106' title='bbox 239 1351 377 1397; x_wconf 89' lang='lat' dir='ltr'>cum</span> <span class='ocrx_word' id='word_1_107' title='bbox 407 1334 467 1396; x_wconf 91' lang='lat' dir='ltr'>in</span> <span class='ocrx_word' id='word_1_108' title='bbox 501 1337 824 1398; x_wconf 76' lang='lat' dir='ltr'>consulatu</span> <span class='ocrx_word' id='word_1_109' title='bbox 854 1353 991 1401; x_wconf 89' lang='lat' dir='ltr'>mco</span> <span class='ocrx_word' id='word_1_110' title='bbox 1021 1337 1387 1398; x_wconf 84' lang='lat' dir='ltr'>coniunctus</span> <span class='ocrx_word' id='word_1_111' title='bbox 1423 1338 1531 1398; x_wconf 81' lang='lat' dir='ltr'>fuit</span> <span class='ocrx_word' id='word_1_112' title='bbox 1559 1339 1639 1398; x_wconf 89' lang='lat' dir='ltr'>ad</span> <span class='ocrx_word' id='word_1_113' title='bbox 1671 1344 2153 1404; x_wconf 82' lang='lat' dir='ltr'>conservandam</span> <span class='ocrx_word' id='word_1_114' title='bbox 2187 1362 2320 1406; x_wconf 89' lang='lat' dir='ltr'>rem</span> 
     </span>
     <span class='ocr_line' id='line_1_14' title="bbox 240 1419 2322 1526; baseline 0.005 -45"><span class='ocrx_word' id='word_1_115' title='bbox 240 1419 562 1495; x_wconf 83' lang='lat' dir='ltr'>publicam,</span> <span class='ocrx_word' id='word_1_116' title='bbox 587 1420 843 1495; x_wconf 81' lang='lat' dir='ltr'>dignior,</span> <span class='ocrx_word' id='word_1_117' title='bbox 862 1436 1105 1481; x_wconf 86' lang='lat' dir='ltr'>mecum</span> <span class='ocrx_word' id='word_1_118' title='bbox 1132 1421 1240 1481; x_wconf 78' lang='lat' dir='ltr'>fuit</span> <span class='ocrx_word' id='word_1_119' title='bbox 1263 1429 1406 1494; x_wconf 89' lang='lat' dir='ltr'>tum,</span> <span class='ocrx_word' id='word_1_120' title='bbox 1421 1440 1620 1497; x_wconf 86' lang='lat' dir='ltr'>quum</span> <span class='ocrx_word' id='word_1_121' title='bbox 1647 1433 1706 1484; x_wconf 85' lang='lat' dir='ltr'>te</span> <span class='ocrx_word' id='word_1_122' title='bbox 1722 1424 1968 1498; x_wconf 88' lang='lat' dir='ltr'>qu1dam</span> <span class='ocrx_word' id='word_1_123' title='bbox 1985 1443 2106 1487; x_wconf 89' lang='lat' dir='ltr'>non</span> <span class='ocrx_word' id='word_1_124' title='bbox 2133 1429 2322 1526; x_wconf 77' lang='lat' dir='ltr'>longe</span> 
     </span>
     <span class='ocr_line' id='line_1_15' title="bbox 236 1503 2319 1579; baseline 0.005 -15"><span class='ocrx_word' id='word_1_125' title='bbox 236 1518 272 1563; x_wconf 87' lang='lat' dir='ltr'>a</span> <span class='ocrx_word' id='word_1_126' title='bbox 318 1511 494 1579; x_wconf 88' lang='lat' dir='ltr'>porta</span> <span class='ocrx_word' id='word_1_127' title='bbox 532 1519 670 1564; x_wconf 86' lang='lat' dir='ltr'>cum</span> <span class='ocrx_word' id='word_1_128' title='bbox 710 1503 1022 1569; x_wconf 84' lang='lat' dir='ltr'>lictoribus</span> <span class='ocrx_word' id='word_1_129' title='bbox 1059 1513 1362 1566; x_wconf 84' lang='lat' dir='ltr'>errantem</span> <span class='ocrx_word' id='word_1_130' title='bbox 1410 1504 1607 1566; x_wconf 83' lang='lat' dir='ltr'>visum</span> <span class='ocrx_word' id='word_1_131' title='bbox 1660 1522 1804 1568; x_wconf 87' lang='lat' dir='ltr'>esse</span> <span class='ocrx_word' id='word_1_132' title='bbox 1844 1521 2144 1572; x_wconf 87' lang='lat' dir='ltr'>narraret.</span> <span class='ocrx_word' id='word_1_133' title='bbox 2180 1514 2319 1575; x_wconf 90' lang='lat' dir='ltr'>scio</span> 
     </span>
     <span class='ocr_line' id='line_1_16' title="bbox 236 1586 2313 1670; baseline 0.005 -24"><span class='ocrx_word' id='word_1_134' title='bbox 236 1586 380 1647; x_wconf 90' lang='lat' dir='ltr'>item</span> <span class='ocrx_word' id='word_1_135' title='bbox 413 1587 606 1648; x_wconf 91' lang='lat' dir='ltr'>virum</span> <span class='ocrx_word' id='word_1_136' title='bbox 632 1589 847 1655; x_wconf 82' lang='lat' dir='ltr'>sortem</span> <span class='ocrx_word' id='word_1_137' title='bbox 878 1587 936 1647; x_wconf 90' lang='lat' dir='ltr'>in</span> <span class='ocrx_word' id='word_1_138' title='bbox 964 1587 1194 1662; x_wconf 84' lang='lat' dir='ltr'>primis,</span> <span class='ocrx_word' id='word_1_139' title='bbox 1224 1587 1367 1648; x_wconf 90' lang='lat' dir='ltr'>belli</span> <span class='ocrx_word' id='word_1_140' title='bbox 1395 1605 1468 1650; x_wconf 89' lang='lat' dir='ltr'>ac</span> <span class='ocrx_word' id='word_1_141' title='bbox 1499 1589 1585 1649; x_wconf 89' lang='lat' dir='ltr'>rei</span> <span class='ocrx_word' id='word_1_142' title='bbox 1609 1589 1884 1652; x_wconf 83' lang='lat' dir='ltr'>militaris</span> <span class='ocrx_word' id='word_1_143' title='bbox 1917 1593 2194 1670; x_wconf 87' lang='lat' dir='ltr'>peritum,</span> <span class='ocrx_word' id='word_1_144' title='bbox 2226 1599 2313 1656; x_wconf 77' lang='lat' dir='ltr'>sa·</span> 
     </span>
     <span class='ocr_line' id='line_1_17' title="bbox 234 1677 2326 1753; baseline 0 -16"><span class='ocrx_word' id='word_1_145' title='bbox 234 1677 529 1738; x_wconf 76' lang='lat' dir='ltr'>miliat-em</span> <span class='ocrx_word' id='word_1_146' title='bbox 556 1693 779 1738; x_wconf 90' lang='lat' dir='ltr'>meum.</span> <span class='ocrx_word' id='word_1_147' title='bbox 837 1678 908 1752; x_wconf 81' lang='lat' dir='ltr'>Q.</span> <span class='ocrx_word' id='word_1_148' title='bbox 937 1677 1250 1744; x_wconf 86' lang='lat' dir='ltr'>Marcium,</span> <span class='ocrx_word' id='word_1_149' title='bbox 1280 1692 1541 1751; x_wconf 86' lang='lat' dir='ltr'>quorum</span> <span class='ocrx_word' id='word_1_150' title='bbox 1574 1685 1641 1738; x_wconf 86' lang='lat' dir='ltr'>tu</span> <span class='ocrx_word' id='word_1_151' title='bbox 1670 1679 2014 1752; x_wconf 87' lang='lat' dir='ltr'>legatorum</span> <span class='ocrx_word' id='word_1_152' title='bbox 2044 1694 2236 1753; x_wconf 86' lang='lat' dir='ltr'>opera</span> <span class='ocrx_word' id='word_1_153' title='bbox 2260 1678 2326 1738; x_wconf 85' lang='lat' dir='ltr'>in</span> 
     </span>
     <span class='ocr_line' id='line_1_18' title="bbox 234 1760 2327 1837; baseline -0 -15"><span class='ocrx_word' id='word_1_154' title='bbox 234 1760 478 1837; x_wconf 88' lang='lat' dir='ltr'>proelio</span> <span class='ocrx_word' id='word_1_155' title='bbox 509 1761 845 1836; x_wconf 85' lang='lat' dir='ltr'>imperator</span> <span class='ocrx_word' id='word_1_156' title='bbox 870 1760 1220 1836; x_wconf 87' lang='lat' dir='ltr'>appellatus</span> <span class='ocrx_word' id='word_1_157' title='bbox 1251 1775 1421 1828; x_wconf 88' lang='lat' dir='ltr'>eras,</span> <span class='ocrx_word' id='word_1_158' title='bbox 1456 1778 1642 1835; x_wconf 88' lang='lat' dir='ltr'>quum</span> <span class='ocrx_word' id='word_1_159' title='bbox 1677 1764 1861 1835; x_wconf 86' lang='lat' dir='ltr'>longe</span> <span class='ocrx_word' id='word_1_160' title='bbox 1896 1761 2180 1829; x_wconf 78' lang='lat' dir='ltr'>afuisses,</span> <span class='ocrx_word' id='word_1_161' title='bbox 2211 1761 2327 1821; x_wconf 86' lang='lat' dir='ltr'>ad-</span> 
     </span>
     <span class='ocr_line' id='line_1_19' title="bbox 232 1841 2326 1919; baseline 0.001 -15"><span class='ocrx_word' id='word_1_162' title='bbox 232 1851 421 1905; x_wconf 79' lang='lat' dir='ltr'>ventu</span> <span class='ocrx_word' id='word_1_163' title='bbox 457 1843 577 1905; x_wconf 84' lang='lat' dir='ltr'>isto</span> <span class='ocrx_word' id='word_1_164' title='bbox 618 1850 728 1905; x_wconf 79' lang='lat' dir='ltr'>tuo</span> <span class='ocrx_word' id='word_1_165' title='bbox 766 1843 935 1904; x_wconf 88' lang='lat' dir='ltr'>domi</span> <span class='ocrx_word' id='word_1_166' title='bbox 973 1841 1167 1904; x_wconf 84' lang='lat' dir='ltr'>ruisse</span> <span class='ocrx_word' id='word_1_167' title='bbox 1196 1843 1484 1904; x_wconf 87' lang='lat' dir='ltr'>otiosum.</span> <span class='ocrx_word' id='word_1_168' title='bbox 1555 1844 1679 1906; x_wconf 89' lang='lat' dir='ltr'>Sed</span> <span class='ocrx_word' id='word_1_169' title='bbox 1717 1843 1865 1918; x_wconf 84' lang='lat' dir='ltr'>quid</span> <span class='ocrx_word' id='word_1_170' title='bbox 1908 1860 2028 1919; x_wconf 87' lang='lat' dir='ltr'>ego</span> <span class='ocrx_word' id='word_1_171' title='bbox 2065 1860 2326 1907; x_wconf 81' lang='lat' dir='ltr'>numero</span> 
     </span>
     <span class='ocr_line' id='line_1_20' title="bbox 233 1925 2324 2006; baseline 0.001 -16"><span class='ocrx_word' id='word_1_172' title='bbox 233 1926 339 2004; x_wconf 85' lang='lat' dir='ltr'>qui</span> <span class='ocrx_word' id='word_1_173' title='bbox 375 1927 482 1990; x_wconf 91' lang='lat' dir='ltr'>tibi</span> <span class='ocrx_word' id='word_1_174' title='bbox 511 1927 760 1990; x_wconf 81' lang='lat' dir='ltr'>obviam</span> <span class='ocrx_word' id='word_1_175' title='bbox 791 1944 916 1990; x_wconf 87' lang='lat' dir='ltr'>non</span> <span class='ocrx_word' id='word_1_176' title='bbox 958 1925 1275 1988; x_wconf 70' lang='lat' dir='ltr'>venerint?</span> <span class='ocrx_word' id='word_1_177' title='bbox 1331 1927 1433 1988; x_wconf 80' lang='lat'>55.</span> <span class='ocrx_word' id='word_1_178' title='bbox 1479 1928 1624 2003; x_wconf 89' lang='lat' dir='ltr'>quin</span> <span class='ocrx_word' id='word_1_179' title='bbox 1655 1927 1794 1989; x_wconf 93' lang='lat' dir='ltr'>dico</span> <span class='ocrx_word' id='word_1_180' title='bbox 1836 1929 2086 1991; x_wconf 87' lang='lat' dir='ltr'>venisse</span> <span class='ocrx_word' id='word_1_181' title='bbox 2118 1944 2324 2006; x_wconf 87' lang='lat' dir='ltr'>paene</span> 
     </span>
     <span class='ocr_line' id='line_1_21' title="bbox 233 2011 2320 2085; baseline -0.002 -7"><span class='ocrx_word' id='word_1_182' title='bbox 233 2012 555 2080; x_wconf 84' lang='lat' dir='ltr'>neminem,</span> <span class='ocrx_word' id='word_1_183' title='bbox 588 2029 667 2073; x_wconf 91' lang='lat' dir='ltr'>ne</span> <span class='ocrx_word' id='word_1_184' title='bbox 697 2013 774 2072; x_wconf 91' lang='lat' dir='ltr'>de</span> <span class='ocrx_word' id='word_1_185' title='bbox 806 2011 1266 2073; x_wconf 75' lang='lat' dir='ltr'>officiosissima</span> <span class='ocrx_word' id='word_1_186' title='bbox 1296 2012 1540 2085; x_wconf 88' lang='lat' dir='ltr'>quidem</span> <span class='ocrx_word' id='word_1_187' title='bbox 1566 2011 1815 2074; x_wconf 87' lang='lat' dir='ltr'>natione</span> <span class='ocrx_word' id='word_1_188' title='bbox 1835 2013 2320 2084; x_wconf 83' lang='lat' dir='ltr'>candidatorum,</span> 
     </span>
     <span class='ocr_line' id='line_1_22' title="bbox 235 2095 2309 2176; baseline -0 -15"><span class='ocrx_word' id='word_1_189' title='bbox 235 2117 421 2176; x_wconf 91' lang='lat' dir='ltr'>quum</span> <span class='ocrx_word' id='word_1_190' title='bbox 453 2101 635 2174; x_wconf 84' lang='lat' dir='ltr'>vulgo</span> <span class='ocrx_word' id='word_1_191' title='bbox 666 2107 879 2159; x_wconf 89' lang='lat' dir='ltr'>essent</span> <span class='ocrx_word' id='word_1_192' title='bbox 905 2106 966 2160; x_wconf 87' lang='lat' dir='ltr'>et</span> <span class='ocrx_word' id='word_1_193' title='bbox 998 2097 1102 2158; x_wconf 90' lang='lat' dir='ltr'>illo</span> <span class='ocrx_word' id='word_1_194' title='bbox 1130 2098 1270 2174; x_wconf 85' lang='lat' dir='ltr'>ipso</span> <span class='ocrx_word' id='word_1_195' title='bbox 1300 2106 1361 2158; x_wconf 92' lang='lat' dir='ltr'>et</span> <span class='ocrx_word' id='word_1_196' title='bbox 1380 2096 1583 2158; x_wconf 89' lang='lat' dir='ltr'>multis</span> <span class='ocrx_word' id='word_1_197' title='bbox 1606 2104 1746 2157; x_wconf 90' lang='lat' dir='ltr'>ante</span> <span class='ocrx_word' id='word_1_198' title='bbox 1766 2095 1990 2159; x_wconf 87' lang='lat' dir='ltr'>diebus</span> <span class='ocrx_word' id='word_1_199' title='bbox 2018 2098 2309 2160; x_wconf 89' lang='lat' dir='ltr'>admoniti</span> 
     </span>
     <span class='ocr_line' id='line_1_23' title="bbox 233 2180 2309 2259; baseline -0.003 -15"><span class='ocrx_word' id='word_1_200' title='bbox 233 2193 292 2245; x_wconf 90' lang='lat' dir='ltr'>et</span> <span class='ocrx_word' id='word_1_201' title='bbox 345 2183 559 2259; x_wconf 84' lang='lat' dir='ltr'>rogati.</span> <span class='ocrx_word' id='word_1_202' title='bbox 647 2181 918 2257; x_wconf 86' lang='lat' dir='ltr'>Togulae</span> <span class='ocrx_word' id='word_1_203' title='bbox 973 2180 1291 2242; x_wconf 87' lang='lat' dir='ltr'>lictoribus</span> <span class='ocrx_word' id='word_1_204' title='bbox 1345 2181 1422 2241; x_wconf 88' lang='lat' dir='ltr'>ad</span> <span class='ocrx_word' id='word_1_205' title='bbox 1467 2189 1703 2256; x_wconf 85' lang='lat' dir='ltr'>portam</span> <span class='ocrx_word' id='word_1_206' title='bbox 1751 2190 1997 2255; x_wconf 87' lang='lat' dir='ltr'>praesto</span> <span class='ocrx_word' id='word_1_207' title='bbox 2040 2183 2309 2244; x_wconf 73' lang='lat' dir='ltr'>merunt2</span> 
     </span>
     <span class='ocr_line' id='line_1_24' title="bbox 235 2263 2307 2342; baseline 0 -18"><span class='ocrx_word' id='word_1_208' title='bbox 235 2267 460 2342; x_wconf 89' lang='lat' dir='ltr'>quibus</span> <span class='ocrx_word' id='word_1_209' title='bbox 504 2265 588 2326; x_wconf 93' lang='lat' dir='ltr'>illi</span> <span class='ocrx_word' id='word_1_210' title='bbox 630 2265 904 2340; x_wconf 85' lang='lat' dir='ltr'>acceptis</span> <span class='ocrx_word' id='word_1_211' title='bbox 952 2267 1166 2341; x_wconf 87' lang='lat' dir='ltr'>sagula</span> <span class='ocrx_word' id='word_1_212' title='bbox 1205 2263 1580 2338; x_wconf 86' lang='lat' dir='ltr'>reiecerunt,</span> <span class='ocrx_word' id='word_1_213' title='bbox 1622 2272 1925 2325; x_wconf 87' lang='lat' dir='ltr'>catervam</span> <span class='ocrx_word' id='word_1_214' title='bbox 1958 2266 2307 2341; x_wconf 81' lang='lat' dir='ltr'>imperatori</span> 
     </span>
     <span class='ocr_line' id='line_1_25' title="bbox 234 2348 2307 2424; baseline -0 -13"><span class='ocrx_word' id='word_1_215' title='bbox 234 2367 348 2411; x_wconf 91' lang='lat' dir='ltr'>suo</span> <span class='ocrx_word' id='word_1_216' title='bbox 381 2365 601 2410; x_wconf 87' lang='lat' dir='ltr'>novam</span> <span class='ocrx_word' id='word_1_217' title='bbox 636 2351 1062 2424; x_wconf 87' lang='lat' dir='ltr'>praebuerunt.</span> <span class='ocrx_word' id='word_1_218' title='bbox 1099 2348 1202 2408; x_wconf 93' lang='lat' dir='ltr'>Sic</span> <span class='ocrx_word' id='word_1_219' title='bbox 1235 2348 1351 2408; x_wconf 89' lang='lat' dir='ltr'>iste</span> <span class='ocrx_word' id='word_1_220' title='bbox 1380 2364 1418 2410; x_wconf 88' lang='lat' dir='ltr'>a</span> <span class='ocrx_word' id='word_1_221' title='bbox 1447 2357 1610 2409; x_wconf 82' lang='lat' dir='ltr'>tanto</span> <span class='ocrx_word' id='word_1_222' title='bbox 1647 2348 1919 2409; x_wconf 84' lang='lat' dir='ltr'>exercitu</span> <span class='ocrx_word' id='word_1_223' title='bbox 1938 2358 2142 2411; x_wconf 78' lang='lat' dir='ltr'>tantae</span> <span class='ocrx_word' id='word_1_224' title='bbox 2164 2366 2307 2424; x_wconf 92' lang='lat' dir='ltr'>pro-</span> 
     </span>
     <span class='ocr_line' id='line_1_26' title="bbox 235 2430 2311 2510; baseline -0.002 -14"><span class='ocrx_word' id='word_1_225' title='bbox 235 2433 469 2496; x_wconf 79' lang='lat' dir='ltr'>vinciae</span> <span class='ocrx_word' id='word_1_226' title='bbox 528 2431 787 2494; x_wconf 90' lang='lat' dir='ltr'>triennio</span> <span class='ocrx_word' id='word_1_227' title='bbox 833 2443 974 2510; x_wconf 88' lang='lat' dir='ltr'>post</span> <span class='ocrx_word' id='word_1_228' title='bbox 1026 2430 1463 2492; x_wconf 86' lang='lat' dir='ltr'>Macedonicus</span> <span class='ocrx_word' id='word_1_229' title='bbox 1506 2431 1835 2506; x_wconf 90' lang='lat' dir='ltr'>imperator</span> <span class='ocrx_word' id='word_1_230' title='bbox 1875 2432 1934 2492; x_wconf 91' lang='lat' dir='ltr'>in</span> <span class='ocrx_word' id='word_1_231' title='bbox 1981 2434 2192 2493; x_wconf 89' lang='lat' dir='ltr'>urbem</span> <span class='ocrx_word' id='word_1_232' title='bbox 2236 2450 2311 2492; x_wconf 89' lang='lat' dir='ltr'>se</span> 
     </span>
     <span class='ocr_line' id='line_1_27' title="bbox 234 2514 2309 2591; baseline 0.001 -16"><span class='ocrx_word' id='word_1_233' title='bbox 234 2517 455 2590; x_wconf 86' lang='lat' dir='ltr'>intulit,</span> <span class='ocrx_word' id='word_1_234' title='bbox 499 2526 564 2578; x_wconf 93' lang='lat' dir='ltr'>ut</span> <span class='ocrx_word' id='word_1_235' title='bbox 592 2517 814 2578; x_wconf 87' lang='lat' dir='ltr'>nullius</span> <span class='ocrx_word' id='word_1_236' title='bbox 867 2514 1267 2590; x_wconf 84' lang='lat' dir='ltr'>negotiatoris</span> <span class='ocrx_word' id='word_1_237' title='bbox 1309 2514 1728 2575; x_wconf 87' lang='lat' dir='ltr'>obscurissimi</span> <span class='ocrx_word' id='word_1_238' title='bbox 1759 2515 1991 2576; x_wconf 89' lang='lat' dir='ltr'>reditus</span> <span class='ocrx_word' id='word_1_239' title='bbox 2020 2533 2309 2591; x_wconf 84' lang='lat' dir='ltr'>umquam</span> 
     </span>
     <span class='ocr_line' id='line_1_28' title="bbox 234 2598 2311 2676; baseline -0 -15"><span class='ocrx_word' id='word_1_240' title='bbox 234 2601 412 2663; x_wconf 77' lang='lat' dir='ltr'>fuerit</span> <span class='ocrx_word' id='word_1_241' title='bbox 440 2600 759 2663; x_wconf 89' lang='lat' dir='ltr'>desertior.</span> <span class='ocrx_word' id='word_1_242' title='bbox 846 2601 909 2661; x_wconf 94' lang='lat' dir='ltr'>In</span> <span class='ocrx_word' id='word_1_243' title='bbox 946 2617 1069 2676; x_wconf 83' lang='lat' dir='ltr'>quo</span> <span class='ocrx_word' id='word_1_244' title='bbox 1100 2615 1196 2659; x_wconf 90' lang='lat' dir='ltr'>me</span> <span class='ocrx_word' id='word_1_245' title='bbox 1233 2607 1433 2659; x_wconf 87' lang='lat' dir='ltr'>tamen</span> <span class='ocrx_word' id='word_1_246' title='bbox 1458 2644 1472 2672; x_wconf 97' lang='lat'>,</span> <span class='ocrx_word' id='word_1_247' title='bbox 1525 2598 1627 2673; x_wconf 89' lang='lat' dir='ltr'>qui</span> <span class='ocrx_word' id='word_1_248' title='bbox 1660 2606 1827 2658; x_wconf 88' lang='lat' dir='ltr'>esset</span> <span class='ocrx_word' id='word_1_249' title='bbox 1855 2609 2103 2673; x_wconf 85' lang='lat' dir='ltr'>paratus</span> <span class='ocrx_word' id='word_1_250' title='bbox 2131 2601 2209 2660; x_wconf 91' lang='lat' dir='ltr'>ad</span> <span class='ocrx_word' id='word_1_251' title='bbox 2237 2616 2311 2660; x_wconf 86' lang='lat' dir='ltr'>se</span> 
     </span>
     <span class='ocr_line' id='line_1_29' title="bbox 233 2682 2310 2761; baseline -0 -16"><span class='ocrx_word' id='word_1_252' title='bbox 233 2686 716 2759; x_wconf 81' lang='lat' dir='ltr'>defendendum,</span> <span class='ocrx_word' id='word_1_253' title='bbox 761 2684 1168 2761; x_wconf 83' lang='lat' dir='ltr'>reprehendit.</span> <span class='ocrx_word' id='word_1_254' title='bbox 1270 2682 1466 2758; x_wconf 80' lang='lat' dir='ltr'>Quum</span> <span class='ocrx_word' id='word_1_255' title='bbox 1512 2698 1627 2757; x_wconf 86' lang='lat' dir='ltr'>ego</span> <span class='ocrx_word' id='word_1_256' title='bbox 1670 2698 1808 2743; x_wconf 90' lang='lat' dir='ltr'>eum</span> <span class='ocrx_word' id='word_1_257' title='bbox 1855 2682 2310 2744; x_wconf 85' lang='lat' dir='ltr'>Caelimontana</span> 
     </span>
     <span class='ocr_line' id='line_1_30' title="bbox 233 2765 2311 2844; baseline -0.001 -16"><span class='ocrx_word' id='word_1_258' title='bbox 233 2770 520 2831; x_wconf 88' lang='lat' dir='ltr'>introisse</span> <span class='ocrx_word' id='word_1_259' title='bbox 567 2769 896 2842; x_wconf 89' lang='lat' dir='ltr'>dixissem,</span> <span class='ocrx_word' id='word_1_260' title='bbox 943 2768 1285 2844; x_wconf 84' lang='lat' dir='ltr'>sponsione</span> <span class='ocrx_word' id='word_1_261' title='bbox 1328 2782 1454 2838; x_wconf 90' lang='lat' dir='ltr'>me,</span> <span class='ocrx_word' id='word_1_262' title='bbox 1517 2766 1577 2824; x_wconf 88' lang='lat' dir='ltr'>ni</span> <span class='ocrx_word' id='word_1_263' title='bbox 1620 2765 1938 2842; x_wconf 84' lang='lat' dir='ltr'>Esquilina</span> <span class='ocrx_word' id='word_1_264' title='bbox 1978 2766 2311 2840; x_wconf 90' lang='lat' dir='ltr'>introisset,</span> 
     </span>
     <span class='ocr_line' id='line_1_31' title="bbox 234 2849 2313 2929; baseline -0 -19"><span class='ocrx_word' id='word_1_265' title='bbox 234 2856 415 2913; x_wconf 85' lang='lat' dir='ltr'>homo</span> <span class='ocrx_word' id='word_1_266' title='bbox 451 2864 769 2929; x_wconf 88' lang='lat' dir='ltr'>promptus</span> <span class='ocrx_word' id='word_1_267' title='bbox 805 2851 1118 2913; x_wconf 83' lang='lat' dir='ltr'>lacessivit</span> <span class='ocrx_word' id='word_1_268' title='bbox 1148 2873 1161 2905; x_wconf 71' lang='grc' dir='ltr'><em>ε</em></span> <span class='ocrx_word' id='word_1_269' title='bbox 1196 2849 1373 2923; x_wconf 87' lang='lat' dir='ltr'>quasi</span> <span class='ocrx_word' id='word_1_270' title='bbox 1423 2866 1572 2918; x_wconf 74' lang='lat' dir='ltr'>vero</span> <span class='ocrx_word' id='word_1_271' title='bbox 1616 2849 1677 2909; x_wconf 87' lang='lat' dir='ltr'>id</span> <span class='ocrx_word' id='word_1_272' title='bbox 1719 2856 1821 2911; x_wconf 89' lang='lat' dir='ltr'>aut</span> <span class='ocrx_word' id='word_1_273' title='bbox 1863 2866 1980 2925; x_wconf 87' lang='lat' dir='ltr'>ego</span> <span class='ocrx_word' id='word_1_274' title='bbox 2011 2850 2170 2911; x_wconf 89' lang='lat' dir='ltr'>scire</span> <span class='ocrx_word' id='word_1_275' title='bbox 2202 2851 2313 2910; x_wconf 88' lang='lat' dir='ltr'>de-</span> 
     </span>
     <span class='ocr_line' id='line_1_32' title="bbox 231 2931 2311 3010; baseline 0 -15"><span class='ocrx_word' id='word_1_276' title='bbox 231 2936 466 2995; x_wconf 89' lang='lat' dir='ltr'>buerim</span> <span class='ocrx_word' id='word_1_277' title='bbox 508 2945 615 2996; x_wconf 89' lang='lat' dir='ltr'>aut</span> <span class='ocrx_word' id='word_1_278' title='bbox 642 2945 912 2996; x_wconf 87' lang='lat' dir='ltr'>vestrum</span> <span class='ocrx_word' id='word_1_279' title='bbox 942 2934 1269 3010; x_wconf 89' lang='lat' dir='ltr'>quisquam</span> <span class='ocrx_word' id='word_1_280' title='bbox 1299 2931 1561 2992; x_wconf 80' lang='lat' dir='ltr'>audierit</span> <span class='ocrx_word' id='word_1_281' title='bbox 1600 2941 1706 2993; x_wconf 90' lang='lat' dir='ltr'>aut</span> <span class='ocrx_word' id='word_1_282' title='bbox 1739 2933 1815 2993; x_wconf 92' lang='lat' dir='ltr'>ad</span> <span class='ocrx_word' id='word_1_283' title='bbox 1847 2950 1976 2993; x_wconf 87' lang='lat' dir='ltr'>rem</span> <span class='ocrx_word' id='word_1_284' title='bbox 2009 2932 2311 3008; x_wconf 80' lang='lat' dir='ltr'>pertineat</span> 
     </span>
     <span class='ocr_line' id='line_1_33' title="bbox 237 3016 2311 3093; baseline 0 -15"><span class='ocrx_word' id='word_1_285' title='bbox 237 3034 359 3093; x_wconf 86' lang='lat' dir='ltr'>qua</span> <span class='ocrx_word' id='word_1_286' title='bbox 395 3025 456 3078; x_wconf 92' lang='lat' dir='ltr'>tu</span> <span class='ocrx_word' id='word_1_287' title='bbox 490 3027 666 3092; x_wconf 88' lang='lat' dir='ltr'>porta</span> <span class='ocrx_word' id='word_1_288' title='bbox 700 3017 1024 3087; x_wconf 89' lang='lat' dir='ltr'>introieris,</span> <span class='ocrx_word' id='word_1_289' title='bbox 1059 3016 1242 3076; x_wconf 91' lang='lat' dir='ltr'>modo</span> <span class='ocrx_word' id='word_1_290' title='bbox 1276 3031 1350 3075; x_wconf 91' lang='lat' dir='ltr'>ne</span> <span class='ocrx_word' id='word_1_291' title='bbox 1382 3016 1754 3091; x_wconf 76' lang='lat' dir='ltr'>triumphali=</span> <span class='ocrx_word' id='word_1_292' title='bbox 1787 3032 1945 3091; x_wconf 92' lang='lat' dir='ltr'>quae</span> <span class='ocrx_word' id='word_1_293' title='bbox 1975 3026 2152 3092; x_wconf 89' lang='lat' dir='ltr'>porta</span> <span class='ocrx_word' id='word_1_294' title='bbox 2181 3017 2311 3077; x_wconf 74' lang='lat' dir='ltr'>Ma·</span> 
     </span>
     <span class='ocr_line' id='line_1_34' title="bbox 234 3098 2316 3176; baseline 0 -14"><span class='ocrx_word' id='word_1_295' title='bbox 234 3098 551 3162; x_wconf 88' lang='lat' dir='ltr'>cedonicis</span> <span class='ocrx_word' id='word_1_296' title='bbox 583 3116 830 3176; x_wconf 90' lang='lat' dir='ltr'>semper</span> <span class='ocrx_word' id='word_1_297' title='bbox 851 3098 1207 3160; x_wconf 83' lang='lat' dir='ltr'>consulibus</span> <span class='ocrx_word' id='word_1_298' title='bbox 1238 3108 1380 3159; x_wconf 91' lang='lat' dir='ltr'>ante</span> <span class='ocrx_word' id='word_1_299' title='bbox 1411 3108 1468 3161; x_wconf 92' lang='lat' dir='ltr'>te</span> <span class='ocrx_word' id='word_1_300' title='bbox 1502 3099 1722 3175; x_wconf 85' lang='lat' dir='ltr'>patuit:</span> <span class='ocrx_word' id='word_1_301' title='bbox 1815 3107 1879 3160; x_wconf 89' lang='lat' dir='ltr'>tu</span> <span class='ocrx_word' id='word_1_302' title='bbox 1910 3100 2194 3162; x_wconf 89' lang='lat' dir='ltr'>inventus</span> <span class='ocrx_word' id='word_1_303' title='bbox 2236 3116 2316 3162; x_wconf 86' lang='lat' dir='ltr'>es</span> 
     </span>
     <span class='ocr_line' id='line_1_35' title="bbox 235 3182 2311 3258; baseline 0 -15"><span class='ocrx_word' id='word_1_304' title='bbox 235 3183 339 3258; x_wconf 84' lang='lat' dir='ltr'>qui</span> <span class='ocrx_word' id='word_1_305' title='bbox 388 3183 695 3243; x_wconf 86' lang='lat' dir='ltr'>consulari</span> <span class='ocrx_word' id='word_1_306' title='bbox 740 3182 996 3257; x_wconf 87' lang='lat' dir='ltr'>imperio</span> <span class='ocrx_word' id='word_1_307' title='bbox 1038 3183 1350 3257; x_wconf 83' lang='lat' dir='ltr'>praeditus</span> <span class='ocrx_word' id='word_1_308' title='bbox 1397 3199 1477 3244; x_wconf 87' lang='lat' dir='ltr'>ex</span> <span class='ocrx_word' id='word_1_309' title='bbox 1528 3182 1890 3243; x_wconf 88' lang='lat' dir='ltr'>Macedonia</span> <span class='ocrx_word' id='word_1_310' title='bbox 1941 3199 2062 3243; x_wconf 91' lang='lat' dir='ltr'>non</span> <span class='ocrx_word' id='word_1_311' title='bbox 2104 3183 2311 3245; x_wconf 86' lang='lat' dir='ltr'>trium-</span> 
     </span>
     <span class='ocr_line' id='line_1_36' title="bbox 237 3267 480 3341; baseline 0 -17"><span class='ocrx_word' id='word_1_312' title='bbox 237 3267 480 3341; x_wconf 86' lang='lat' dir='ltr'>phares.</span> 
     </span>
    </p>

    <p class='ocr_par' dir='ltr' id='par_1_3' title="bbox 233 3300 2314 3594">
     <span class='ocr_line' id='line_1_37' title="bbox 353 3300 2313 3426; baseline 0.002 -19"><span class='ocrx_word' id='word_1_313' title='bbox 353 3348 566 3407; x_wconf 86' lang='lat' dir='ltr'>XXIV.</span> <span class='ocrx_word' id='word_1_314' title='bbox 599 3345 701 3410; x_wconf 84' lang='lat'>56.</span> <span class='ocrx_word' id='word_1_315' title='bbox 744 3349 825 3410; x_wconf 90' lang='lat' dir='ltr'>At</span> <span class='ocrx_word' id='word_1_316' title='bbox 857 3348 1145 3420; x_wconf 89' lang='lat' dir='ltr'>audistis,</span> <span class='ocrx_word' id='word_1_317' title='bbox 1186 3359 1391 3426; x_wconf 87' lang='lat' dir='ltr'>patres</span> <span class='ocrx_word' id='word_1_318' title='bbox 1423 3348 1786 3423; x_wconf 86' lang='lat' dir='ltr'>conscripti,</span> <span class='ocrx_word' id='word_1_319' title='bbox 1819 3300 2170 3426; x_wconf 85' lang='lat' dir='ltr'>philosophi</span> <span class='ocrx_word' id='word_1_320' title='bbox 2199 3366 2313 3412; x_wconf 86' lang='lat' dir='ltr'>vo-</span> 
     </span>
     <span class='ocr_line' id='line_1_38' title="bbox 233 3429 2314 3509; baseline 0.002 -17"><span class='ocrx_word' id='word_1_321' title='bbox 233 3448 386 3492; x_wconf 89' lang='lat' dir='ltr'>cem.</span> <span class='ocrx_word' id='word_1_322' title='bbox 472 3429 731 3505; x_wconf 88' lang='lat' dir='ltr'>Negavit</span> <span class='ocrx_word' id='word_1_323' title='bbox 759 3449 828 3493; x_wconf 91' lang='lat' dir='ltr'>se</span> <span class='ocrx_word' id='word_1_324' title='bbox 863 3432 1146 3509; x_wconf 89' lang='lat' dir='ltr'>triumphi</span> <span class='ocrx_word' id='word_1_325' title='bbox 1177 3434 1462 3509; x_wconf 89' lang='lat' dir='ltr'>cupidum</span> <span class='ocrx_word' id='word_1_326' title='bbox 1498 3448 1786 3507; x_wconf 88' lang='lat' dir='ltr'>umquam</span> <span class='ocrx_word' id='word_1_327' title='bbox 1817 3430 2031 3494; x_wconf 73' lang='lat' dir='ltr'>ruisse.</span> <span class='ocrx_word' id='word_1_328' title='bbox 2097 3431 2149 3495; x_wconf 92' lang='lat'><strong>0</strong></span> <span class='ocrx_word' id='word_1_329' title='bbox 2175 3449 2314 3496; x_wconf 86' lang='lat' dir='ltr'>sce-</span> 
     </span>
     <span class='ocr_line' id='line_1_39' title="bbox 238 3514 2312 3594; baseline 0.004 -22"><span class='ocrx_word' id='word_1_330' title='bbox 238 3517 363 3587; x_wconf 88' lang='lat' dir='ltr'>lus,</span> <span class='ocrx_word' id='word_1_331' title='bbox 395 3530 431 3574; x_wconf 91' lang='lat' dir='ltr'>o</span> <span class='ocrx_word' id='word_1_332' title='bbox 462 3514 686 3589; x_wconf 82' lang='lat' dir='ltr'>pestis,</span> <span class='ocrx_word' id='word_1_333' title='bbox 719 3532 757 3577; x_wconf 92' lang='lat' dir='ltr'>o</span> <span class='ocrx_word' id='word_1_334' title='bbox 787 3517 990 3578; x_wconf 77' lang='lat' dir='ltr'>labes!</span> <span class='ocrx_word' id='word_1_335' title='bbox 1037 3518 1232 3594; x_wconf 80' lang='lat' dir='ltr'>Quum</span> <span class='ocrx_word' id='word_1_336' title='bbox 1263 3515 1700 3589; x_wconf 84' lang='lat' dir='ltr'>exstinguebas</span> <span class='ocrx_word' id='word_1_337' title='bbox 1728 3521 2035 3590; x_wconf 88' lang='lat' dir='ltr'>senatum,</span> <span class='ocrx_word' id='word_1_338' title='bbox 2078 3516 2312 3579; x_wconf 78' lang='lat' dir='ltr'>vende-</span> 
     </span>
    </p>
   </div>
  </div>
 </body>
</html>
