2514 3928
365 328 487 394 388
648 327 727 387 IN
752 326 833 386 M.
869 327 1271 388 ANTONlUM
1302 327 1585 388 ORATIO
1620 328 2043 389 PHILIPPICA
2069 329 2174 388 v1.
2363 341 2425 391 9⁰

368 478 551 554 Atqui
583 479 760 540 illum
805 477 1078 555 quinque
1120 486 1181 540 et
1205 478 1448 554 triginta
1479 479 1672 540 tribus
1700 488 2025 554 patronum
2058 477 2427 555 adoptarunt.

362 565 601 623 Rursus
624 562 1033 623 reclamatis?
1083 562 1363 638 Aspicite
1403 561 1564 623 illam
1592 580 1630 623 a
1661 562 1907 623 sinistra
1942 572 2287 638 equestrem
2317 574 2428 644 sta·

363 655 525 707 tuam
562 644 917 721 inauratam,
946 644 1006 705 in
1040 663 1163 721 qua
1193 646 1340 721 quid
1371 645 1728 721 inscriptum
1758 653 1896 707 est?
1937 662 2191 718 omnem:
2219 663 2288 705 Er
2311 665 2428 707 ‘rm-

363 745 541 789 cmv.
577 744 787 790 ramus
814 744 1113 790 annoso.
1171 729 1385 804 Populi
1415 730 1672 790 Romani
1705 728 1886 804 igitur
1919 737 2014 790 est
2038 737 2340 805 patronus
2371 733 2430 791 L.

363 811 687 874 Antonius.
763 813 984 872 Malam
1029 812 1275 887 quidem
1307 811 1390 872 illi
1423 820 1690 888 pestem!
1745 812 2006 873 clamori
2039 811 2197 872 enim
2234 823 2430 875 vestro

364 897 698 958 adsentior.
756 896 889 957 Non
920 897 1104 957 modo
1136 895 1235 955 hic
1265 897 1438 968 latro,
1475 912 1657 971 quem
1689 896 1967 956 clientem
2001 895 2230 956 habere
2259 915 2432 959 nemo

360 981 524 1052 velit,
556 980 669 1041 sed
701 978 843 1054 quis
871 995 1158 1055 umquam
1189 978 1371 1040 tantis
1401 980 1642 1055 opibuS,
1680 976 1863 1040 tantis
1897 979 2083 1039 rebus
2110 979 2301 1053 gestis
2334 982 2437 1042 suit

365 1063 468 1139 qui
514 1079 583 1123 se
627 1061 839 1137 populi
869 1062 1126 1123 Romani
1171 1061 1422 1124 victoris
1470 1061 1827 1138 dominique
1872 1062 2140 1123 omnium
2169 1065 2436 1138 gentium

365 1155 684 1221 patronum
728 1145 933 1206 dicere
973 1146 1267 1207 auderet?
1351 1144 1450 1207 13.
1493 1148 1560 1206 ln
1605 1147 1740 1208 soro
1781 1145 1849 1204 L.
1885 1144 2136 1207 Antonii
2177 1154 2435 1209 statuam

365 1230 673 1302 videmus,
718 1228 878 1289 sicut
905 1230 1067 1288 illam
1097 1230 1163 1304 Q.
1196 1228 1490 1303 Tremuli,
1536 1230 1640 1305 qui
1669 1228 1971 1290 Hernicos
2006 1229 2437 1304 devicit,tante

364 1312 651 1373 Castoris.
714 1310 761 1372 Ο
790 1311 1224 1387 impudentiam
1253 1311 1700 1373 incredibilem!
1745 1313 2079 1374 Tantumne
2123 1313 2243 1373 sibi
2277 1332 2438 1375 sum·

364 1395 514 1471 psit,
561 1395 706 1471 quia
733 1396 991 1474 Mylasis
1022 1397 1328 1472 myrmillo
1347 1396 1678 1457 Thraecem
1714 1395 2038 1471 iugulavit,
2085 1397 2438 1460 familiarem

363 1497 562 1540 suum.
653 1478 927 1553 Quodam
960 1481 1143 1540 modo
1176 1479 1357 1541 istum
1388 1481 1546 1540 ferre
1579 1496 1936 1555 possemuS,
1974 1478 2028 1540 si
2058 1479 2117 1539 in
2148 1479 2271 1541 hoc
2305 1483 2439 1542 roro

362 1563 784 1638 spectantibus
814 1563 997 1623 vobis
1027 1565 1466 1638 depugnasset.
1544 1564 1669 1624 Sed
1710 1562 1864 1623 haec
1895 1579 2018 1623 una
2054 1570 2277 1624 statua.
2341 1568 2442 1625 Al-

364 1656 488 1707 tera
517 1646 596 1707 ab
619 1644 926 1721 equitibus
949 1646 1261 1719 RomaniS,
1295 1662 1456 1721 equo
1482 1645 1761 1721 publico:
1802 1645 1908 1722 qni
1940 1647 2080 1706 item
2106 1646 2442 1721 ascribunt,

359 1745 653 1794 PA‘rnono.
727 1729 913 1802 Quem
942 1746 1227 1805 umquam
1266 1731 1381 1790 iste
1412 1729 1564 1790 ordo
1596 1738 1914 1804 patronum
1943 1728 2309 1803 adoptavit?
2384 1732 2442 1792 Si

363 1829 758 1888 quemquam,
814 1811 1022 1872 debuit
1064 1828 1180 1871 me.
1240 1812 1363 1873 Sed
1409 1829 1506 1873 me
1549 1795 1775 1874 omitia
1840 1812 2028 1885 Quem
2071 1819 2438 1875 censorem?

364 1911 542 1972 quem
576 1893 1049 1970 imperatorem?
1125 1894 1225 1956 14.
1263 1898 1490 1971 Agrum
1519 1894 1596 1955 iis
1629 1894 1851 1956 divisit.
1912 1894 1958 1955 Ο
1991 1893 2309 1971 sordidos,
2345 1897 2447 1972 qui

361 1977 729 2054 acceperint,
761 1978 1132 2053 improbum,
1166 1979 1268 2054 qui
1302 1979 1564 2040 dederit!
1626 1982 1976 2040 Statucrunt
2007 1978 2188 2039 etiam
2219 1979 2449 2042 tribuni

360 2061 679 2135 militare8‚
731 2062 923 2138 quiin
954 2063 1227 2124 exercitu
1259 2063 1538 2124 Caesaris
1568 2063 1639 2122 11.
1675 2065 1934 2123 suerunt.
2019 2060 2165 2135 Quis
2203 2073 2308 2124 est
2335 2064 2451 2125 iste

362 2148 560 2211 ordo?
616 2147 786 2207 Multi
833 2147 1077 2206 fuerunt
1114 2146 1319 2207 multis
1358 2146 1418 2206 in
1455 2145 1795 2222 legionibus
1823 2161 1933 2220 per
1961 2153 2051 2206 tot
2076 2161 2309 2207 annos.
2375 2148 2457 2207 lis

363 2246 609 2305 quoque
664 2227 871 2289 divisit
912 2229 1273 2290 Semurium.
1343 2230 1605 2306 Campus
1658 2228 1912 2290 Martius
1961 2228 2268 2303 restabat,
2332 2230 2458 2291 nisi

361 2310 530 2389 prius
556 2329 691 2372 cum
718 2313 900 2371 fratre
922 2312 1196 2386 fugisset.
1234 2313 1359 2374 Sed
1383 2314 1535 2373 haec
1557 2329 1840 2387 agrorum
1862 2308 2209 2385 adsignatio
2235 2316 2462 2388 paullo

360 2405 531 2468 ante,
582 2394 872 2469 Quirites,
906 2394 972 2453 L.
1007 2395 1305 2468 CaesariS,
1343 2395 1658 2458 clarissimi
1688 2394 1803 2455 viri
1835 2403 1895 2455 et
1929 2395 2466 2470 praestantissimi

361 2478 683 2554 senatoris,
715 2479 1015 2540 sententia
1047 2479 1347 2541 dissoluta
1373 2489 1486 2544 est.
1539 2479 1694 2539 Huic
1715 2478 1872 2538 enim
1896 2476 2145 2538 adsensi
2172 2490 2467 2554 septem-

358 2562 557 2626 virum
596 2572 731 2625 acta
774 2564 1151 2626 sustulimus.
1208 2565 1418 2625 Iacent
1443 2561 1743 2624 beneficia
1771 2561 2072 2622 Nuculaez
2116 2560 2318 2638 friget
2356 2582 2471 2640 pa-

360 2657 576 2710 tronus
592 2648 915 2709 Antonius.
938 2648 1088 2709 Nam
1114 2663 1520 2723 possessores
1542 2644 1744 2706 animo
1765 2644 2059 2720 aequiore
2083 2644 2471 2709 discedente

358 2733 585 2795 nullam
610 2731 948 2809 impensam
972 2733 1270 2794 fecerant:
1305 2732 1575 2793 nondum
1597 2728 2024 2802 instruxerant,
2050 2729 2282 2801 partim
2319 2734 2480 2808 quia

360 2832 482 2879 non
516 2817 925 2891 confidebant,
957 2816 1175 2892 partim
1208 2815 1352 2891 quia
1373 2832 1494 2875 non
1524 2813 1848 2875 habebant.
1910 2810 2010 2874 15.
2041 2810 2173 2871 Sed
2194 2812 2322 2875 illa
2349 2825 2481 2877 sta·

364 2908 464 2959 tua
494 2899 802 2974 palmaris,
833 2901 911 2960 de
941 2916 1081 2975 qua,
1112 2899 1165 2959 si
1193 2899 1445 2960 meliora
1471 2905 1748 2973 tempora
1776 2902 2004 2970 essent,
2032 2911 2157 2955 non
2190 2913 2484 2972 possem

361 2980 496 3042 sine
523 2983 654 3043 risu
683 2983 919 3043 dicere=
963 2985 1028 3043 L.
1061 2985 1340 3043 Amomo
1372 3001 1416 3042 A
1442 2983 1593 3043 hmo
1634 2996 1823 3040 memo
1852 2993 2150 3039 Pii-mono.
2238 2981 2489 3044 Itane?

359 3064 545 3124 lanus
586 3062 824 3126 medius
867 3065 928 3125 in
958 3067 1022 3129 L.
1053 3066 1301 3128 Antonii
1344 3066 1622 3126 clientela
1666 3070 1802 3125 est?
1872 3061 2017 3136 Quis
2050 3079 2385 3139 umquam
2429 3067 2489 3126 in

360 3144 464 3205 illo
506 3148 653 3206 Iano
695 3147 978 3209 inventus
1021 3158 1116 3210 est
1158 3149 1262 3224 qui
1290 3150 1356 3209 L.
1386 3148 1653 3210 Antonio
1697 3147 1859 3207 mille
1899 3162 2221 3207 nummum
2275 3151 2496 3210 ferret

362 3236 752 3301 expensum?
833 3232 938 3290 VI.
983 3231 1108 3292 Sed
1136 3232 1316 3294 nimis
1345 3235 1532 3294 multa
1563 3233 1640 3292 de
1670 3231 1878 3307 nugis=
1921 3230 2003 3292 ad
2031 3245 2313 3293 causam
2353 3235 2494 3294 bel·

363 3309 614 3383 lumqu'e
657 3313 1013 3373 redeamus:
1072 3332 1441 3392 quamquam
1481 3333 1604 3378 non
1646 3315 1911 3377 alienum
1965 3312 2077 3375 ruit
2133 3331 2496 3391 personas

365 3392 663 3467 quasdam
693 3411 729 3453 a
757 3394 935 3456 vobis
960 3400 1342 3474 recognosci,
1381 3409 1447 3462 ut
1477 3400 1838 3477 quibuscum
1871 3399 2097 3461 bellum
2126 3410 2499 3475 gereretur

251 3494 274 3515 κ.
366 3475 639 3555 possetis
667 3476 830 3537 taciti
862 3478 1148 3554 cogitare.

487 3556 620 3632 Ego
650 3568 848 3620 autem
872 3579 987 3622 vos
1017 3562 1251 3636 hortor,
1287 3566 1575 3641 QuiriteS,
1606 3575 1704 3643 ut,
1733 3566 1911 3630 etiam
1942 3566 1995 3629 si
2022 3566 2262 3631 melius
2301 3568 2498 3631 aliud
