2514 3928
832 313 1000 373 cAP.
1027 321 1294 376 45—48.
1331 314 1387 391 §-
1417 323 1717 377 98—103.
2179 274 2186 280 ⁴
2247 315 2333 377 39

249 464 612 540 timidiores,
660 465 911 525 desunt:
963 474 1324 540 permanent
1361 465 1444 525 illi
1484 465 1602 527 soli
1642 473 1827 541 atque
1860 463 2063 527 omnia
2093 466 2182 527 rei
2219 485 2320 543 pu-

250 548 447 609 blicae
479 564 668 610 causa
698 551 1044 624 perferunt,
1076 549 1180 626 qui
1212 557 1357 610 sunt
1387 550 1573 624 tales,
1602 550 1801 629 qualis
1837 559 2010 627 pater
2038 559 2212 624 tuuS,
2242 551 2302 611 M

249 633 482 694 Scaure
499 679 514 707 ,
547 633 682 706 l‘uit,
719 631 821 707 qui
857 651 894 693 a
918 633 979 693 C.
1008 633 1286 694 Graccho
1310 650 1511 710 usque
1540 634 1619 695 ad
1643 634 1709 709 Q.
1732 635 1984 695 Varium
2011 634 2328 696 seditiosis

249 717 534 777 omnibus
563 717 808 791 restitit,
849 734 1031 792 quem
1063 734 1398 792 numquam
1430 718 1553 779 ulla
1585 717 1708 790 viS,
1752 719 1913 778 ullae
1942 719 2171 791 minae,
2204 719 2328 779 ulla

250 800 481 861 invidia
504 800 816 874 labefecit,
850 807 955 862 aut
982 801 1181 878 qualis
1205 801 1275 875 Q.
1298 801 1581 862 Metellus
1597 848 1612 876 ,
1637 809 1893 878 patruus
1918 804 2126 864 matris
2150 810 2325 863 tuae=

250 886 351 961 qui
390 902 578 961 quum
608 883 927 946 florentem
956 885 1266 947 hominem
1294 885 1353 945 in
1393 884 1676 962 populari
1705 887 1973 962 ratione,
2015 886 2081 944 L.
2120 885 2324 946 Satur-

226 970 485 1041 ninum,
531 985 753 1030 censor
783 977 1060 1032 notasset
1096 986 1411 1047 quumque
1453 967 1765 1032 insitivum
1810 970 2149 1030 Gracchum
2183 985 2326 1030 con-

247 1070 339 1114 tra
371 1053 489 1113 vim
522 1052 925 1114 multitudinis
967 1051 1253 1116 incitatae
1300 1070 1494 1115 censu
1537 1052 1963 1130 prohibuisset
2012 1069 2327 1130 quumque

249 1135 308 1200 in
339 1154 473 1217 eam
501 1139 715 1213 legem,
744 1154 930 1213 quam
955 1154 1075 1198 non
1099 1139 1232 1199 iure
1260 1147 1537 1214 rogatam
1570 1137 1900 1212 iudicarat,
1932 1137 2134 1199 iurare
2164 1154 2326 1199 unus

249 1220 580 1296 noluisset,
629 1221 709 1282 de
748 1220 993 1282 civitate
1037 1222 1250 1283 maluit
1293 1239 1472 1297 quam
1517 1222 1596 1283 de
1636 1223 1937 1285 sententia
1986 1220 2324 1295 demoveri,

247 1313 383 1376 aut,
424 1313 489 1366 ut
518 1312 727 1365 vetera
770 1305 1083 1378 exempla,
1131 1321 1393 1378 quorum
1436 1314 1533 1366 est
1574 1306 1753 1381 copia
1787 1306 1972 1382 digna
1999 1307 2183 1368 huius
2215 1305 2323 1366 im-

251 1387 408 1462 perii
440 1386 665 1461 gloria,
691 1386 1032 1461 relinquam
1067 1402 1226 1447 neve
1256 1403 1469 1447 eorum
1500 1387 1782 1462 aliquem,
1822 1391 1927 1464 qui
1956 1391 2184 1465 vivunt,
2214 1407 2323 1450 no-

253 1468 509 1541 minem,
557 1468 758 1544 qualis
793 1485 992 1543 nuper
1023 1469 1089 1542 Q.
1123 1469 1371 1529 Catulus
1404 1471 1546 1542 fuit,
1596 1487 1775 1544 quem
1816 1489 2021 1549 neque
2066 1472 2323 1547 periculi

253 1559 590 1628 tempestas
625 1568 828 1627 neque
859 1552 1111 1626 honoris
1144 1568 1300 1612 aura
1329 1553 1526 1629 potuit
1552 1569 1839 1630 umquam
1873 1555 1952 1614 de
1993 1571 2106 1616 suo
2138 1571 2325 1618 cursu

250 1644 357 1698 aut
387 1653 501 1711 spe
534 1645 639 1698 aut
667 1643 829 1697 metu
859 1637 1210 1698 demovere.

413 1722 679 1793 XLVIII.
716 1718 858 1783 102.
890 1722 1058 1782 Haec
1091 1718 1425 1794 imitamini,
1457 1737 1571 1797 per
1599 1721 1755 1782 deos
1781 1719 2187 1782 immortales!
2222 1722 2324 1797 qui

247 1803 632 1882 dignitatem,
681 1804 786 1880 qui
820 1806 1096 1882 laudem,
1143 1803 1251 1882 qui
1282 1803 1538 1880 gloriam
1574 1803 1888 1882 quaeritis.
1976 1806 2147 1866 Haec
2201 1821 2324 1865 am-

247 1891 347 1964 pla
376 1897 546 1962 sunt,
580 1890 734 1950 haec
764 1888 1000 1962 divina,
1026 1889 1181 1951 haec
1207 1888 1601 1951 immortalia=
1634 1890 1787 1950 haec
1816 1891 1978 1951 fama
2006 1890 2322 1951 celebran-

244 1985 369 2049 tur,
399 1973 1143 2056 monumentisannalium
1180 1975 1562 2049 mandantur,
1596 1973 1938 2049 posteritati
1973 1990 2322 2053 propagan-

243 2068 358 2119 tur.
454 2061 562 2122 Est
586 2060 773 2129 labor,
819 2072 944 2117 non
987 2072 1182 2132 nego:
1218 2059 1463 2132 pericla
1516 2074 1765 2133 maana,
1810 2057 2041 2121 fateor:
2096 2063 2325 2121 multae

237 2144 502 2205 insidiae
526 2151 664 2204 sunt
687 2144 883 2204 bom‘s:
919 2141 1239 2202 verissime
1268 2143 1494 2202 dictum
1525 2150 1640 2203 est.
1692 2140 1817 2202 Sed
1847 2150 1906 2203 te

322 2228 410 2289 Id
419 2274 435 2300 ,
465 2230 625 2303 quod
651 2229 822 2288 multi
843 2228 1176 2299 invideant,
1214 2228 1496 2301 multique
1520 2233 1832 2302 expetant,
1857 2229 2091 2298 inscitia
2120 2233 2233 2299 est,

237 2311 470 2387 inqust,

325 2398 643 2464 postulare
657 2442 672 2469 ,
703 2398 824 2456 nisi
848 2397 1110 2457 laborem
1137 2411 1368 2455 summa
1396 2410 1532 2455 cum
1557 2411 1711 2456 cura
1739 2394 1997 2469 ecferas.

233 2480 474 2543 Nollem
542 2479 705 2540 idem
766 2480 887 2539 alio
952 2480 1093 2539 loco
1163 2476 1456 2550 dixisset,
1552 2478 1720 2553 quod
1786 2475 2148 2552 exciperent
2207 2474 2314 2535 im·

236 2562 421 2642 probi
452 2561 655 2624 cives:
702 2564 964 2635 Oderint,
994 2563 1138 2624 dum
1166 2570 1442 2624 metuant.
1484 2561 1803 2622 Praeclara
1831 2560 1990 2621 enim
2015 2560 2118 2621 illa
2142 2575 2321 2637 prae-

234 2655 422 2724 cepta
451 2648 709 2708 dederat
739 2645 1054 2708 iuventuti.
1143 2647 1283 2712 203.
1341 2647 1465 2708 Sed
1510 2654 1713 2708 tamen
1759 2646 1913 2706 hacc
1958 2643 2061 2706 via
2104 2660 2180 2706 ac
2224 2658 2318 2702 ra-

235 2733 318 2795 tio
349 2732 443 2791 rei
477 2730 762 2806 publicae
792 2732 1222 2807 capessendae
1248 2729 1390 2791 olim
1422 2738 1554 2791 erat
1579 2728 1774 2803 magis
1804 2727 2323 2804 pertimescenda,

236 2832 430 2893 quum
465 2814 670 2876 multis
710 2814 769 2874 in
815 2816 1002 2876 rebus
1033 2813 1438 2876 multitudinis
1463 2813 1733 2874 studium
1767 2821 1874 2886 aut
1905 2808 2123 2888 populi
2155 2825 2321 2872 com-

236 2900 495 2964 modum
523 2899 602 2959 ab
632 2898 886 2960 utilitate
915 2897 1005 2960 rei
1034 2898 1320 2973 publicae
1365 2897 1776 2973 discrepabat.
1845 2892 2188 2956 Tabellaria
2217 2894 2326 2956 lex

237 2986 315 3046 ab
350 2985 426 3045 L.
467 2982 683 3043 Cassio
721 2983 1047 3044 ferebatur.
1117 2982 1394 3058 Populus
1424 2982 1762 3043 libertatem
1792 2978 1891 3056 agi
1937 2979 2189 3054 putabat
2217 2996 2320 3040 su-

236 3087 356 3134 am.
415 3065 877 3128 Dissentiebant
904 3066 1216 3144 principes
1246 3075 1309 3128 et
1342 3065 1404 3125 in
1437 3067 1636 3127 salute
1670 3062 2050 3141 optimatium
2080 3061 2322 3124 temeri·

241 3163 426 3226 tatem
444 3149 843 3212 multitudinis
856 3158 915 3211 et
930 3151 1188 3212 tabellae
1214 3150 1518 3211 licentiam
1545 3147 2080 3226 pertimescebant.
2123 3147 2323 3221 Agra·

238 3238 392 3300 riam
424 3234 514 3296 Ti.
546 3234 858 3296 Gracchus
899 3236 1097 3311 legem
1130 3234 1400 3294 ferebat..
1454 3233 1638 3294 Grata
1669 3241 1801 3292 erat
1830 3230 2094 3306 populo=
2133 3230 2325 3322 fortu-

237 3337 354 3382 nae
388 3316 680 3381 constitui
710 3318 1054 3379 tenuiorum
1085 3317 1468 3378 videbantur.
1536 3316 1893 3377 Nitebantur
1922 3320 2135 3373 contra
2165 3319 2323 3384 opu-

238 3413 470 3476 mateS‚
535 3403 703 3478 quod
763 3411 823 3464 et
889 3400 1262 3462 discordiam
1318 3398 1573 3459 excitari
1632 3397 1924 3458 videbant
1984 3402 2073 3465 et,
2132 3408 2320 3486 q¹¹.¹¹¹¹3

241 3488 587 3564 locupletes
638 3484 1146 3563 possessionibus
1213 3481 1518 3544 diuturnis
1576 3484 2001 3544 moverentur,
2065 3474 2323 3548 spoliari
