2514 3928
312 245 415 299 14⁷
946 235 1112 295 CAP.
1144 243 1377 297 7—10.
1423 242 1476 304 S.
1508 243 1769 298 18—24.
2276 235 2404 299 445

318 386 597 464 periculo
642 403 779 448 meo
825 385 1222 461 cogitandum·
1244 386 1511 459 putatis?
1578 385 1678 445 IX.
1721 386 1832 446 Hic
1870 405 2053 462 quum
2097 404 2299 448 essem
2344 389 2402 447 in

321 471 472 546 urbe
501 486 576 530 ac
605 469 801 542 domi,
838 476 1037 529 tamen
1070 469 1259 529 multa
1283 483 1474 543 saepe
1504 475 1791 544 temptata
1820 478 1990 545 sunt,
2021 471 2122 532 ubi
2154 487 2250 531 me
2282 488 2403 531 non

319 555 521 614 solum
554 551 886 613 amicorum
916 551 1211 626 fidelitaS,
1249 550 1364 611 sed
1393 551 1571 611 etiam
1602 552 1924 612 universae
1952 553 2212 615 civitatis
2242 554 2404 614 oculi

315 636 707 699 custodiunt=
756 636 904 712 quid
936 635 1234 709 censetiS,
1273 651 1459 709 quum
1490 635 1604 695 iter
1632 633 1950 707 ingressus
1979 652 2112 709 ero,
2157 639 2402 712 longum

320 722 715 796 praesertim,
758 720 1036 779 nullasne
1066 717 1321 779 insidias
1354 716 1899 779 extimescendas?
1927 718 2076 778 Tres
2108 720 2239 779 viae
2263 729 2407 781 sunt

318 805 401 864 ad
431 802 752 874 Mutinam,
788 819 910 878 quo
943 801 1187 862 festinat
1216 801 1487 876 animus,
1523 809 1587 862 ut
1628 817 1810 876 quam
1850 800 2283 882 primum-illud
2316 804 2406 878 pi·

319 897 479 962 gnus
511 884 804 945 libertatis
835 882 1368 960 populi-Romani,
1400 885 1469 943 D.
1499 885 1782 957 Brutum,
1819 884 2102 959 aspicere
2136 885 2424 960 pessima.

319 969 497 1030 cuius
529 970 588 1028 in
615 970 944 1045 complexu
965 967 1222 1029 libenter
1243 975 1582 1028 extremum
1605 967 1763 1028 vitae
1788 967 2066 1044 spiritum
2090 967 2406 1042 ediderim,

314 1070 507 1129 quum
531 1068 745 1115 omnes
769 1053 1042 1113 actiones
1065 1052 1279 1113 horum
1298 1053 1608 1123 mensium,
1632 1065 1845 1112 omnes
1871 1050 2211 1113 sententiae
2232 1067 2407 1112 meae

317 1136 710 1213 pervenerint
738 1138 817 1197 ad
850 1153 1019 1211 eum,
1062 1135 1165 1212 qui
1192 1134 1338 1195 mihi
1370 1134 1479 1194 ruit
1515 1134 1901 1210 proposituS,
1945 1134 2194 1195 exitum.
2255 1135 2406 1195 Tres

312 1236 499 1296 ergo,
533 1228 603 1281 ut
635 1220 795 1294 dixi,
824 1221 992 1280 viae=
1023 1236 1060 1279 a
1091 1234 1317 1294 supero
1354 1217 1505 1278 mari
1525 1218 1847 1279 Flaminia=
1881 1219 1959 1279 ab
1989 1219 2186 1280 infero
2209 1221 2404 1279 Aure—

317 1302 428 1364 lia:
473 1304 675 1364 media
703 1302 933 1364 Cassia.
1000 1303 1101 1365 23.
1134 1303 1338 1375 Nunc,
1370 1319 1634 1377 quaeso,
1666 1301 1954 1362 attendite
1986 1319 2126 1363 num
2165 1302 2407 1362 aberret

313 1402 356 1445 a
379 1385 730 1447 coniectura
759 1385 1026 1463 suspitio
1071 1384 1326 1462 periculi
1353 1386 1488 1448 mei.
1530 1386 1828 1447 Etruriam
1859 1385 2237 1446 discriminat
2259 1385 2405 1446 Cas·

316 1471 429 1530 sia.
485 1469 806 1531 Scimusne
835 1470 1046 1545 igitur,
1074 1470 1302 1543 Pansa,
1351 1469 1572 1543 quibus
1601 1470 1660 1528 in
1699 1469 1853 1531 locis
1884 1486 2047 1530 nunc
2081 1471 2160 1531 sit
2188 1472 2406 1531 Lento-

319 1555 413 1614 nis
446 1553 768 1615 Caesennii
800 1554 1247 1630 septemviralis
1280 1551 1658 1614 auctoritas?
1697 1553 2029 1613 Nobiscum
2059 1571 2172 1613 nec
2200 1554 2403 1614 animo

315 1646 484 1697 certe
514 1646 609 1699 est
642 1653 757 1698 nec
790 1653 1072 1711 corpore.
1137 1636 1202 1697 Si
1231 1644 1432 1696 autem
1470 1644 1574 1696 aut
1604 1636 1770 1697 domi
1801 1645 1897 1697 est
1931 1645 2036 1697 aut
2069 1655 2189 1697 non
2222 1638 2405 1711 longe

316 1737 355 1779 a
384 1721 597 1791 domo,
639 1728 802 1781 certe
836 1719 895 1779 in
930 1721 1170 1781 Etruria
1197 1727 1321 1791 est,
1351 1718 1413 1779 id
1445 1729 1568 1791 est,
1602 1720 1660 1779 in
1697 1720 1816 1779 via.
1876 1719 2022 1794 Quis
2052 1720 2230 1795 igitur
2259 1720 2400 1778 mihi

317 1812 592 1879 praestat
628 1804 966 1865 Lentonem
1023 1820 1144 1864 uno
1199 1802 1398 1879 capite
1449 1819 1591 1864 csse
1641 1809 2035 1863 contentum?
2095 1802 2206 1863 Dic
2258 1801 2403 1862 mibi

314 1896 664 1963 praeterea,
694 1886 926 1959 Pansa,
953 1885 1280 1947 Ventidius
1312 1885 1416 1947 ubi
1461 1886 1566 1959 sit,
1600 1886 1696 1946 cui
1741 1887 1825 1945 sui
1867 1903 2112 1962 semper
2149 1886 2399 1957 amicuS,

317 1979 459 2031 ante
491 1988 672 2044 quam
704 1971 804 2031 ille
834 1970 925 2032 rei
959 1972 1238 2047 publicae
1267 1970 1571 2046 bonisque
1602 1972 1884 2030 omnibus
1916 1977 2036 2030 tam
2066 1980 2275 2044 aperte
2311 1977 2405 2028 est

317 2055 519 2114 factus
560 2052 861 2115 inimicus.
928 2056 1190 2116 Possum
1221 2054 1495 2116 Cassiam
1534 2054 1750 2125 vitare,
1795 2062 2001 2113 tenere
2031 2051 2382 2112 Flaminiam

314 2135 507 2211 Quid,
549 2137 604 2197 si
639 2139 988 2209 Anconam,
1031 2146 1099 2199 ut
1136 2137 1383 2211 dicitur,
1424 2136 1753 2197 Ventidius
1797 2135 2058 2209 venerit,
2103 2142 2403 2210 poterone

318 2220 653 2280 Ariminum
688 2228 816 2281 tuto
847 2222 1187 2282 accedere?
1232 2223 1446 2282 Restat
1471 2220 1740 2280 Aurelia.
1799 2220 1912 2279 Hic
1943 2219 2189 2294 quidem
2222 2217 2399 2279 etlam

315 2304 623 2380 praesidia
656 2303 928 2365 habebo:
958 2305 1398 2380 possessiones
1417 2307 1586 2364 enim
1619 2312 1761 2364 sunt
1793 2303 1856 2362 P.
1893 2302 2115 2365 Clodii:
2158 2310 2282 2363 tota
2316 2303 2399 2360 sa-

317 2386 481 2446 milia
505 2394 813 2449 occurret=
844 2387 1113 2463 hospitio
1149 2386 1425 2448 invitabit
1452 2397 1704 2462 propter
1734 2387 2191 2448 familiaritatem
2215 2383 2402 2446 notis·

318 2470 552 2531 simam.
637 2473 710 2531 X.
753 2469 858 2533 24.
903 2470 1091 2532 Hisce
1119 2487 1236 2546 ego
1269 2469 1386 2531 viis
1413 2488 1509 2530 me
1544 2473 1937 2544 committam,
1969 2472 2072 2546 qui
2099 2470 2403 2529 Termina-

313 2553 476 2614 libus
507 2570 705 2629 nuper
745 2556 807 2614 in
838 2553 1225 2628 suburbium,
1274 2561 1339 2615 ut
1371 2555 1586 2614 eodem
1618 2554 1717 2613 die
1751 2563 2120 2624 reverterer,
2162 2551 2251 2612 ire
2284 2567 2399 2610 non

303 2653 455 2698 vsum
485 2644 723 2698 ausus?
765 2636 1134 2699 Domesticis
1161 2653 1262 2697 me
1291 2635 1626 2712 parietibus
1661 2637 1764 2695 vix
1800 2645 1976 2697 tueor
2008 2635 2141 2697 sine
2177 2634 2400 2694 amico—

320 2741 455 2785 rum
499 2724 817 2786 custodiis.
899 2726 1113 2800 Itaque
1155 2725 1212 2785 in
1252 2730 1434 2793 urbe,
1478 2723 1532 2784 si
1573 2721 1804 2794 licebit,
1845 2721 2129 2781 manebo.
2217 2721 2385 2779 Haec

316 2823 457 2867 mea
486 2809 674 2878 sedes
708 2816 829 2876 est,
876 2807 1031 2868 haec
1066 2809 1298 2884 vigilia,
1332 2808 1486 2868 haec
1517 2806 1830 2874 custodia,
1861 2804 1980 2864 hoc
2011 2803 2382 2878 praesidium

317 2891 629 2953 stativum.
718 2894 993 2953 Teneant
1025 2891 1126 2951 alii
1157 2905 1379 2963 castra,
1423 2907 1630 2966 regna,
1674 2905 1776 2950 res
1807 2888 2091 2948 bellicas:
2142 2886 2382 2947 oderint
2452 2928 2455 2929 ν

319 2974 597 3036 hostem:
629 2993 770 3036 nam
800 2975 921 3037 hoc
953 2982 1139 3051 caput
1170 2984 1294 3035 est:
1329 2990 1474 3047 n08‚
1507 2981 1576 3034 ut
1606 2973 1864 3034 facimus
1896 2986 2269 3047 semperque
2297 2971 2379 3029 se-

316 3059 535 3132 cimus,
564 3060 781 3120 urbem
804 3068 864 3121 et
884 3073 987 3118 res
1009 3059 1276 3119 urbanas
1302 3057 1621 3124 vobiscum
1646 3058 1877 3132 pariter
1894 3056 2213 3116 tuebimur.
2270 3055 2381 3136 Ne-

322 3158 443 3214 que
467 3158 612 3205 vero
640 3159 860 3204 recuso
889 3158 1110 3204 munus
1136 3143 1285 3203 hoc:
1319 3158 1688 3216 quamquam
1724 3144 2019 3217 populum
2040 3140 2379 3199 Romanum

317 3225 502 3286 video
540 3242 654 3301 pro
690 3243 789 3288 me
820 3242 1130 3288 recusare.
1188 3228 1378 3287 Nemo
1418 3241 1515 3284 me
1543 3224 1755 3286 minus·
1776 3225 2048 3295 timiduS,
2085 3238 2263 3282 nemo
2298 3226 2381 3278 ta·

315 3325 459 3370 men
479 3311 734 3372 cautior.
778 3313 902 3372 Res
917 3313 1205 3372 declarat.
1245 3307 1596 3371 Vicesimus
1611 3325 1810 3370 annus
1823 3316 1937 3376 est,
1965 3323 2148 3381 quum
2166 3319 2380 3365 omncs

320 3393 609 3454 scelerati
642 3410 743 3455 me
774 3412 962 3455 unum
997 3401 1233 3471 petunt.
1305 3395 1522 3469 Itaque
1551 3393 1699 3468 ipsi,
1734 3407 1812 3451 ne
1841 3392 2041 3451 dicam
2072 3389 2246 3457 milii,
2291 3386 2382 3445 rei

317 3478 605 3551 publicae
620 3494 861 3557 poenas
886 3481 1217 3540 dederunt:
1244 3493 1344 3538 mc
1364 3480 1605 3538 salvum
1618 3475 1821 3536 adhuc
1845 3491 1946 3534 res
1965 3472 2213 3559 publica
2238 3483 2381 3529 con·
