2514 3928
357 261 484 326 370
652 260 730 319 IN
758 259 840 319 M.
869 257 1275 319 ANTONIUM
1306 255 1590 317 ORATlo
1619 255 2044 317 PH1L1P1>10A
2075 256 2148 317 V.
2369 260 2441 319 ⁷2

361 430 521 491 quae
549 409 667 473 nisi
693 407 1051 472 auctoritate
1078 417 1333 469 senatus
1363 405 1822 481 rescinduntur,
1853 405 2140 482 quoniam
2165 405 2438 482 ingressi

360 498 420 559 in
448 511 624 572 spem
650 493 741 555 rei
769 491 1053 571 publicae
1080 491 1539 568 recuperandae
1569 507 1780 552 sumus
1796 535 1812 564 ‚
1858 489 2057 567 imago
2087 489 2258 551 nulla
2284 489 2436 551 libe·

360 597 465 642 rae
524 577 787 640 civitatis
832 575 1225 651 relinquetur.
1315 572 1416 636 12.
1467 573 1681 649 Neque
1738 573 1938 636 solum
1980 573 2438 635 commentariis

364 660 801 727 commenticiis
851 657 1400 735 chirographisque
1426 656 1766 718 .venalibus
1821 656 2278 718 innumerabilis
2330 673 2433 733 pe-

365 747 545 810 cunia
585 753 882 821 congesta
920 742 983 804 in
1029 743 1192 804 illam
1231 742 1480 802 domum
1511 748 1633 811 est,
1681 758 1897 816 quum,
1938 757 2097 817 quae
2129 741 2441 801 vendebat

359 830 665 893 Antonius
682 876 698 905 ,
726 846 802 889 ea
829 844 906 890 se*
927 843 1006 887 ex
1033 825 1187 887 actis
1217 824 1498 886 Caesaris
1526 840 1712 899 agere
1745 823 2005 899 diceret,
2035 824 2150 885 sed
2179 832 2440 885 senatus

365 917 545 977 etiam
592 914 875 975 consulta
902 908 1167 988 pecunia
1193 916 1452 985 accepta
1481 908 1633 967 falsa
1661 907 1993 969 referebam
2037 906 2441 986 syngraphae

362 997 868 1073 obsignabantur=
901 1001 1154 1056 senatus
1182 993 1462 1054 consulta
1494 1008 1824 1067 numquam
1849 992 2007 1052 sacta
2029 992 2109 1051 ad
2132 992 2441 1053 aerarium

361 1081 809 1143 deserebantur.
877 1076 1072 1138 Huius
1111 1074 1501 1151 turpitudinis
1545 1082 1734 1136 testes
1775 1082 1950 1136 erant
1976 1074 2159 1136 etiam
2184 1083 2444 1171 efferae

362 1163 659 1225 nationes.
722 1160 1002 1223 Foedera
1030 1160 1260 1222 interea
1292 1161 1482 1221 facta:
1524 1175 1715 1234 regna
1742 1159 1910 1220 data-2
1939 1156 2157 1235 populi
2182 1158 2438 1235 provin·

241 1269 246 1270 ⁷
358 1253 618 1328 eiaeque
642 1251 965 1315 liberatae:
997 1252 1403 1329 ipsarumque
1426 1268 1630 1313 rerum
1655 1255 1852 1313 falsae
1880 1250 2125 1312 tabulae
2144 1258 2442 1325 gemente

359 1338 595 1413 populo
612 1338 893 1400 Romano
912 1344 1045 1399 toto
1064 1338 1364 1415 capitolio
1389 1336 1754 1414 figebantur.
1789 1335 2022 1410 Quibus
2047 1334 2242 1396 rebus
2264 1340 2446 1394 tanta

351 1420 619 1498 pecunia
635 1439 761 1483 una
782 1422 844 1482 in
858 1423 1046 1484 domo
1063 1428 1433 1483 coacervata
1447 1428 1561 1489 est.
1588 1428 1674 1491 ut,
1700 1420 1756 1482 si
1769 1420 1892 1482 hoc
1913 1435 2112 1496 genus
2125 1417 2443 1495 pecuniae

353 1503 416 1565 in
447 1506 749 1567 aerarium
776 1505 1110 1581 redigatur,
1144 1523 1267 1568 non
1294 1505 1377 1567 sit
1399 1505 1658 1580 pecunia
1688 1504 1776 1565 rei
1808 1504 2092 1580 publicae
2120 1503 2440 1564 defutura.

463 1589 565 1647 ·V.
608 1588 834 1663 Legem
864 1586 1043 1648 etiam
1071 1584 1448 1648 iudiciariam
1477 1584 1638 1661 tulit,
1667 1586 1853 1647 homo
1885 1594 2093 1648 castus
2120 1593 2319 1662 atque
2345 1586 2437 1647 in-

360 1681 560 1748 teger,
591 1671 952 1732 iudiciorum
984 1678 1044 1731 et
1071 1669 1221 1730 iuris
1249 1678 1483 1731 auctor.
1547 1671 1614 1729 In
1653 1687 1776 1745 quo
1805 1687 1923 1732 nos
1953 1668 2180 1731 fefellit.
2243 1672 2438 1732 Ante-

359 1755 654 1830 signanos
695 1763 757 1815 et
799 1755 1207 1830 manipulares
1255 1761 1317 1814 et
1343 1754 1619 1814 Alaudas
1657 1753 1896 1815 iudices
1935 1770 2007 1815 se
2034 1751 2441 1816 constituisse

361 1836 624 1899 dicebat.
679 1838 764 1899 At
789 1838 891 1898 ille
919 1836 1064 1913 legit
1091 1838 1425 1912 aleatores,
1465 1834 1611 1913 legit
1638 1838 1920 1912 exsuloS,
1963 1835 2109 1913 legit
2135 1836 2439 1899 Graecos.

357 1920 409 1982 0
441 1936 807 1983 consessum
836 1920 1105 1984 iudicum
1139 1922 1552 1998 praeclarum!
1597 1936 1635 1982 o
1666 1920 2014 1997 dignitatem
2047 1919 2295 1982 consilii
2327 1922 2438 1984 ad·

358 2004 727 2066 mirandam!
786 2003 885 2068 13.
914 2007 1075 2067 Avct
1119 2004 1358 2066 animus
1398 2007 1563 2081 apud
1607 2005 1925 2067 consilium
1969 2004 2117 2067 illud
2163 2022 2285 2082 pro
2323 2022 2440 2067 reo

359 2089 597 2151 dicere!
639 2089 870 2169 Cydam
899 2089 1279 2164 Cretensem,
1316 2097 1660 2167 portentum
1689 2090 1958 2164 insulae,
1984 2087 2298 2150 hominem
2326 2106 2440 2152 au·

358 2172 756 2234 dacissimum
788 2181 850 2235 et
878 2171 1377 2250 perditissimum.
1423 2172 1550 2234 Sed
1573 2174 1669 2233 fac
1690 2190 1813 2235 non
1843 2188 2018 2235 esse:
2050 2190 2195 2234 num
2213 2172 2441 2235 Latine

361 2253 523 2316 scit?
563 2270 708 2317 num
738 2264 834 2317 est
866 2273 945 2317 ex
969 2254 1233 2316 iudicum
1265 2272 1495 2335 genere
1522 2265 1584 2318 et
1611 2257 1848 2318 forma?
1881 2274 2055 2331 num,
2097 2258 2270 2333 qnod
2305 2274 2438 2319 ma·

354 2338 592 2403 ximnm
636 2346 764 2412 est,
807 2341 977 2415 leges
1006 2347 1252 2402 nostras
1281 2355 1567 2401 moresve
1594 2340 1808 2403 novit?
1847 2358 1988 2402 num
2017 2340 2290 2417 denique
2322 2340 2439 2404 ho·

353 2421 555 2483 mines
572 2428 603 2481 ‘3
641 2422 754 2484 Est
779 2421 938 2483 enim
971 2424 1145 2484 Creta
1172 2423 1352 2485 vobis
1380 2423 1581 2486 notior
1609 2441 1792 2500 quam
1821 2425 2017 2486 Roma
2039 2424 2272 2503 Cydae.
2326 2421 2438 2486 Di-

355 2506 558 2567 lectus
600 2514 799 2567 autem
841 2515 901 2568 et
943 2506 1170 2568 notatio
1206 2507 1471 2569 iudicum
1501 2506 1678 2569 etiam
1703 2507 1765 2568 in
1796 2507 2023 2569 nostris
2054 2507 2296 2569 civibus
2326 2508 2437 2569 ha·

357 2589 489 2650 beri
518 2591 695 2652 solet.
727 2589 1087 2670 Gortynium
1120 2605 1269 2653 vero
1303 2589 1565 2651 iudicem
1589 2590 1731 2667 quis
1756 2590 1925 2653 novit
1945 2598 2052 2652 aut
2074 2590 2212 2666 quis
2237 2608 2439 2653 nosse

361 2675 601 2750 potuit?
650 2674 802 2735 Nam
830 2672 1604 2757 LysiademAtheniensem
1645 2674 1926 2752 plerique
1951 2674 2256 2737 novimus.
2320 2674 2440 2737 Est

358 2756 523 2819 enim
567 2757 856 2832 Phaedri,
910 2755 1265 2834 philosophi
1307 2755 1558 2831 nobiliS,
1613 2756 1811 2820 filius2
1869 2757 2052 2820 homo
2106 2765 2439 2834 praeterea

359 2842 634 2914 festivae,
662 2851 733 2904 ut
755 2843 813 2904 ei
843 2858 981 2914 cum
1005 2843 1186 2906 Curio
1211 2859 1595 2906 consessore
1606 2844 1967 2919 eodemque
1996 2846 2317 2907 collusore
2345 2844 2441 2904 l'a·

360 2921 582 2984 cillime
596 2928 802 3002 possit
815 2928 1169 2990 convenire.
1208 2928 1304 2988 14.
1329 2928 1570 3004 Quaero
1591 2927 1793 3004 igitur,
1817 2926 1871 2988 si
1881 2926 2443 3004 Lysiadescitatus

360 3007 547 3069 iudex
568 3025 694 3070 non
710 3011 1104 3085 responderit
1115 3020 1576 3087 excuseturque
1585 3011 1999 3088 Areopagites
2015 3029 2162 3074 esse
2182 3027 2308 3074 nec
2326 3013 2443 3073 de-

357 3091 509 3152 bere
533 3092 754 3152 eodem
771 3101 1055 3171 tempore
1075 3097 1313 3157 Romae
1335 3103 1399 3157 et
1413 3095 1672 3158 Athenis
1695 3111 1799 3158 res
1821 3094 2111 3171 iudicare,
2137 3096 2443 3172 accipiet-

360 3190 441 3234 ne
463 3175 925 3238 excusationem
942 3178 1029 3253 is,
1054 3179 1159 3255 qui
1190 3178 1542 3256 quaestioni
1563 3178 1852 3256 praeerit,
1877 3179 2162 3243 Graeculi
2185 3179 2440 3254 iudiciS,

360 3256 546 3318 modo
582 3259 828 3334 palliati,
861 3264 1046 3323 modo
1072 3264 1266 3340 togati
1278 3266 1327 3327 *l*
1348 3280 1427 3325 an
1460 3263 1925 3327 Atheniensium
1962 3263 2441 3341 antiquissimas

357 3340 533 3436 leges
563 3341 869 3418 negliget?
908 3346 1024 3422 Qui
1044 3363 1232 3422 porro
1271 3347 1374 3411 ille
1407 3364 1768 3422 consessuS,
1798 3348 1862 3410 di
1890 3349 2066 3411 boni!
2112 3347 2440 3411 Cretensis

358 3423 547 3484 iudex
574 3423 755 3500 isque
776 3427 1216 3504 nequissimus.
1260 3433 1453 3509 Quem
1475 3435 1557 3495 ad
1580 3435 1828 3496 modum
1849 3433 1932 3495 ad
1953 3433 2119 3495 hunc
2141 3448 2294 3494 reus
2325 3431 2440 3492 ad—

359 3507 559 3580 leget?
602 3525 727 3583 quo
766 3513 953 3574 modo
985 3515 1286 3578 accedat?
1333 3518 1500 3580 Dura
1525 3518 1693 3581 natio
1721 3525 1836 3580 est.
1891 3520 1978 3579 At
2003 3516 2436 3579 Athenienses
