2514 3928
42 237 112 296 71
560 264 563 267 -
791 225 954 286 CAP.
990 236 1036 287 1.
1065 231 1119 293 s.
1152 235 1278 286 1-—
1297 233 1352 286 3.
1711 279 1716 283 .
2004 224 2136 291 175

46 382 151 448 egit
176 381 241 430 ils
272 380 609 437 orationibus,
644 391 858 440 quarum
879 368 1086 426 alteram
1105 377 1156 426 in
1189 377 1438 441 contione,
1477 376 1682 428 alteram
1713 391 1833 427 vero
1864 377 2042 428 habuit
2071 379 2133 427 ia

43 457 242 500 senatu.
316 447 482 498 Causa
510 446 698 512 pendet
733 460 798 496 ex
832 444 1106 496 aedilitatis
1136 445 1410 511 petitione,
1450 446 1502 495 in
1553 460 1653 509 qua
1705 445 2003 512 designatus
2046 457 2130 496 est

48 516 302 576 Plancius,
349 517 606 581 repulsam
636 513 824 564 ferente
855 514 1085 564 Iuventio
1117 514 1391 564 Laterense
1426 515 1665 579 patriciae
1703 513 1943 575 familiae,
1977 529 2132 564 sena-

43 594 153 637 tore
190 598 291 635 non
317 583 509 634 minore
546 582 781 633 facundia
813 598 968 647 quam
1005 582 1208 648 generis
1253 581 1510 631 nobilitate
1559 583 1789 647 praedito
1809 619 1824 645 ,
1872 584 1958 646 qui
1988 587 2132 633 nune
2183 632 2189 639 ,

53 655 211 703 etiam
243 666 385 720 reum
418 652 480 702 de
510 651 769 702 sodaliciis
803 651 924 701 facit
958 651 1209 701 invidioso
1241 649 1452 700 erimine
1486 657 1535 699 et
1563 651 1663 700 reis
1692 650 1965 702 metuendo
2002 660 2121 717 pr'o—

48 729 163 787 pter
196 721 389 770 iudices
419 719 680 780 editicios,
727 719 791 770 de
825 735 1042 784 quorum
1076 719 1373 770 condicione
1408 733 1564 783 cupra
1611 718 1852 774 diximus.
1924 721 2121 771 Princi-

45 791 229 855 paliter
296 790 503 852 quidem
549 789 903 840 coniecturalis
945 788 1176 839 defensio
1225 795 1331 849 eet,
1393 786 1628 837 videlieet
1674 796 1876 838 oratore
1935 789 2131 839 nitente

44 857 298 908 Plancium
327 873 426 908 nou
458 858 702 924 pecuniae
735 856 1031 925 largitione,
1064 857 1158 908 sed
1195 857 1483 924 integritate
1520 870 1717 906 morum
1741 864 1793 907 et
1828 871 1997 906 rerum
2032 872 2126 922 ge·

44 935 234 978 starum
273 929 506 978 monor-ia
543 926 754 978 aedilem
798 942 912 978 esee
948 926 1157 990 factm.
1230 924 1464 992 [Constat.
1505 931 1675 975 autem
1728 923 1818 979 Cn.
1861 924 2128 975 Plancium

50 995 339 1046 absolutum
377 1010 491 1046 esse
533 1010 594 1045 ae
626 995 862 1060 proximo
893 1009 1026 1045 anno
1065 993 1376 1046 aedilitatem
1415 995 1665 1059 gessisse,
1709 994 1815 1047 vid.
1864 993 2132 1044 Ciceronis

43 1065 118 1114 ad
149 1063 211 1126 Q.
244 1065 464 1128 fratrem
494 1065 642 1126 epist.
683 1063 775 1113 lib.
813 1064 904 1114 111.
942 1078 1026 1128 ep.
1060 1064 1100 1112 1.
1135 1061 1179 1128 §-
1215 1062 1292 1127 4.]

128 1229 173 1285 Ι.
219 1223 277 1286 1.
320 1225 515 1300 Quum
559 1232 811 1302 propter
843 1226 1148 1300 egregiam
1207 1234 1270 1286 et
1316 1225 1446 1299 sing
1515 1242 1682 1287 arem
1723 1229 1827 1289 Cn.
1872 1227 2130 1302 Plancii,

44 1309 300 1380 iudices„
334 1309 392 1367 in
417 1324 553 1368 mea
574 1309 772 1368 salute
797 1306 1198 1368 custodienda
1219 1308 1402 1367 fidem
1432 1313 1469 1366 t.
1579 1310 1802 1371 multos
1824 1316 1885 1370 et
1915 1311 2127 1372 bonos

52 1390 219 1451 viros
243 1389 377 1451 eius
400 1388 620 1452 honori
647 1390 919 1451 viderem
943 1405 1086 1451 esse
1110 1390 1400 1463 fautoreS,
1430 1387 1747 1465 capiebam
1769 1392 1969 1452 animo
1995 1410 2124 1453 nou

49 1474 420 1535 mediocrem
453 1475 846 1551 voluptatem,
885 1473 1055 1550 quod
1087 1473 1260 1534 cuius
1292 1471 1559 1533 officium
1595 1471 1740 1533 mihi
1769 1473 1948 1535 saluti
1972 1475 2115 1536 luis·

46 1564 170 1629 set,
219 1556 274 1616 ei
318 1572 590 1618 meorum
647 1563 986 1633 temporum
1038 1557 1390 1618 memoriam
1444 1554 1767 1632 suffragari
1807 1555 2128 1618 videbam:

45 1656 230 1714 quum
275 1647 477 1702 autem
510 1638 784 1702 audirem
817 1656 990 1702 meos
1021 1638 1239 1716 partim
1273 1638 1583 1713 inimicos„
1622 1640 1836 1716 partim
1877 1639 2128 1703 invidos

44 1725 182 1785 huic
216 1724 596 1785 accusationi
627 1740 770 1785 esse
804 1725 1069 1786 fautores
1103 1723 1505 1799 eamdemque
1545 1737 1672 1784 rem
1702 1725 2125 1786 adversariam

42 1823 185 1870 esse
219 1808 279 1867 in
310 1806 532 1869 iudicio
559 1808 665 1868 Cn.
688 1807 953 1882 Plancio,
988 1823 1147 1884 quae
1176 1806 1237 1868 in
1267 1805 1560 1884 petitione
1590 1807 1809 1870 ruisset
1833 1808 2125 1884 adiutrix,

43 1890 321 1952 dolebam
341 1936 358 1967 ,
388 1889 657 1966 iudiceS,
693 1899 754 1952 et
781 1892 1003 1953 acerbe
1027 1891 1334 1967 ferebam,
1376 1891 1430 1952 si
1458 1890 1637 1953 huius
1670 1893 1838 1955 salus
1870 1892 1949 1953 ob
1979 1910 2122 1954 eam

43 1973 243 2051 ipsam
272 1989 521 2035 causam
552 1984 721 2037 esset
751 1974 1057 2049 infestior,
1097 1976 1266 2051 quod
1307 1972 1365 2037 is
1408 1990 1603 2037 meam
1639 1976 1897 2039 salutem
1929 1983 2122 2053 atque

41 2059 228 2120 vitam
261 2074 377 2119 sua
395 2058 820 2119 benevolentia
854 2128 857 2130 ,
892 2058 1200 2135 praesidio
1244 2059 1649 2136 custodiaque
1694 2060 1967 2121 texisset.
2053 2060 2114 2121 2.
2210 2077 2215 2081 ·

42 2142 216 2203 Nune
242 2148 442 2202 autem
471 2149 694 2217 vester,
729 2139 988 2216 iudices,
1026 2149 1397 2219 conspectus
1427 2150 1488 2203 et
1509 2158 1848 2206 consessus
1879 2143 1993 2204 iste
2020 2158 2115 2202 re-

45 2223 171 2287 ficit
209 2231 271 2285 et
297 2232 536 2286 recreat
568 2232 827 2287 mentem
867 2242 1096 2299 meam,
1136 2244 1323 2303 quum
1364 2223 1605 2288 intueor
1646 2233 1707 2287 et
1734 2228 2124 2303 contemplor

43 2326 225 2369 unum
264 2324 571 2387 quemque
600 2318 889 2371 vestrum.
977 2310 1176 2371 Video
1208 2311 1367 2370 enim
1397 2309 1517 2370 hoe
1550 2308 1610 2371 in
1643 2326 1893 2372 numero
1924 2311 2111 2372 nemi-

42 2408 180 2453 nem
219 2390 320 2453 cui
361 2408 499 2453 mea
538 2394 707 2456 salus
749 2411 872 2456 non
903 2410 1046 2455 cara
1077 2392 1283 2469 fuerit,
1329 2390 1517 2455 cuius
1548 2410 1672 2456 non
1703 2401 1900 2456 exstet
1926 2392 1985 2453 in
2016 2410 2120 2453 me

46 2492 344 2537 summum
374 2474 681 2551 meritum,
721 2478 817 2539 cui
851 2495 972 2538 non
1012 2476 1126 2539 sim
1157 2478 1487 2541 obstrictus
1518 2478 1806 2539 memoria
1833 2475 2118 2537 beneficii

45 2559 434 2634 sempiterna.
520 2561 733 2636 Itaque
773 2578 897 2622 non
942 2561 1281 2621 extimesco
1307 2576 1387 2621 ne
1418 2560 1524 2621 Cn.
1553 2559 1799 2620 Plancio
1834 2558 2118 2620 custodia

41 2658 218 2702 meae
249 2643 461 2704 salutis
497 2645 664 2721 apud
693 2660 804 2705 eos
836 2644 1013 2717 obsit,
1052 2644 1155 2719 qui
1193 2658 1290 2703 me
1318 2644 1438 2719 ipsi
1468 2644 1732 2704 maxime
1762 2643 1998 2702 salvum
2027 2641 2114 2700 vi-

41 2725 192 2786 dere
222 2726 571 2801 voluerunt,
618 2726 1026 2804 saepiusque,
1071 2724 1338 2799 iudiceS,
1377 2723 1520 2785 mihi
1560 2725 1726 2785 venit
1760 2724 1818 2784 in
1851 2731 2116 2786 mentem

41 2807 462 2869 admirandum
497 2826 639 2871 esse
667 2811 748 2871 M.
776 2811 1196 2883 Laterensem,
1251 2807 1557 2870 hominem
1590 2805 2116 2870 studiosissimum

38 2900 100 2953 et
129 2888 437 2967 dignitatis
467 2900 527 2954 et
554 2895 769 2957 salutis
798 2910 988 2969 meae,
1020 2911 1188 2956 reum
1220 2891 1337 2954 sibi
1356 2890 1517 2952 hunc
1541 2889 1925 2967 potissimum
1949 2894 2113 2954 dele-

36 2975 210 3051 gisse
239 2992 421 3051 quam
448 2978 837 3048 metuendum
870 2995 947 3038 ne
976 2977 1154 3039 vobis
1182 2976 1244 3037 id
1270 2976 1368 3036 ille
1390 2990 1609 3049 magna
1630 2974 1866 3039 ratione
1891 2977 2117 3038 recisse

39 3059 336 3120 videatur.
392 3060 452 3123 3.
497 3060 874 3137 Quamquam
915 3060 1057 3121 mihi
1102 3076 1225 3122 non
1269 3075 1445 3121 sumo
1481 3064 1707 3123 tantum
1747 3077 1951 3136 neque
2002 3061 2109 3120 ad·

36 3157 220 3219 rogo,
252 3140 529 3224 iudices,
565 3151 632 3206 ut
660 3144 765 3204 Cn.
794 3144 1099 3205 Plancium
1129 3144 1262 3206 suis
1292 3159 1437 3220 erga
1465 3160 1563 3204 me
1591 3142 1820 3207 meritis
1854 3140 2107 3219 impuni-

39 3234 222 3287 tatem
253 3236 650 3289 conseeutum
683 3235 907 3304 putem.
963 3227 1088 3289 Nisi
1111 3227 1246 3289 eius
1276 3227 1719 3301 integerrimam
1750 3227 1953 3298 vitam,
1980 3242 2110 3285 mo·

40 3308 437 3373 destissimos
471 3328 704 3385 more8‚
741 3328 1037 3373 summam
1066 3312 1280 3385 fldem,
1312 3310 1773 3382 continentiam,
1809 3308 2116 3383 pietatem,

37 3392 450 3455 innocentiam
482 3396 841 3470 ostendero,
886 3394 1032 3455 nihil
1081 3397 1158 3456 de
1189 3411 1390 3471 poena
1418 3392 1751 3455 recusabo=
1784 3390 1879 3450 sin
1910 3384 2111 3479 omnia

31 3476 438 3553 praestitero,
479 3494 639 3555 quae
670 3488 812 3541 sunt
839 3496 877 3540 a
905 3479 1085 3541 bonis
1112 3478 1261 3539 viris
1292 3474 1728 3551 exspectanda,
1771 3477 1989 3543 petam,
2020 3481 2091 3522 nu-
