2514 3928
149 190 202 226 vt
833 173 1214 226 PROOEMIUM
1244 174 1565 226 EDITORIS.

144 329 258 380 cap.
299 313 379 364 12.
433 312 504 362 Ne
543 313 655 376 quis
687 321 856 362 autem
892 311 989 362 hoc
1023 312 1185 376 dicat,
1224 321 1493 377 propterea
1530 313 1661 363 hanc
1697 313 1909 364 sormam
1949 331 1979 365 a
2010 330 2091 364 me
2121 317 2248 367 reci—

139 383 381 448 piendam
410 397 511 432 non
537 383 725 447 fuisse,
761 383 897 444 quod
923 381 1098 432 Cicero
1122 383 1426 446 saepissime
1460 383 1563 433 diei
1594 383 2091 447 dixerit·,numquam
2118 384 2246 435 alias

144 454 253 503 dies
277 452 376 502 hoc
404 451 612 515 quidem
640 465 784 514 casu,
812 465 1150 501 commemoro
1179 450 1410 501 librarios
1443 452 1551 501 eius
1576 452 1714 502 modi
1749 453 1941 504 formas
1970 453 2077 503 fere
2110 469 2137 503 e
2166 453 2245 504 Ci-

146 523 348 571 ceronis
375 521 580 586 scriptis
606 520 875 570 sustulisse
904 535 998 586 pro
1030 521 1195 583 iisque
1220 519 1411 570 formas
1436 522 1725 573 usitatiores
1747 525 2005 586 posuisse,
2031 530 2086 571 ut
2111 523 2249 585 quod

147 605 284 640 nunc
322 605 423 640 uno
459 598 653 640 tantum
689 589 843 640 modo
881 588 963 640 vel
1001 589 1162 639 altero
1202 588 1312 639 loco
1355 591 1667 650 inveniatur,
1706 598 1793 642 aut
1828 592 2070 641 librorum
2106 598 2247 641 vetu-

140 660 486 710 stissimorum
533 659 826 709 auctoritate
862 667 950 708 aut
985 660 1435 725 grammaticorum
1468 661 1759 711 testimonio
1800 663 1946 711 nobis
1988 661 2246 717 traditum,

141 729 198 778 id
246 730 454 793 antiquo
498 736 725 795 tempore
769 728 930 778 multo
975 729 1180 792 saepius
1228 729 1474 792 scriptum
1516 729 1678 780 fuisse
1723 730 1986 796 probabile
2030 731 2114 782 sit.
2191 730 2249 780 Id

142 800 367 861 pertinet
410 798 564 848 etiam
600 799 668 848 ad
701 799 783 861 id,
837 798 976 861 quod
1012 805 1224 848 testatur
1252 796 1627 849 Scholiasta
1657 798 2011 850 Bobiensis
2047 799 2149 850 vol.
2183 799 2244 848 11.

142 881 198 930 P.
224 867 364 919 *131.
398 867 516 918 Mai.
556 867 679 916 olim
718 866 903 917 lectum
940 866 1099 916 fuisse
1134 867 1189 916 in
1239 868 1405 917 verbis
1443 869 1798 931 sequentibus=
1835 869 1907 920 Et
1940 868 2241 932 notabiliter,

143 937 322 999 iuquit,
358 937 522 986 media
543 937 686 987 verbi
713 943 867 1000 parte
895 936 1155 986 subtracta
1187 950 1285 986 non
1314 939 1527 1000 implevit
1549 937 1767 989 omnibus
1789 939 2002 1006 syllabis
2031 938 2067 987 d
2077 939 2175 987 ixi
2184 953 2248 987 ε-

142 1014 268 1071 set,
311 1006 408 1056 sed
446 1006 657 1071 dixet,
711 1016 766 1054 ut
801 1004 975 1055 Cicero
1020 1005 1287 1070 scripsisse
1324 1007 1583 1057 videatur:
1630 1006 1692 1056 St·
1729 1008 1875 1059 dixet
1916 1009 2040 1058 haec
2073 1010 2247 1070 solum,

141 1077 270 1125 omni
293 1075 541 1139 supplicio
567 1082 701 1125 esset
732 1075 926 1140 diynus.
969 1075 1098 1125 Nam
1124 1089 1280 1137 quam
1309 1075 1655 1126 Lucretius
1688 1079 1858 1142 posuit
1889 1077 2102 1127 formam
2128 1090 2249 1125 con·

138 1146 307 1209 fluxet
355 1144 444 1196 lib.
486 1145 527 1194 Ι.
570 1161 618 1194 v.
658 1143 801 1209 987„
842 1160 990 1207 quam
1034 1147 1217 1210 poetae
1267 1144 1418 1193 etiam
1453 1147 1578 1195 ⁴aevi
1621 1149 1870 1211 Augustei
1914 1155 2242 1212 usurparunt,

141 1216 298 1276 vixet,
335 1213 452 1262 vide
487 1213 850 1278 Virgilium
876 1215 1009 1270 Aen.
1040 1214 1128 1268 lib.
1162 1213 1248 1265 XI.
1276 1229 1324 1264 v.
1354 1213 1487 1272 118..
1524 1217 1825 1281 exstinxem,
1866 1217 1985 1266 vide
2014 1214 2249 1264 eumdem

145 1283 218 1337 ib.
257 1283 344 1333 lib.
385 1283 474 1334 IV.
512 1298 561 1333 v.
601 1282 720 1335 606.
771 1283 838 1333 cl.
875 1284 1224 1335 Prisciano
1272 1282 1364 1336 lib.
1415 1284 1497 1337 10.
1548 1284 1643 1334 col.
1683 1284 1803 1336 882.
1842 1284 2069 1344 Putsch.,
2118 1297 2250 1346 quos

142 1353 305 1402 secuti
329 1358 446 1401 sunt
471 1353 622 1403 etiam
644 1354 972 1419 posterioreS,
997 1352 1133 1403 conf.
1157 1353 1357 1417 adfixet
1374 1355 1513 1418 apud
1529 1352 1697 1404 Siliu
1712 1369 1760 1402 m
1786 1355 1871 1404 lib.
1885 1355 2021 1404 XIV.
2038 1370 2086 1404 v.
2103 1351 2248 1412 526„

144 1422 321 1485 quidni
370 1437 484 1472 eam
521 1424 757 1489 posuerit
794 1424 944 1473 etiam
980 1422 1049 1470 M.
1087 1422 1325 1471 Tullius?
1373 1421 1500 1471 Nam
1539 1424 1586 1472 si
1632 1425 1745 1485 quis
1796 1422 1893 1471 hoc
1942 1423 2105 1481 dicat,
2147 1421 2251 1470 hoc

144 1507 246 1541 uno
273 1492 383 1542 loco
409 1494 519 1541 eius
543 1491 739 1542 formae
761 1492 980 1555 vestigia
1010 1491 1242 1553 reperiri,
1266 1491 1311 1539 ei
1347 1491 1567 1554 primum
1585 1489 1683 1538 hoc
1704 1489 2002 1554 responderi
2039 1491 2249 1552 poterit,

144 1564 298 1612 etiam
334 1562 552 1625 advexe,
593 1561 743 1623 dixe,
782 1560 954 1624 traxe,
989 1557 1255 1622 abstraxe,
1294 1566 1568 1622 protraxe,
1601 1560 1958 1621 circumspexe,
2001 1557 2250 1622 despexe,

144 1630 369 1695 abduxe‚
403 1629 670 1693 produxe,
709 1626 968 1692 subduxe,
1007 1629 1189 1690 illexe,
1229 1642 1453 1676 surrexe
1489 1626 1744 1676 Ciceronis
1781 1626 2018 1690 aequales
2056 1626 2253 1676 dixisse

145 1707 195 1748 et
233 1700 448 1748 fortasse
487 1700 654 1762 ipsum
702 1710 920 1760 quoque.
993 1694 1121 1745 Tum
1169 1695 1266 1746 hoc
1301 1697 1454 1745 etiam
1492 1696 1912 1746 considerandum
1950 1706 2059 1756 est,
2109 1697 2252 1759 quod

144 1783 280 1818 nunc
315 1766 473 1817 semel
509 1774 705 1815 tantum
739 1766 893 1815 modo
932 1766 1228 1823 inveniatur,
1268 1765 1320 1815 id
1353 1765 1521 1830 ipsum
1559 1765 1679 1816 olim
1718 1767 1924 1832 saepius
1960 1765 2098 1830 apud
2132 1779 2249 1814 eum

145 1837 332 1886 lectum
365 1835 551 1886 fuisse:
587 1835 723 1899 qnod
759 1835 881 1886 item
917 1834 1106 1885 sactum
1133 1849 1246 1885 esse
1272 1835 1507 1885 videmus
1541 1836 1592 1884 in
1628 1834 1791 1886 forma
1826 1842 2083 1885 contracta
2117 1834 2253 1883 dixti

145 1921 239 1971 pro
272 1906 470 1966 dixisti,
504 1920 635 1970 quae
671 1905 792 1955 olim
819 1907 906 1955 vix
922 1919 1023 1954 uno
1047 1904 1270 1955 alterove
1292 1905 1342 1953 in
1366 1905 1479 1954 loco
1500 1903 1753 1955 Ciceronis
1782 1905 2077 1962 habebatur,
2116 1917 2251 1951 nunc

145 1979 247 2026 iam
277 1976 508 2040 pluribus
535 1976 662 2025 locis
694 1983 829 2025 recte
864 1976 1096 2027 restituta
1130 1983 1236 2039 est,
1268 1975 1426 2040 veluti
1448 1989 1551 2037 pro
1584 1976 1801 2027 Caecina
1827 1991 1939 2040 cap.
1964 1972 2051 2025 29.
2079 1974 2129 2034 5.
2156 1971 2245 2022 82.

152 2046 211 2099 tl.
253 2045 683 2105 Quintiliano
714 2047 830 2098 inst.
869 2053 1005 2098 orat.
1035 2045 1120 2097 lib.
1158 2045 1252 2097 IX.
1289 2060 1402 2111 cap.
1436 2044 1487 2097 3.
1524 2046 1573 2107 5.
1614 2047 1701 2098 22.
1740 2047 1804 2096 de
1833 2044 2015 2107 finibus
2049 2042 2137 2093 lib.
2180 2042 2246 2093 II.

148 2129 258 2178 cap.
302 2113 355 2167 3.
401 2117 452 2178 5.
491 2115 575 2166 10.
615 2130 728 2165 cum
770 2116 1014 2181 Madvigii
1057 2114 1386 2165 adnotatione
1420 2115 1484 2164 ad
1522 2130 1569 2167 e.
1605 2114 1661 2175 l.,
1710 2116 1773 2165 de
1822 2122 2007 2163 natura
2044 2112 2249 2161 deorum

149 2183 237 2234 lib.
272 2184 386 2238 VII.
421 2199 532 2249 cap.
568 2183 623 2239 9.
662 2186 710 2246 5.
747 2185 832 2237 23.
872 2184 944 2235 ad
977 2184 1199 2234 Atticum
1235 2183 1328 2236 lib.
1359 2184 1495 2234 XIII.
1531 2198 1642 2249 cap.
1666 2183 1751 2235 32.
1779 2186 1831 2245 5.
1873 2182 1944 2243 3.,
1975 2181 2063 2231 ubi
2099 2181 2245 2230 intel-

148 2254 277 2303 lexti
305 2262 439 2303 recte
477 2256 581 2303 iam
620 2256 673 2303 in
706 2255 1021 2304 Ascensiana
1051 2255 1201 2302 tertia
1235 2255 1477 2318 scriptum
1512 2263 1605 2305 est.
1679 2251 1782 2303 Sed
1817 2266 1950 2301 nunc
1985 2250 2241 2312 dixissem,

150 2323 287 2384 quod
326 2325 374 2371 in
413 2323 555 2372 libris
592 2331 693 2381 est,
736 2337 795 2373 eo
834 2324 944 2373 loco
983 2322 1193 2386 reliqui,
1227 2323 1366 2372 volui
1402 2331 1574 2372 tamen
1603 2321 1702 2373 hoc
1734 2325 1935 2380 testari,
1977 2320 2107 2368 male
2141 2331 2244 2367 non

151 2392 316 2441 facere
363 2393 451 2455 qui
486 2393 699 2457 recipiat
741 2392 842 2441 hoc
884 2407 1086 2456 quoque
1122 2391 1234 2442 loco
1273 2392 1488 2443 sormam
1526 2399 1848 2445 contractam.
1922 2388 2093 2439 Paullo
2128 2397 2250 2452 post

151 2476 269 2526 cap.
309 2460 392 2513 13.
429 2463 481 2523 5.
518 2460 605 2512 29.
645 2462 839 2512 obtinui
883 2463 1108 2510 omnium
1161 2460 1405 2512 librorum
1451 2462 1750 2527 scripturam
1784 2460 1940 2511 hanc:
1990 2458 2122 2520 Quid
2155 2456 2250 2506 hoe

148 2530 336 2580 homine
361 2532 569 2597 facias?
597 2540 690 2582 aut
718 2546 813 2597 quo
838 2532 987 2582 civem
1014 2532 1337 2594 importunum
1368 2539 1456 2581 aut
1485 2546 1580 2596 quo
1606 2532 1772 2595 potius
1795 2530 1982 2581 hostem
2013 2537 2112 2577 tam
2136 2541 2246 2576 see-

149 2603 364 2651 leratum
397 2602 666 2653 reserves?
713 2600 816 2651 Sed
862 2615 925 2650 ne
960 2601 1076 2663 quis
1119 2600 1219 2650 hoc
1263 2602 1591 2666 pertinaciter
1625 2615 1707 2650 me
1745 2599 1913 2649 facere
1947 2599 2113 2661 dicat,
2159 2607 2248 2644 aut

152 2671 291 2731 quod
321 2674 489 2737 magis
526 2671 679 2721 etiam
716 2670 897 2720 mirum
933 2684 1045 2720 esse
1085 2670 1313 2730 videtur,
1364 2684 1668 2734 quamquam
1706 2668 1826 2719 fecit
1868 2668 1987 2718 olim
2031 2664 2085 2717 C.
2125 2664 2246 2713 Hal-

153 2741 305 2800 mius,
340 2756 420 2798 me
451 2742 632 2791 docere
662 2739 798 2801 velit,
839 2740 992 2790 verba
1017 2738 1105 2788 aut
1135 2753 1230 2803 quo
1253 2739 1423 2802 potius
1449 2739 1631 2789 hostem
1663 2746 1761 2788 tam
1788 2740 2085 2789 sceleratum
2116 2732 2245 2782 nihil

152 2808 294 2858 aliud
325 2812 600 2872 continere,
638 2810 738 2859 nisi
764 2811 1124 2859 correctionem
1153 2810 1295 2857 vocis
1327 2809 1478 2858 civem
1504 2810 1844 2871 importunum,
1876 2807 2020 2870 quasi
2058 2817 2153 2868 ego
2192 2802 2245 2851 id

153 2880 323 2943 ipsum
359 2880 628 2928 nescierim
657 2887 743 2928 aut
766 2878 938 2929 videre
962 2893 1064 2928 non
1087 2880 1359 2942 potuerim,
1389 2893 1726 2929 commemoro
1755 2876 2005 2926 interdurn
2032 2885 2244 2922 consue·

152 2949 329 2997 tudine
353 2949 573 3012 quadam
599 2948 801 2999 dicendi
825 2946 894 3003 M.
915 2947 1135 2997 Tullium
1158 2948 1310 2996 etiam
1333 2947 1404 2997 ibi
1424 2948 1474 2996 in
1501 2948 1612 2996 eius
1634 2948 1773 2997 modi
1798 2945 1924 2996 locis
1947 2942 2249 3007 repetivisse

153 3017 569 3084 interrogativum
603 3017 909 3082 particulam
941 3025 1028 3066 aut
1064 3029 1345 3081 pronomen
1375 3017 1813 3082 interrogativum,
1839 3014 1929 3064 ubi
1958 3011 2084 3062 nihil
2109 3010 2251 3059 alind

153 3085 252 3135 uisi
289 3087 599 3152 singularem
639 3102 830 3148 vocem,
869 3101 1018 3149 quam
1056 3094 1172 3135 ante
1210 3094 1467 3150 posuerat,
1502 3086 1755 3151 corrigere
1792 3082 2029 3145 voluerit,
2064 3080 2250 3143 quibus

156 3158 203 3203 in
238 3156 363 3206 locis
395 3157 654 3207 recitantis
689 3155 1047 3221 vocesingula
1078 3156 1150 3205 ita
1186 3154 1559 3221 pronuntianda
1603 3162 1739 3218 sunt,
1775 3163 1830 3204 ut
1862 3154 1943 3211 td,
1977 3150 2114 3214 quod
2145 3162 2243 3197 non

155 3233 231 3273 est
271 3227 493 3290 positum
543 3227 643 3275 nisi
684 3226 1065 3293 perspicuitatis
1112 3226 1355 3274 orationis
1391 3239 1572 3283 causa,
1609 3226 1776 3273 minus
1815 3223 2079 3281 efferatur,
2123 3216 2252 3267 illud

154 3303 323 3344 autem
354 3296 520 3360 magis
557 3310 680 3345 voce
716 3294 936 3353 tollatur,
971 3294 1107 3356 quod
1141 3295 1306 3358 ipsam
1337 3294 1698 3343 correctionem
1736 3298 1972 3348 continet,
2010 3288 2167 3338 veluti
2199 3288 2248 3334 in

156 3362 503 3415 Accusationtte
538 3363 625 3415 lib.
665 3365 755 3416 111.
794 3379 906 3428 cap.
947 3365 1031 3413 75.
1067 3364 1117 3425 5.
1158 3363 1278 3413 173.
1319 3363 1530 3413 dicitur:
1558 3361 1697 3424 Quae
1728 3371 1803 3413 est
1833 3374 1953 3424 erqo
1987 3361 2087 3409 ista
2118 3356 2251 3405 ratio

157 3439 245 3480 aut
285 3448 416 3497 quae
453 3435 622 3496 potius
658 3433 870 3483 amentia
903 3433 1197 3495 frumentum
1237 3432 1525 3496 improbare
1560 3432 1640 3497 id,
1684 3432 1818 3498 quod
1850 3446 1919 3481 ex
1957 3443 2015 3478 eo
2045 3430 2152 3476 loco
2184 3425 2252 3475 sit
