2514 3928
316 200 441 261 204
855 195 1004 257 PRO
1037 196 1150 256 CN.
1177 193 1505 256 PLANCIO
1537 194 1842 257 ORATIO.
2293 203 2411 259 106

316 365 551 411 sumus.
596 349 700 411 85.
734 347 1122 409 Admonuisti
1159 346 1358 421 etiam,
1391 347 1558 422 quod
1587 346 1647 406 in
1681 347 1856 407 Creta
1884 347 2131 422 fuisses,
2163 345 2403 410 dictum

313 433 563 509 aliquod
608 432 668 493 in
701 430 1053 507 petitionem
1100 440 1264 493 tuam
1294 429 1414 492 dici
1443 429 1750 506 potuisse=
1792 447 1891 507 me
1930 431 1993 490 id
2023 431 2402 506 perdidisse.

311 515 461 577 Uter
486 515 668 591 igitur
701 523 975 575 nostrum
1004 523 1102 577 est
1129 513 1411 589 cupidior
1439 512 1628 574 dicti?
1656 530 1854 589 egone
1874 560 1889 588 ,
1925 514 2031 590 qui
2068 514 2237 590 quod
2269 515 2403 577 dici

311 599 510 675 potuit
550 616 674 659 non
715 597 1006 672 dixerim,
1051 615 1130 680 an
1160 607 1255 672 tu,
1292 597 1399 673 qui
1436 597 1614 658 etiam
1654 598 1794 673 ipsc
1828 597 1891 658 in
1921 607 1980 659 te
2005 597 2279 659 dixeris?
2307 600 2400 660 Te

311 684 523 743 aiebas
553 684 631 743 de
664 683 782 745 tuis
803 683 997 743 <rebus
1025 681 1218 757 gestis
1250 682 1448 742 nullas
1477 679 1709 742 litteras
1740 681 2002 754 misisse,
2040 682 2212 758 quod
2243 682 2400 744 mihi

312 783 504 840 meae,
537 783 694 842 quas
720 766 801 828 ad
832 765 1096 842 aliquem
1129 763 1456 839 misissem,
1491 764 1859 827 obruissent:
1907 782 2063 841 quas
2094 781 2211 841 ego
2242 765 2399 827 mihi

314 851 593 913 obfuisse
621 866 744 912 non
766 849 1073 923 intelligo,
1106 848 1196 910 rei
1226 848 1513 923 publicae
1538 848 1720 908 video
1750 849 2056 923 prodesse
2084 849 2393 928 potuisse.

435 935 675 994 XXXV.
701 933 805 996 86.
839 932 962 992 Sed
995 939 1138 993 sunt
1161 931 1316 992 haec
1343 931 1606 1006 leviora,
1638 932 1743 992 illa
1781 949 1926 994 vero
1962 931 2173 1008 gravia
2201 942 2396 1008 atque

314 1033 564 1092 magna,
609 1017 777 1090 quod
805 1031 1007 1075 meum
1037 1016 1382 1075 discessum
1404 1059 1421 1088 ,
1447 1031 1629 1089 quem
1661 1032 1852 1090 saepe
1882 1015 2179 1089 defleraS,
2226 1033 2397 1076 nunc

314 1101 499 1175 quasi
533 1099 985 1173 reprehendere
1031 1107 1093 1160 et
1132 1099 1546 1159 subaccusare
1596 1099 1862 1161 voluisti.
1960 1097 2182 1160 Dixisti
2227 1100 2394 1160 enim

313 1200 437 1244 non
472 1182 763 1243 auxilium
794 1181 958 1256 mihi,
995 1182 1110 1242 sed
1138 1197 1235 1241 me
1263 1181 1490 1243 auxilio
1522 1180 1814 1244 defuisse.
1859 1183 1989 1258 Ego
2014 1198 2163 1243 vero
2195 1182 2395 1244 fateor

314 1283 432 1341 me,
463 1267 633 1342 quod
669 1265 923 1327 viderim
953 1264 1099 1327 mihi
1128 1264 1419 1327 auxilium
1449 1282 1572 1326 non
1603 1266 1846 1340 deesse,
1876 1265 2105 1327 idcirco
2135 1265 2278 1343 [me]
2302 1264 2393 1327 illi

312 1349 541 1411 auxilio
571 1349 951 1426 pepercisse.
1040 1349 1154 1422 Qui
1184 1349 1346 1413 enim
1381 1357 1604 1422 statuS‚
1638 1350 1804 1424 quod
1835 1351 2191 1422 discrimen,
2229 1366 2393 1425 quae

315 1433 494 1496 fuerit
533 1433 594 1494 in
636 1450 704 1495 rc
748 1433 992 1508 publica
1040 1441 1375 1508 tempestas
1413 1433 1516 1492 illa
1558 1432 1695 1508 quis
1727 1433 1966 1494 nescit?
2006 1431 2392 1494 Tribunicius

313 1535 411 1578 me
446 1525 641 1579 terror
681 1535 757 1578 an
795 1516 1141 1579 consularis
1185 1518 1356 1579 furor
1398 1515 1630 1579 movit?
1667 1518 1994 1578 Decertare
2036 1515 2186 1577 mihi
2225 1517 2392 1578 ferro

315 1618 598 1676 magnum
627 1601 738 1664 fuit
768 1617 906 1661 cum
933 1598 1210 1675 reliquiis
1238 1616 1483 1672 eorum,
1526 1616 1686 1674 quos
1729 1615 1846 1675 ego
1876 1600 2169 1661 florentes
2203 1607 2389 1676 atque

313 1686 585 1759 integros
617 1683 751 1743 sine
785 1686 946 1744 ferro
978 1681 1288 1744 viceram?
1321 1682 1619 1744 Consules
1648 1691 1794 1759 post
1819 1682 2133 1745 hominum
2159 1698 2387 1747 memo-

312 1768 464 1828 riam
495 1765 819 1829 taeterrimi
850 1775 1036 1841 atque
1068 1764 1437 1840 turpissimi,
1487 1765 1647 1829 sicut
1679 1775 1739 1828 et
1776 1766 1879 1827 illa
1908 1766 2212 1843 principia
2238 1766 2389 1828 ethi

313 1858 595 1911 recentes
628 1865 830 1909 rerum
876 1848 1078 1913 exitus
1112 1848 1525 1924 declararunt,
1569 1866 1831 1924 quorum
1870 1853 2024 1913 alter
2051 1849 2388 1913 exercitum

314 1931 607 2010 perdidit,
633 1933 786 1993 alter
818 1930 1119 2007 vendidit,
1165 1932 1384 2007 emptis
1414 1933 1749 2009 provinciis
1783 1952 1820 1997 a
1848 1942 2082 2010 senatu,
2111 1951 2150 1996 a
2176 1951 2246 1998 re
2276 1950 2386 2010 pu-

311 2017 502 2090 blica,
531 2034 570 2076 a
597 2015 778 2076 bonis
809 2014 1088 2077 omnibus
1117 2018 1495 2079 defecerantz
1541 2016 1648 2093 qui
1686 2018 1989 2094 exercitu,
2031 2017 2137 2093 qui
2180 2019 2385 2093 armis,

315 2100 423 2176 qui
452 2101 673 2176 opibus
703 2100 1025 2175 plurimum
1053 2109 1363 2174 poterant,
1402 2116 1590 2177 quum
1619 2101 1768 2176 quid
1798 2102 2092 2168 sentirent
2119 2101 2384 2166 nescire-

312 2193 425 2258 tur,
457 2183 688 2247 rurialis
718 2182 820 2245 illa
846 2200 990 2253 vox,
1030 2184 1278 2244 nefariis
1307 2186 1554 2261 stupris,
1586 2185 1893 2260 religiosis
1920 2184 2212 2252 altaribus
2237 2185 2382 2248 effe-

313 2268 560 2341 minata,
590 2282 801 2328 secum
837 2276 899 2328 et
924 2266 1065 2328 illos
1109 2274 1172 2327 et
1198 2270 1486 2332 consules
1518 2269 1720 2332 facere
1743 2269 2141 2334 acerbissime
2170 2285 2384 2344 perso-

313 2350 526 2411 nabatx
570 2359 823 2425 egentes
870 2350 933 2412 in
975 2351 1351 2426 locupletes,
1386 2350 1609 2427 perditi
1637 2351 1695 2412 in
1727 2353 1959 2425 bonos,
1988 2352 2153 2416 servi
2181 2354 2241 2413 in
2274 2353 2385 2414 do-

312 2435 512 2497 minos
551 2434 957 2500 armabantur.
1043 2430 1147 2497 87.
1192 2436 1275 2495 At
1315 2444 1446 2497 erat
1486 2450 1726 2497 mecum
1754 2444 2004 2499 senatus
2037 2443 2101 2497 et
2137 2434 2385 2511 quidem

310 2524 488 2579 veste
527 2524 782 2580 mutata=
828 2518 996 2593 quod
1042 2535 1154 2593 pro
1199 2534 1297 2578 me
1338 2536 1462 2580 uno
1503 2527 1650 2594 post
1676 2518 1988 2584 hominum
2030 2519 2382 2579 memoriam

297 2600 559 2680 publico
583 2599 840 2664 consilio
863 2608 1219 2678 susceptum
1240 2611 1354 2665 est.
1401 2602 1528 2663 Sed
1545 2604 1874 2665 recordare
1888 2602 1993 2680 qui
2016 2611 2144 2666 tum
2166 2601 2384 2666 suerint

311 2687 631 2750 consulum
665 2684 910 2752 nomine
935 2686 1166 2759 hostes,
1203 2685 1309 2762 qui
1339 2687 1455 2748 soli
1483 2683 1545 2750 in
1579 2685 1694 2748 hac
1721 2687 1876 2749 urbe
1904 2693 2182 2748 senatum
2206 2701 2381 2746 sena-

310 2769 397 2831 tui
440 2788 659 2845 parere
698 2787 823 2832 non
862 2770 1102 2844 sierint,
1143 2770 1472 2844 edictoque
1514 2785 1629 2831 suo
1668 2786 1792 2830 non
1838 2771 2066 2831 luctum
2107 2768 2382 2845 patribus

312 2854 715 2929 conscriptis,
758 2853 872 2916 sed
913 2852 1140 2913 indicia
1169 2853 1369 2912 luctus
1414 2850 1768 2913 ademerint.
1855 2856 1939 2921 At
1979 2861 2109 2915 erat
2146 2867 2381 2913 mecum

311 2941 569 2999 cunctus
593 2943 881 3010 equester
903 2935 1086 2995 ordo:
1121 2950 1303 3008 quem
1341 2935 1589 3010 quidem
1619 2935 1680 2996 in
1711 2934 2098 2998 contionibus
2129 2937 2379 2997 saltator

309 3018 409 3076 ille
452 3016 743 3078 Catilinae
786 3018 1006 3082 consul
1045 3016 1513 3094 proscriptionis
1580 3018 2039 3081 denuntiatione
2094 3018 2378 3082 terrebat.

308 3101 391 3160 At
419 3108 544 3161 tota
564 3100 735 3164 Italia
781 3108 1181 3161 convenerat:
1227 3100 1327 3162 cui
1363 3103 1609 3178 quidem
1633 3100 1779 3166 belli
1806 3102 2073 3166 intestini
2104 3112 2166 3165 et
2197 3099 2379 3161 vasti-

310 3183 448 3244 tatis
476 3192 674 3244 metus
704 3181 1094 3248 inferebatur.

433 3266 699 3331 XXXVI.
729 3265 916 3328 Hisce
947 3284 1064 3344 ego
1098 3267 1341 3330 auxiliis
1373 3270 1759 3331 studentibus
1787 3267 2263 3346 atqueincitatis
2292 3264 2378 3328 uti

307 3346 844 3424 me‚Laterensi8,
883 3350 1164 3427 potuisse
1205 3354 1534 3425 confiteor,
1583 3354 1700 3414 sed
1725 3360 1857 3416 erat
1884 3369 2005 3414 non
2048 3353 2211 3426 iure,
2253 3367 2376 3412 non

304 3431 566 3507 tegibus,
600 3450 721 3496 non
755 3434 1159 3511 disceptando
1194 3435 1659 3524 decertanduma
1702 3452 1842 3497 nam
1874 3436 2170 3513 profecto,
2199 3449 2373 3510 prae·

244 3599 297 3611 ᾳ
