2514 3928
123 141 204 204 92
698 139 846 200 PRO
882 140 971 233 Μ
1009 138 1286 201 CAELIO
1326 138 1631 199 ORATm.

127 295 306 366 triae,
343 308 658 368 quumque
691 291 792 352 ille
822 291 944 366 vir,
989 291 1096 368 qui
1137 308 1206 352 se
1251 301 1458 352 natum
1494 289 1636 353 huic
1672 289 1927 368 imperio
1966 291 2226 367 putavit,

124 377 300 439 tertio
334 376 434 437 die
469 385 611 451 post
639 392 820 451 quam
855 376 914 435 in
950 375 1146 448 curia,
1198 393 1378 450 quam
1423 375 1482 435 in
1524 375 1775 448 rostriS,
1820 393 2004 451 quam
2044 374 2106 436 in
2152 392 2226 436 re

124 460 372 537 publica
402 459 735 533 floruisset,
769 458 1156 535 integerrima
1175 468 1393 532 aetate,
1423 460 1654 534 optimo
1681 459 1906 531 habitu,
1938 458 2227 520 maximis

127 544 388 617 viribuS,
423 542 761 619 eriperetur
789 543 1213 619 indignissime
1241 543 1423 604 bonis
1454 542 1737 604 omnibus
1763 552 1948 618 atque
1977 542 2222 604 univer-

128 646 236 690 sae
282 627 528 689 civitati.
618 627 749 702 Quo
783 628 1029 704 quidem
1060 636 1337 709 tempore
1381 628 1510 699 ille,
1549 626 1849 698 morienS,
1884 644 2071 702 quum
2100 627 2221 688 iam

125 712 346 772 ceteris
394 728 471 773 ex
533 711 809 787 partibus
840 728 1145 787 oppressa
1175 728 1350 772 mens
1379 719 1563 782 esset,
1600 717 1934 772 extremum
1963 727 2222 772 sensum

127 797 205 856 ad
237 795 589 856 memoriam
616 795 706 857 rei
728 797 1012 872 publicae
1036 796 1421 856 reservabam
1455 810 1639 870 quum
1670 812 1769 855 me
1795 794 2040 855 intuens
2064 793 2219 855 flen-

129 889 247 941 tem
269 879 656 954 significabat
678 879 1030 955 interruptis
1054 887 1239 954 atque
1266 877 1660 939 morientibus
1686 877 1959 950 vocibus,
1988 888 2221 954 quanta

129 963 510 1038 impenderet
531 965 804 1038 procella
827 962 1024 1036 nobiS‚
1056 972 1283 1039 quanta
1307 971 1638 1037 tempestas
1670 960 1913 1033 civitati,
1937 970 2000 1022 et
2028 979 2220 1036 quum

128 1047 420 1122 parietem
457 1062 648 1121 saepe
680 1047 904 1108 feriens
929 1063 1086 1118 eum,
1119 1046 1223 1123 qui
1253 1062 1388 1107 cum
1414 1047 1474 1105 Ρ.
1502 1046 1713 1106 Catulo
1740 1047 1937 1106 ruerat
1955 1045 2019 1105 -ei
2049 1061 2216 1106 com-

125 1129 359 1205 muniS,
394 1131 609 1191 crebro
644 1131 935 1202 Catulum,
974 1147 1163 1206 saepe
1198 1148 1312 1203 me,
1357 1129 1722 1205 saepissime
1749 1146 1876 1190 rem
1909 1129 2214 1204 publicam

126 1213 494 1282 nominabat,
551 1223 617 1276 ut
649 1232 768 1275 non
794 1224 913 1276 tam
937 1231 1006 1275 se
1038 1214 1230 1276 emori
1263 1232 1444 1289 quam
1478 1213 1731 1289 spoliari
1763 1229 1878 1274 suo
1906 1212 2220 1288 praesidio

130 1315 315 1373 quum
342 1299 594 1374 patriam
620 1308 743 1361 tum
772 1299 952 1359 etiam
979 1316 1074 1361 me
1100 1299 1352 1360 doleret.
1395 1298 1496 1360 60.
1534 1299 1723 1372 Quem
1748 1296 1994 1372 quidem
2021 1297 2218 1358 virum

127 1384 177 1441 si
211 1383 375 1443 nulla
396 1382 498 1443 -vis
528 1382 830 1458 repentini
871 1382 1124 1443 sceleris
1161 1384 1541 1455 sustulisset,
1597 1399 1865 1457 quonam
1894 1383 2080 1443 modo
2111 1381 2215 1441 ille

129 1466 346 1527 furenti
382 1468 549 1527 fratri
590 1484 703 1528 suo
737 1466 1040 1544 [patrueli]
1071 1466 1415 1529 consularis
1448 1465 1801 1539 restitisset,
1850 1465 1954 1541 qui
2000 1467 2216 1527 consul

129 1549 519 1626 incipientem
544 1552 744 1610 furere
767 1558 952 1625 atque
975 1558 1297 1610 conantem
1320 1567 1435 1611 sua
1457 1567 1526 1611 se
1554 1568 1739 1611 manu
1761 1549 2215 1612 interfecturum

126 1635 413 1694 audiente
448 1633 959 1694 senatudixerit?
993 1635 1088 1693 Ex
1139 1633 1257 1694 hac
1301 1633 1483 1710 igitur
1509 1634 1693 1697 domo
1726 1646 2060 1709 progressa
2099 1633 2218 1694 ista

127 1717 342 1779 mulier
376 1717 454 1776 de
486 1718 708 1776 veneni
739 1716 1043 1778 celeritate
1067 1717 1274 1778 dicere
1295 1717 1588 1778 audebit?
1622 1718 1838 1780 Nonne
1874 1716 2074 1794 ipsam
2106 1718 2213 1776 do·

126 1817 288 1861 mum
322 1808 574 1872 metuet,
605 1818 681 1861 ne
718 1818 899 1875 quam
931 1817 1144 1862 vocem
1175 1801 1404 1874 eiiciat,
1451 1819 1576 1862 non
1609 1803 1876 1878 parietes
1906 1800 2216 1870 conscios,

126 1901 247 1944 non
290 1892 531 1944 noctem
563 1884 725 1944 illam
758 1886 1056 1946 funestam
1086 1901 1159 1945 ac
1195 1886 1538 1947 luctuosam
1567 1886 2041 1961 perhorrescet?
2087 1884 2212 1946 Sed

124 1976 399 2028 revertar
433 1969 511 2028 ad
544 1968 791 2030 crimen.
866 1969 991 2031 Sed
1022 1970 1183 2031 enim
1212 1970 1367 2031 haec
1401 1972 1560 2031 sacta
1593 1970 1756 2031 illius
1786 1969 2112 2030 clarissimi
2141 1986 2217 2028 ac

128 2054 222 2111 l'o1
226 2052 442 2112 tissimi
470 2052 578 2112 viri
612 2054 836 2114 mentio
865 2061 926 2114 et
955 2071 1170 2115 vocem
1197 2071 1396 2114 meam
1427 2053 1575 2115 fletu
1605 2054 1941 2115 debilitavit
1969 2062 2029 2115 et
2050 2070 2213 2113 men-

126 2145 247 2196 tem
281 2137 496 2197 dolore
529 2136 861 2210 impedivit.

249 2220 435 2278 XXV.
444 2200 566 2281 61.
600 2220 724 2281 Sed
755 2229 955 2281 tamen
993 2237 1296 2282 venenum
1327 2223 1491 2283 unde
1529 2221 1725 2294 suerit,
1760 2238 1941 2297 quem
2016 2223 2054 2281 d
2086 2238 2213 2281 mo-

126 2304 270 2363 dum
303 2311 578 2377 paratum
602 2304 682 2363 sit
711 2321 830 2365 non
863 2304 1100 2365 dicitur.
1167 2305 1383 2366 Datum
1427 2322 1570 2366 esse
1600 2306 1767 2401 aiunt
1798 2305 1939 2366 huic
2016 2304 2213 2375 .Lici-

125 2387 247 2458 nio,
282 2386 533 2460 pudenti
561 2388 941 2449 adolescenti
964 2397 1026 2449 et
1046 2390 1231 2462 bon0,
1264 2389 1448 2449 Caelii
1478 2391 1537 2448 fa
1600 2388 1789 2478 ffiffl'
1819 2373 2264 2450 constitutum

128 2471 349 2532 sactum
387 2487 530 2533 esse
572 2488 709 2532 cum
742 2472 978 2544 servis»,
1017 2480 1082 2533 ut
1114 2471 1392 2533 venirent
1422 2473 1501 2533 ad
1531 2473 1608 2534 ba
1572 2489 1782 2532 aneas
1813 2472 2062 2534 Senias·
2108 2488 2213 2532 eo-

71 2553 77 2558 '
126 2554 262 2614 dem
293 2554 589 2616 Licinium
649 2572 792 2616 esse
823 2565 1142 2616 venturum
1184 2563 1372 2653 atque
1410 2555 1488 2617 iis
1519 2556 1736 2617 veneni
1774 2557 2065 2634 pyxidem
2095 2563 2209 2615 tra-

127 2637 411 2700 diturum.
498 2639 643 2701 Hic
658 2639 917 2716 primum
959 2639 1108 2700 illud
1152 2641 1432 2735 requiro,
1475 2640 1620 2714 quid
1652 2640 1959 2701 attinuerit
1990 2637 2167 2700 fieri
2152 2655 2215 2698 m

127 2736 266 2781 eum
306 2724 504 2784 locum
531 2724 944 2797 constitutum,
978 2740 1088 2785 cur
1115 2724 1199 2783 illi
1224 2723 1391 2796 servi
1417 2740 1543 2783 non
1573 2725 1652 2796 ad
1676 2723 1941 2785 Caelium
1968 2724 2215 2785 domum

125 2806 420 2867 venerint
495 2806 558 2867 Si
593 2809 875 2869 manebat
903 2816 1068 2868 tanta
1111 2808 1209 2866 illa
1261 2793 1670 2868 consuetudo
1681 2807 1883 2879 Caelii,
1930 2815 2097 2869 tanta
2127 2808 2213 2866 fa·

126 2887 436 2949 miliaritas
467 2906 603 2950 cum
629 2891 859 2963 Clodia,
893 2891 1039 2966 quid
1074 2889 1439 2964 suspitionis
1468 2900 1654 2962 esset,
1681 2893 1734 2952 si
1756 2892 1919 2966 apud
1945 2889 2215 2952 Caelium

125 2973 396 3034 mulieris
428 2988 647 3034 servus
668 2975 863 3036 -visus
906 2982 1117 3036 esset?
1168 2975 1274 3033 Sin
1321 2983 1523 3036 autem
1554 2975 1674 3036 iam
1708 2974 1824 3035 iam
1857 2976 2108 3037 suberat
2135 2976 2215 3036 si-

124 3057 374 3129 multaS,
404 3056 707 3118 exstincta
736 3066 863 3119 erat
895 3060 1313 3131 consuetudo,
1344 3058 1667 3119 discidium
1699 3058 2030 3130 exstiterat,
2073 3058 2215 3118 hinc

123 3139 260 3199 illae
292 3139 576 3200 lacrimae
612 3141 891 3203 nimirum
925 3151 985 3203 et
1013 3143 1166 3201 haec
1199 3159 1389 3203 causa
1418 3152 1513 3203 est
1535 3142 1798 3203 omnium
1833 3142 2046 3203 horum
2082 3157 2215 3203 sce-

123 3223 312 3283 lerum
345 3231 530 3299 atque
559 3224 897 3287 criminum.
946 3259 1031 3271 —
1071 3224 1171 3286 62.
1201 3228 1426 3298 Imm0‚
1458 3226 1682 3301 inquit,
1719 3242 1906 3300 quum
1938 3225 2102 3288 servi
2132 3225 2215 3285 ad

123 3306 432 3368 dominam
463 3324 590 3368 rem
622 3310 796 3371 istam
835 3317 895 3371 et
922 3309 1286 3371 maleficium
1322 3309 1505 3371 Caelii
1557 3309 1951 3383 detulissent,
1998 3307 2215 3369 mulier

123 3390 447 3465 ingeniosa
477 3392 794 3469 praecepit
823 3393 986 3466 suis,
1032 3394 1234 3455 omnia
1270 3394 1473 3456 Caelio
1510 3393 1971 3468 pollicerenturz
2008 3393 2121 3453 sed
2153 3401 2216 3451 ut

127 3490 447 3551 venenum,
479 3494 665 3553 quum
691 3494 727 3535 a
764 3476 996 3537 Licinio
1032 3479 1387 3551 traderetur,
1418 3477 1739 3539 manifesto
1772 3474 2210 3552 comprehendi

2127 2336 2398 2402 bina
