2514 3928
304 280 436 345 820
617 280 693 338 ΙΝ
727 279 804 339 Μ.
838 278 1240 337 AN‘l'ONlUM
1300 274 1583 336 ORATIO
1616 274 2037 335 PHILIPPICA
2065 276 2135 334 11
2322 287 2400 341 22

308 430 562 492 consilio
593 430 991 491 interfectum.
1037 429 1160 488 lam
1192 444 1429 501 vereor,
1462 435 1668 515 patres
1701 424 2051 502 conscripti,
2088 444 2183 501 ne,
2213 431 2391 504 quod

309 512 724 590 turpissimum
770 521 894 585 est,
939 512 1492 586 praevaricatorem
1531 501 1681 569 mihi
1726 510 2102 607 apposuisse
2148 512 2389 587 videar,

309 596 411 674 qui
443 614 540 657 me
572 613 691 657 non
727 597 921 658 solum
951 593 1105 655 meis
1137 593 1419 655 laudibus
1453 602 1716 668 ornaret,
1748 594 1860 654 sed
1884 593 2061 654 etiam
2095 605 2393 657 oneraret

306 679 542 742 alienis.
603 680 748 754 Quis
781 679 940 740 enim
970 694 1170 739 meum
1199 680 1260 738 in
1304 676 1422 737 ista
1450 678 1744 738 societate
1773 675 2205 752 gloriosissimi
2241 679 2388 740 facti

308 780 523 825 nomen
561 762 832 824 audivit?
891 761 1075 823 Cuius
1106 770 1335 834 autem,
1369 759 1472 836 qui
1503 758 1560 820 in
1594 776 1669 821 eo
1704 777 1954 822 numero
1989 761 2237 836 suisset,
2272 780 2385 823 no-

307 865 439 909 men
487 857 583 909 est
625 850 1036 908 occultatqu
1114 845 1491 906 Occultatum
1535 844 1717 904 dico?
1771 844 1946 905 cuius
2005 862 2126 905 non
2178 846 2389 907 statim

304 927 721 1008 divulgatum?
781 930 966 991 Citius
1009 928 1263 988 dixerim
1295 927 1562 988 iactasse
1594 943 1663 988 se
1694 927 1968 1004 aliquOS,
1999 937 2064 989 ut
2094 927 2289 989 fuisse
2323 929 2388 990 in

304 1033 378 1075 ea
413 1014 706 1076 societate
738 1013 1119 1084 viderentur,
1164 1029 1352 1087 quum
1402 1010 1635 1072 conscii
1683 1030 1802 1073 non
1853 1011 2144 1087 fuissent,
2193 1031 2386 1088 quam

305 1107 368 1159 ut
398 1099 723 1173 quisquam
767 1096 948 1156 celari
987 1098 1168 1156 vellet
1197 1095 1301 1169 qui
1331 1094 1568 1156 suisset.
1657 1094 1760 1157 26.
1796 1095 1985 1168 Quam
2017 1097 2145 1157 veri
2179 1096 2390 1157 simile

305 1197 485 1257 porro
518 1188 612 1241 est
640 1178 699 1239 in
732 1186 821 1240 tot
852 1178 1195 1240 hominibus
1219 1178 1434 1254 partim
1461 1177 1742 1239 obscuris
1766 1178 1984 1254 partim
2019 1179 2388 1240 adolescen-

304 1265 463 1325 tibus
506 1262 806 1323 neminem
851 1262 1296 1324 occultantibus
1340 1278 1541 1324 meum
1583 1279 1802 1324 nomen
1837 1264 2022 1323 latere
2055 1264 2390 1338 potuisse?

303 1348 535 1412 Etenim
598 1347 650 1409 si
691 1355 977 1408 auctores
1018 1347 1097 1406 ad
1150 1346 1525 1407 liberandam
1582 1345 1837 1421 patriam
1879 1346 2390 1408 desiderarentur

302 1431 420 1492 illis
452 1432 795 1507 actoribuS,
832 1431 1057 1492 Brutos
1098 1447 1213 1505 ego
1257 1431 1656 1505 impellerem,
1703 1445 1962 1505 quorum
2001 1439 2266 1505 uterque
2313 1432 2387 1491 L.

300 1517 467 1577 Bruti
504 1515 825 1591 imaginem
863 1512 1087 1576 cotidie
1121 1512 1386 1587 videret,
1429 1514 1580 1573 alter
1615 1514 1794 1574 etiam
1822 1514 2101 1573 Ahalae?
2155 1513 2234 1574 Hi
2267 1513 2385 1590 igi-

302 1609 397 1659 tur
425 1597 520 1660 his
561 1598 892 1661 maioribus
935 1599 1013 1658 ab
1052 1596 1269 1657 alienis
1297 1597 1499 1671 potius
1531 1596 1850 1657 consilium
1884 1604 2159 1671 peterent
2190 1614 2385 1672 quam

300 1700 336 1741 a
366 1681 496 1743 suis
530 1691 590 1741 et
619 1683 767 1744 foris
802 1682 1009 1757 potius
1044 1697 1224 1756 quam
1256 1681 1482 1741 domo?
1549 1679 1746 1754 Quid?
1789 1680 1852 1740 Ο.
1885 1680 2168 1756 CassiuS,
2208 1680 2270 1742 in
2301 1698 2386 1743 ea

304 1766 522 1825 familia
554 1774 761 1838 natuS,
810 1781 971 1839 quae
1000 1781 1120 1825 non
1154 1765 1336 1825 modo
1367 1762 1767 1838 dominatum,
1798 1764 1907 1823 sed
1937 1781 2014 1824 ne
2045 1764 2383 1840 potentiam

302 1850 545 1923 quidem
582 1849 944 1924 cuiusquam
979 1850 1134 1908 ferre
1170 1849 1387 1922 potuit,
1439 1864 1535 1907 me
1569 1854 1910 1922 auctorem,
1945 1849 2161 1921 credo,
2210 1847 2381 1909 desi-

300 1930 565 1994 deravit:
616 1931 719 2008 qui
753 1930 934 1993 etiam
971 1931 1104 1993 sine
1145 1931 1241 1992 his
1278 1930 1632 1992 clarissimis
1664 1929 1811 1992 viris
1843 1932 2000 1993 hanc
2027 1948 2154 1993 rem
2187 1932 2245 1992 in
2279 1931 2375 1992 Ci-

299 2014 436 2076 licia
477 2018 554 2077 ad
604 2017 822 2077 ostium
870 2015 1137 2077 fluminis
1182 2014 1377 2094 Cydni
1421 2016 1820 2088 confecisset,
1866 2016 1917 2076 si
1974 2015 2073 2076 ille
2108 2016 2186 2076 ad
2236 2033 2377 2078 eam

297 2102 525 2185 ripam,
572 2117 755 2176 quam
795 2099 1220 2172 constituerat,
1267 2116 1384 2160 non
1432 2099 1510 2159 ad
1552 2101 1913 2161 contrariam
1952 2116 2141 2160 naves
2176 2117 2380 2175 appu-

301 2180 490 2244 lisset.
577 2182 680 2247 27.
728 2185 833 2243 Cn.
869 2182 1194 2244 Domitium
1255 2200 1375 2243 non
1437 2183 1624 2258 patris
1682 2183 2008 2259 interituS,
2047 2177 2379 2245 clarissimi

303 2266 441 2339 viri,
470 2284 588 2327 non
621 2265 906 2328 avunculi
938 2284 1139 2341 morS,
1181 2283 1299 2326 non
1333 2266 1616 2342 spoliatio
1663 2267 1968 2344 dignitatis
2003 2268 2080 2327 ad
2112 2284 2380 2344 recupe-

299 2349 544 2409 randam
574 2349 941 2423 libertatem,
976 2351 1085 2410 sed
1112 2366 1245 2410 mea
1276 2351 1605 2411 auctoritas
1637 2350 1965 2412 excitavit?
2002 2353 2097 2411 Au
2131 2352 2194 2412 C.
2227 2353 2375 2412 Tre⁴

298 2432 481 2493 bonio
514 2449 629 2508 ego
675 2433 1000 2510 persuasi?
1042 2432 1140 2493 cui
1182 2449 1260 2497 ne
1305 2435 1568 2495 suadere
1613 2435 1856 2509 quidem
1899 2452 2090 2496 ausus
2144 2451 2375 2496 essem.

297 2516 430 2590 Quo
458 2515 637 2576 etiam
667 2516 955 2578 maiorem
990 2517 1043 2577 ei
1075 2534 1176 2577 res
1221 2517 1464 2593 publica
1513 2517 1764 2593 gratiam
1798 2520 2008 2592 debet,
2061 2518 2165 2594 qui
2193 2519 2364 2580 liber·

297 2609 474 2662 tatem
508 2601 721 2677 populi
750 2601 1005 2662 Romani
1031 2604 1212 2663 unius
1235 2601 1534 2667 amicitiae
1554 2601 1915 2678 praeposuit
1949 2603 2374 2679 depulsorque

296 2684 640 2747 dominatus
666 2704 846 2762 quam
882 2685 1192 2762 particeps
1229 2702 1371 2746 esse
1407 2685 1631 2746 maluit.
1672 2689 1768 2745 An
1798 2688 1862 2746 L.
1891 2685 2099 2747 Tillius
2133 2686 2375 2747 Cimber

294 2785 389 2828 me
421 2779 516 2832 est
546 2780 853 2833 auctorem
888 2778 1181 2831 secutus?
1216 2786 1395 2846 quem
1430 2785 1545 2844 ego
1576 2769 1770 2844 magis
1796 2769 2019 2831 fecisse
2049 2770 2210 2829 illam
2240 2787 2371 2830 rem

295 2869 427 2912 sum
484 2853 821 2914 admiratus
878 2870 1059 2927 quam
1112 2859 1415 2917 facturum
1468 2860 1712 2932 putavi,
1771 2857 2110 2918 admiratus
2168 2863 2373 2914 autem

295 2935 374 2995 ob
404 2952 536 2996 eam
562 2953 828 3008 causam,
865 2937 1030 3012 quod
1054 2935 1372 2995 immemor
1392 2933 1847 3010 beneficiorum,
1879 2953 2111 2998 memor
2136 2936 2371 3012 patriae

297 3016 530 3080 suisset.
597 3019 750 3093 Quid
788 3021 946 3080 duos
982 3017 1326 3080 Servilios?
1400 3018 1624 3078 Cascas
1659 3018 1854 3085 dicam
1892 3037 1967 3080 an
2000 3021 2279 3081 Ahalas?
2310 3028 2373 3082 et

295 3101 410 3162 hos
451 3101 809 3163 auctoritate
852 3118 985 3162 mea
1027 3117 1246 3163 censes
1306 3100 1606 3163 excitatos
1646 3101 1851 3177 potius
1895 3121 2074 3178 quam
2122 3102 2370 3165 caritate

293 3182 380 3243 rei
409 3183 731 3258 publicae?
782 3185 1055 3260 Longum
1095 3194 1191 3245 est
1219 3185 1511 3260 persequi
1584 3195 1857 3260 ceteroS‚
1897 3187 2088 3263 idque
2122 3187 2211 3248 rei
2256 3204 2369 3263 pu-

295 3265 489 3326 blicae
521 3269 929 3340 praeclarum,
964 3268 1155 3328 fuisse
1185 3275 1304 3327 tam
1341 3271 1564 3330 multos
1584 3314 1597 3341 ,
1630 3269 1786 3344 ipsis
1814 3271 2169 3345 gloriosum.

417 3349 571 3408 Xlll.
616 3348 715 3411 28.
746 3353 828 3411 At
852 3366 1030 3425 quem
1061 3350 1139 3409 ad
1162 3352 1408 3412 modum
1440 3364 1537 3412 me
1562 3354 1902 3427 coarguerit
1931 3354 2112 3416 homo
2146 3363 2370 3417 acutus

295 3431 717 3492 recordamini.
800 3433 1061 3494 Caesare
1111 3432 1459 3508 interfecto,
1524 3435 1748 3511 inquit,
1799 3436 1998 3499 statim
2048 3447 2370 3501 cruentum

298 3513 416 3574 alte
446 3517 746 3577 extollens
791 3516 1021 3576 Brutus
1062 3517 1396 3592 pugionem
1440 3518 1798 3580 Ciceronem
1845 3522 2198 3582 nominatim
2259 3538 2344 3582 ex
