<?xml version="1.0" encoding="UTF-8"?>
<!DOCTYPE html PUBLIC "-//W3C//DTD XHTML 1.0 Transitional//EN"
    "http://www.w3.org/TR/xhtml1/DTD/xhtml1-transitional.dtd">
<html xmlns="http://www.w3.org/1999/xhtml" xml:lang="en" lang="en">
 <head>
  <title>
</title>
<meta http-equiv="Content-Type" content="text/html;charset=utf-8" />
  <meta name='ocr-system' content='tesseract 3.04.00' />
  <meta name='ocr-capabilities' content='ocr_page ocr_carea ocr_par ocr_line ocrx_word'/>
</head>
<body>
  <div class='ocr_page' id='page_1' title='image "./scriptaquaemans02cicegoog_0331.png"; bbox 0 0 2514 3928; ppageno 0'>
   <div class='ocr_carea' id='block_1_1' title="bbox 203 276 2278 354">
    <p class='ocr_par' dir='ltr' id='par_1_1' title="bbox 203 276 2278 354">
     <span class='ocr_line' id='line_1_1' title="bbox 203 276 2278 354; baseline 0.004 -13"><span class='ocrx_word' id='word_1_1' title='bbox 203 295 277 354; x_wconf 74' lang='lat'><strong>47</strong></span> <span class='ocrx_word' id='word_1_2' title='bbox 856 276 1018 345; x_wconf 79' lang='lat' dir='ltr'><strong>CAP.</strong></span> <span class='ocrx_word' id='word_1_3' title='bbox 1050 294 1243 347; x_wconf 75' lang='lat'><strong>6-8,</strong></span> <span class='ocrx_word' id='word_1_4' title='bbox 1288 293 1339 351; x_wconf 78' lang='lat' dir='ltr'><strong>s.</strong></span> <span class='ocrx_word' id='word_1_5' title='bbox 1373 292 1631 347; x_wconf 77' lang='lat'><strong>17—25.</strong></span> <span class='ocrx_word' id='word_1_6' title='bbox 2159 285 2278 350; x_wconf 82' lang='lat'><strong>271</strong></span> 
     </span>
    </p>
   </div>
   <div class='ocr_carea' id='block_1_2' title="bbox 203 426 2283 3583">
    <p class='ocr_par' dir='ltr' id='par_1_2' title="bbox 203 426 2282 2254">
     <span class='ocr_line' id='line_1_2' title="bbox 203 426 2280 514; baseline 0 -15"><span class='ocrx_word' id='word_1_7' title='bbox 203 440 506 499; x_wconf 66' lang='lat' dir='ltr'><strong>demens?</strong></span> <span class='ocrx_word' id='word_1_8' title='bbox 554 437 644 497; x_wconf 91' lang='lat' dir='ltr'><strong>De</strong></span> <span class='ocrx_word' id='word_1_9' title='bbox 687 433 930 495; x_wconf 66' lang='lat' dir='ltr'><strong>tuisne?</strong></span> <span class='ocrx_word' id='word_1_10' title='bbox 967 467 1053 478; x_wconf 89' lang='lat'><strong>—</strong></span> <span class='ocrx_word' id='word_1_11' title='bbox 1112 432 1350 494; x_wconf 81' lang='lat' dir='ltr'><strong>tametsi</strong></span> <span class='ocrx_word' id='word_1_12' title='bbox 1392 435 1494 510; x_wconf 88' lang='lat' dir='ltr'><strong>qui</strong></span> <span class='ocrx_word' id='word_1_13' title='bbox 1550 435 1742 510; x_wconf 82' lang='lat' dir='ltr'><strong>magis</strong></span> <span class='ocrx_word' id='word_1_14' title='bbox 1784 426 1927 500; x_wconf 77' lang='lat' dir='ltr'><strong>su&#39;nt</strong></span> <span class='ocrx_word' id='word_1_15' title='bbox 1971 436 2056 498; x_wconf 86' lang='lat' dir='ltr'><strong>tui</strong></span> <span class='ocrx_word' id='word_1_16' title='bbox 2099 455 2280 514; x_wconf 82' lang='lat' dir='ltr'><strong>quarn</strong></span> 
     </span>
     <span class='ocr_line' id='line_1_3' title="bbox 206 515 2282 598; baseline 0 -16"><span class='ocrx_word' id='word_1_17' title='bbox 206 520 435 598; x_wconf 88' lang='lat' dir='ltr'><strong>quibus</strong></span> <span class='ocrx_word' id='word_1_18' title='bbox 480 527 544 579; x_wconf 89' lang='lat' dir='ltr'><strong>tu</strong></span> <span class='ocrx_word' id='word_1_19' title='bbox 587 520 843 580; x_wconf 87' lang='lat' dir='ltr'><strong>salutem</strong></span> <span class='ocrx_word' id='word_1_20' title='bbox 882 515 1336 591; x_wconf 83' lang='lat' dir='ltr'><strong>insperantibus</strong></span> <span class='ocrx_word' id='word_1_21' title='bbox 1374 518 1734 578; x_wconf 65' lang='lat' dir='ltr'><strong>reddidistitl</strong></span> <span class='ocrx_word' id='word_1_22' title='bbox 1771 551 1857 563; x_wconf 90' lang='lat'><strong>—-</strong></span> <span class='ocrx_word' id='word_1_23' title='bbox 1907 538 1985 583; x_wconf 88' lang='lat' dir='ltr'><strong>an</strong></span> <span class='ocrx_word' id='word_1_24' title='bbox 2040 538 2118 582; x_wconf 87' lang='lat' dir='ltr'><strong>ex</strong></span> <span class='ocrx_word' id='word_1_25' title='bbox 2163 521 2282 583; x_wconf 87' lang='lat' dir='ltr'><strong>hoc</strong></span> 
     </span>
     <span class='ocr_line' id='line_1_4' title="bbox 206 600 2279 678; baseline 0 -14"><span class='ocrx_word' id='word_1_26' title='bbox 206 619 496 674; x_wconf 90' lang='lat' dir='ltr'><strong>numero,</strong></span> <span class='ocrx_word' id='word_1_27' title='bbox 532 603 632 678; x_wconf 89' lang='lat' dir='ltr'><strong>qui</strong></span> <span class='ocrx_word' id='word_1_28' title='bbox 664 616 786 661; x_wconf 92' lang='lat' dir='ltr'><strong>una</strong></span> <span class='ocrx_word' id='word_1_29' title='bbox 815 608 1013 663; x_wconf 90' lang='lat' dir='ltr'><strong>tecum</strong></span> <span class='ocrx_word' id='word_1_30' title='bbox 1042 601 1328 660; x_wconf 72' lang='lat' dir='ltr'><strong>fuerunt?</strong></span> <span class='ocrx_word' id='word_1_31' title='bbox 1365 600 1497 658; x_wconf 89' lang='lat' dir='ltr'><strong>Non</strong></span> <span class='ocrx_word' id='word_1_32' title='bbox 1533 609 1629 660; x_wconf 88' lang='lat' dir='ltr'><strong>est</strong></span> <span class='ocrx_word' id='word_1_33' title='bbox 1657 602 1960 665; x_wconf 89' lang='lat' dir='ltr'><strong>credibilis</strong></span> <span class='ocrx_word' id='word_1_34' title='bbox 1989 613 2190 665; x_wconf 90' lang='lat' dir='ltr'><strong>tantus</strong></span> <span class='ocrx_word' id='word_1_35' title='bbox 2221 606 2279 664; x_wconf 88' lang='lat' dir='ltr'><strong>in</strong></span> 
     </span>
     <span class='ocr_line' id='line_1_5' title="bbox 206 681 2280 759; baseline 0 -12"><span class='ocrx_word' id='word_1_36' title='bbox 206 689 333 748; x_wconf 91' lang='lat' dir='ltr'><strong>ullo</strong></span> <span class='ocrx_word' id='word_1_37' title='bbox 371 687 565 758; x_wconf 81' lang='lat' dir='ltr'><strong>furor,</strong></span> <span class='ocrx_word' id='word_1_38' title='bbox 604 692 669 745; x_wconf 91' lang='lat' dir='ltr'><strong>ut</strong></span> <span class='ocrx_word' id='word_1_39' title='bbox 698 698 820 758; x_wconf 89' lang='lat' dir='ltr'><strong>quo</strong></span> <span class='ocrx_word' id='word_1_40' title='bbox 851 682 1010 743; x_wconf 90' lang='lat' dir='ltr'><strong>duce</strong></span> <span class='ocrx_word' id='word_1_41' title='bbox 1040 681 1243 744; x_wconf 89' lang='lat' dir='ltr'><strong>omnia</strong></span> <span class='ocrx_word' id='word_1_42' title='bbox 1273 699 1509 742; x_wconf 89' lang='lat' dir='ltr'><strong>summa</strong></span> <span class='ocrx_word' id='word_1_43' title='bbox 1541 681 1619 743; x_wconf 90' lang='lat' dir='ltr'><strong>sit</strong></span> <span class='ocrx_word' id='word_1_44' title='bbox 1644 683 1932 759; x_wconf 81' lang='lat' dir='ltr'><strong>adeptuS,</strong></span> <span class='ocrx_word' id='word_1_45' title='bbox 1967 686 2158 748; x_wconf 80' lang='lat' dir='ltr'><strong>huius</strong></span> <span class='ocrx_word' id='word_1_46' title='bbox 2191 685 2280 747; x_wconf 87' lang='lat' dir='ltr'><strong>vi-</strong></span> 
     </span>
     <span class='ocr_line' id='line_1_6' title="bbox 207 764 2278 843; baseline -0.002 -10"><span class='ocrx_word' id='word_1_47' title='bbox 207 779 331 833; x_wconf 79' lang='lat' dir='ltr'><strong>tam</strong></span> <span class='ocrx_word' id='word_1_48' title='bbox 364 786 481 830; x_wconf 90' lang='lat' dir='ltr'><strong>non</strong></span> <span class='ocrx_word' id='word_1_49' title='bbox 515 776 847 843; x_wconf 87' lang='lat' dir='ltr'><strong>anteponat</strong></span> <span class='ocrx_word' id='word_1_50' title='bbox 879 782 1051 826; x_wconf 83' lang='lat' dir='ltr'><strong>suae.</strong></span> <span class='ocrx_word' id='word_1_51' title='bbox 1088 767 1179 827; x_wconf 81' lang='lat' dir='ltr'><strong>An</strong></span> <span class='ocrx_word' id='word_1_52' title='bbox 1213 766 1267 825; x_wconf 92' lang='lat' dir='ltr'><strong>si</strong></span> <span class='ocrx_word' id='word_1_53' title='bbox 1296 764 1441 825; x_wconf 85' lang='lat' dir='ltr'>nihil</span> <span class='ocrx_word' id='word_1_54' title='bbox 1471 765 1555 826; x_wconf 91' lang='lat' dir='ltr'><strong>tui</strong></span> <span class='ocrx_word' id='word_1_55' title='bbox 1585 766 1853 840; x_wconf 76' lang='lat' dir='ltr'><strong>cogitant</strong></span> <span class='ocrx_word' id='word_1_56' title='bbox 1881 769 2152 842; x_wconf 69' lang='lat' dir='ltr'><strong>sceleris»,</strong></span> <span class='ocrx_word' id='word_1_57' title='bbox 2181 786 2278 830; x_wconf 90' lang='lat' dir='ltr'><strong>ca-</strong></span> 
     </span>
     <span class='ocr_line' id='line_1_7' title="bbox 207 848 2281 926; baseline 0 -13"><span class='ocrx_word' id='word_1_58' title='bbox 207 855 476 914; x_wconf 89' lang='lat' dir='ltr'><strong>vendum</strong></span> <span class='ocrx_word' id='word_1_59' title='bbox 507 861 612 914; x_wconf 87' lang='lat' dir='ltr'><strong>est</strong></span> <span class='ocrx_word' id='word_1_60' title='bbox 634 867 714 912; x_wconf 90' lang='lat' dir='ltr'><strong>ne</strong></span> <span class='ocrx_word' id='word_1_61' title='bbox 744 849 889 925; x_wconf 84' lang='lat' dir='ltr'><strong>quid</strong></span> <span class='ocrx_word' id='word_1_62' title='bbox 916 848 1139 909; x_wconf 87' lang='lat' dir='ltr'><strong>inimici</strong></span> <span class='ocrx_word' id='word_1_63' title='bbox 1160 856 1191 907; x_wconf 68' lang='lat'><strong>⁴3</strong></span> <span class='ocrx_word' id='word_1_64' title='bbox 1231 849 1387 923; x_wconf 63' lang='lat' dir='ltr'><strong>Qui?</strong></span> <span class='ocrx_word' id='word_1_65' title='bbox 1426 865 1641 910; x_wconf 87' lang='lat' dir='ltr'><strong>omnes</strong></span> <span class='ocrx_word' id='word_1_66' title='bbox 1677 848 1856 925; x_wconf 85' lang='lat' dir='ltr'><strong>enim,</strong></span> <span class='ocrx_word' id='word_1_67' title='bbox 1890 849 1992 926; x_wconf 92' lang='lat' dir='ltr'><strong>qui</strong></span> <span class='ocrx_word' id='word_1_68' title='bbox 2023 853 2281 926; x_wconf 80' lang='lat' dir='ltr'><strong>fuerunt,</strong></span> 
     </span>
     <span class='ocr_line' id='line_1_8' title="bbox 210 930 2282 1012; baseline -0.001 -14"><span class='ocrx_word' id='word_1_69' title='bbox 210 944 321 998; x_wconf 80' lang='lat' dir='ltr'><strong>aut·</strong></span> <span class='ocrx_word' id='word_1_70' title='bbox 354 953 466 997; x_wconf 92' lang='lat' dir='ltr'><strong>sua</strong></span> <span class='ocrx_word' id='word_1_71' title='bbox 498 932 828 1012; x_wconf 78' lang='lat' dir='ltr'>pertinacia</span> <span class='ocrx_word' id='word_1_72' title='bbox 861 931 1041 993; x_wconf 83' lang='lat' dir='ltr'><strong>vitam</strong></span> <span class='ocrx_word' id='word_1_73' title='bbox 1066 932 1401 993; x_wconf 89' lang='lat' dir='ltr'><strong>amiserunt</strong></span> <span class='ocrx_word' id='word_1_74' title='bbox 1429 941 1535 994; x_wconf 86' lang='lat' dir='ltr'><strong>aut</strong></span> <span class='ocrx_word' id='word_1_75' title='bbox 1562 941 1665 994; x_wconf 89' lang='lat' dir='ltr'><strong>tua</strong></span> <span class='ocrx_word' id='word_1_76' title='bbox 1695 930 2117 996; x_wconf 81' lang='lat' dir='ltr'><strong>misericordia</strong></span> <span class='ocrx_word' id='word_1_77' title='bbox 2142 935 2282 996; x_wconf 89' lang='lat' dir='ltr'><strong>reti-</strong></span> 
     </span>
     <span class='ocr_line' id='line_1_9' title="bbox 208 1014 2280 1094; baseline -0.001 -14"><span class='ocrx_word' id='word_1_78' title='bbox 208 1029 496 1092; x_wconf 85' lang='lat' dir='ltr'><strong>nuerunt,</strong></span> <span class='ocrx_word' id='word_1_79' title='bbox 542 1027 604 1080; x_wconf 90' lang='lat' dir='ltr'><strong>ut</strong></span> <span class='ocrx_word' id='word_1_80' title='bbox 631 1025 736 1078; x_wconf 90' lang='lat' dir='ltr'><strong>aut</strong></span> <span class='ocrx_word' id='word_1_81' title='bbox 764 1015 908 1076; x_wconf 89' lang='lat' dir='ltr'><strong>nulli</strong></span> <span class='ocrx_word' id='word_1_82' title='bbox 940 1014 1250 1090; x_wconf 85' lang='lat' dir='ltr'><strong>supersint</strong></span> <span class='ocrx_word' id='word_1_83' title='bbox 1279 1016 1356 1075; x_wconf 91' lang='lat' dir='ltr'><strong>de</strong></span> <span class='ocrx_word' id='word_1_84' title='bbox 1387 1014 1647 1077; x_wconf 87' lang='lat' dir='ltr'><strong>inimicis</strong></span> <span class='ocrx_word' id='word_1_85' title='bbox 1689 1025 1795 1078; x_wconf 90' lang='lat' dir='ltr'><strong>aut</strong></span> <span class='ocrx_word' id='word_1_86' title='bbox 1823 1019 1926 1093; x_wconf 89' lang='lat' dir='ltr'><strong>qui</strong></span> <span class='ocrx_word' id='word_1_87' title='bbox 1961 1021 2280 1094; x_wconf 77' lang='lat' dir='ltr'><strong>supersue-</strong></span> 
     </span>
     <span class='ocr_line' id='line_1_10' title="bbox 206 1096 2281 1174; baseline -0.002 -9"><span class='ocrx_word' id='word_1_88' title='bbox 206 1112 348 1167; x_wconf 88' lang='lat' dir='ltr'><strong>runt</strong></span> <span class='ocrx_word' id='word_1_89' title='bbox 389 1102 510 1162; x_wconf 90' lang='lat' dir='ltr'><strong>sint</strong></span> <span class='ocrx_word' id='word_1_90' title='bbox 549 1097 921 1161; x_wconf 82' lang='lat' dir='ltr'><strong>amicissimi.</strong></span> <span class='ocrx_word' id='word_1_91' title='bbox 1011 1096 1114 1156; x_wconf 88' lang='grc'><strong>22.</strong></span> <span class='ocrx_word' id='word_1_92' title='bbox 1144 1097 1271 1157; x_wconf 91' lang='lat' dir='ltr'><strong>Sed</strong></span> <span class='ocrx_word' id='word_1_93' title='bbox 1301 1107 1499 1159; x_wconf 86' lang='lat' dir='ltr'><strong>tamen</strong></span> <span class='ocrx_word' id='word_1_94' title='bbox 1534 1117 1720 1174; x_wconf 89' lang='lat' dir='ltr'><strong>quum</strong></span> <span class='ocrx_word' id='word_1_95' title='bbox 1743 1100 1805 1159; x_wconf 91' lang='lat' dir='ltr'><strong>in</strong></span> <span class='ocrx_word' id='word_1_96' title='bbox 1838 1101 2056 1162; x_wconf 88' lang='lat' dir='ltr'><strong>animis</strong></span> <span class='ocrx_word' id='word_1_97' title='bbox 2087 1100 2281 1162; x_wconf 90' lang='lat' dir='ltr'><strong>homi·</strong></span> 
     </span>
     <span class='ocr_line' id='line_1_11' title="bbox 206 1179 2282 1260; baseline 0.001 -16"><span class='ocrx_word' id='word_1_98' title='bbox 206 1203 354 1246; x_wconf 91' lang='lat' dir='ltr'><strong>num</strong></span> <span class='ocrx_word' id='word_1_99' title='bbox 403 1193 603 1246; x_wconf 77' lang='lat' dir='ltr'>tantae</span> <span class='ocrx_word' id='word_1_100' title='bbox 646 1182 913 1242; x_wconf 87' lang='lat' dir='ltr'><strong>latebrae</strong></span> <span class='ocrx_word' id='word_1_101' title='bbox 958 1179 1079 1241; x_wconf 83' lang='lat' dir='ltr'><strong>sint</strong></span> <span class='ocrx_word' id='word_1_102' title='bbox 1116 1188 1178 1240; x_wconf 90' lang='lat' dir='ltr'><strong>et</strong></span> <span class='ocrx_word' id='word_1_103' title='bbox 1224 1180 1368 1242; x_wconf 90' lang='lat' dir='ltr'><strong>tanti</strong></span> <span class='ocrx_word' id='word_1_104' title='bbox 1396 1198 1718 1255; x_wconf 78' lang='lat' dir='ltr'><strong>recessuS,</strong></span> <span class='ocrx_word' id='word_1_105' title='bbox 1767 1201 2098 1260; x_wconf 79' lang='lat' dir='ltr'><strong>augeamus</strong></span> <span class='ocrx_word' id='word_1_106' title='bbox 2129 1201 2282 1246; x_wconf 91' lang='lat' dir='ltr'><strong>sane</strong></span> 
     </span>
     <span class='ocr_line' id='line_1_12' title="bbox 210 1261 2280 1343; baseline 0 -15"><span class='ocrx_word' id='word_1_107' title='bbox 210 1265 628 1343; x_wconf 77' lang='lat' dir='ltr'><strong>suspitionem</strong></span> <span class='ocrx_word' id='word_1_108' title='bbox 655 1273 848 1325; x_wconf 85' lang='lat' dir='ltr'><strong>tuam=</strong></span> <span class='ocrx_word' id='word_1_109' title='bbox 879 1261 1058 1323; x_wconf 89' lang='lat' dir='ltr'><strong>simul</strong></span> <span class='ocrx_word' id='word_1_110' title='bbox 1093 1261 1251 1322; x_wconf 90' lang='lat' dir='ltr'><strong>enim</strong></span> <span class='ocrx_word' id='word_1_111' title='bbox 1281 1264 1639 1338; x_wconf 82' lang='lat' dir='ltr'><strong>augebimus</strong></span> <span class='ocrx_word' id='word_1_112' title='bbox 1670 1265 2060 1341; x_wconf 77' lang='lat' dir='ltr'><strong>diligentiam.</strong></span> <span class='ocrx_word' id='word_1_113' title='bbox 2130 1269 2280 1328; x_wconf 89' lang='lat' dir='ltr'><strong>Nam</strong></span> 
     </span>
     <span class='ocr_line' id='line_1_13' title="bbox 211 1344 2275 1426; baseline -0 -16"><span class='ocrx_word' id='word_1_114' title='bbox 211 1349 352 1426; x_wconf 89' lang='lat' dir='ltr'><strong>quis</strong></span> <span class='ocrx_word' id='word_1_115' title='bbox 383 1358 478 1410; x_wconf 83' lang='lat' dir='ltr'><strong>est</strong></span> <span class='ocrx_word' id='word_1_116' title='bbox 507 1347 772 1410; x_wconf 89' lang='lat' dir='ltr'><strong>omnium</strong></span> <span class='ocrx_word' id='word_1_117' title='bbox 805 1354 922 1406; x_wconf 86' lang='lat' dir='ltr'><strong>tam</strong></span> <span class='ocrx_word' id='word_1_118' title='bbox 953 1344 1201 1420; x_wconf 90' lang='lat' dir='ltr'><strong>ignarus</strong></span> <span class='ocrx_word' id='word_1_119' title='bbox 1229 1361 1450 1421; x_wconf 86' lang='lat' dir='ltr'><strong>rerum,</strong></span> <span class='ocrx_word' id='word_1_120' title='bbox 1480 1355 1600 1408; x_wconf 85' lang='lat' dir='ltr'><strong>tam</strong></span> <span class='ocrx_word' id='word_1_121' title='bbox 1630 1347 1802 1408; x_wconf 84' lang='lat' dir='ltr'><strong>rudis</strong></span> <span class='ocrx_word' id='word_1_122' title='bbox 1828 1348 1886 1408; x_wconf 92' lang='lat' dir='ltr'><strong>in</strong></span> <span class='ocrx_word' id='word_1_123' title='bbox 1916 1366 1984 1410; x_wconf 91' lang='lat' dir='ltr'><strong>re</strong></span> <span class='ocrx_word' id='word_1_124' title='bbox 2015 1349 2275 1425; x_wconf 80' lang='lat' dir='ltr'><strong>publica,</strong></span> 
     </span>
     <span class='ocr_line' id='line_1_14' title="bbox 209 1429 2280 1506; baseline -0.001 -11"><span class='ocrx_word' id='word_1_125' title='bbox 209 1445 331 1495; x_wconf 83' lang='lat' dir='ltr'><strong>tam</strong></span> <span class='ocrx_word' id='word_1_126' title='bbox 370 1431 514 1493; x_wconf 89' lang='lat' dir='ltr'><strong>nihil</strong></span> <span class='ocrx_word' id='word_1_127' title='bbox 558 1444 845 1505; x_wconf 89' lang='lat' dir='ltr'><strong>umquam</strong></span> <span class='ocrx_word' id='word_1_128' title='bbox 888 1443 1002 1488; x_wconf 90' lang='lat' dir='ltr'><strong>nec</strong></span> <span class='ocrx_word' id='word_1_129' title='bbox 1031 1429 1109 1488; x_wconf 89' lang='lat' dir='ltr'><strong>de</strong></span> <span class='ocrx_word' id='word_1_130' title='bbox 1144 1445 1255 1489; x_wconf 91' lang='lat' dir='ltr'><strong>sua</strong></span> <span class='ocrx_word' id='word_1_131' title='bbox 1286 1445 1401 1489; x_wconf 90' lang='lat' dir='ltr'><strong>nec</strong></span> <span class='ocrx_word' id='word_1_132' title='bbox 1445 1430 1523 1491; x_wconf 87' lang='lat' dir='ltr'><strong>de</strong></span> <span class='ocrx_word' id='word_1_133' title='bbox 1554 1430 1858 1490; x_wconf 87' lang='lat' dir='ltr'><strong>communi</strong></span> <span class='ocrx_word' id='word_1_134' title='bbox 1887 1435 2083 1493; x_wconf 89' lang='lat' dir='ltr'><strong>salute</strong></span> <span class='ocrx_word' id='word_1_135' title='bbox 2105 1431 2280 1506; x_wconf 85' lang='lat' dir='ltr'><strong>cogi-</strong></span> 
     </span>
     <span class='ocr_line' id='line_1_15' title="bbox 211 1511 2280 1590; baseline -0.001 -13"><span class='ocrx_word' id='word_1_136' title='bbox 211 1527 346 1577; x_wconf 89' lang='lat' dir='ltr'><strong>tans</strong></span> <span class='ocrx_word' id='word_1_137' title='bbox 378 1514 483 1590; x_wconf 87' lang='lat' dir='ltr'><strong>qui</strong></span> <span class='ocrx_word' id='word_1_138' title='bbox 512 1531 635 1575; x_wconf 93' lang='lat' dir='ltr'><strong>non</strong></span> <span class='ocrx_word' id='word_1_139' title='bbox 662 1513 954 1587; x_wconf 82' lang='lat' dir='ltr'><strong>intelligat</strong></span> <span class='ocrx_word' id='word_1_140' title='bbox 985 1520 1089 1573; x_wconf 87' lang='lat' dir='ltr'><strong>tua</strong></span> <span class='ocrx_word' id='word_1_141' title='bbox 1117 1514 1313 1572; x_wconf 89' lang='lat' dir='ltr'><strong>salute</strong></span> <span class='ocrx_word' id='word_1_142' title='bbox 1353 1511 1646 1574; x_wconf 75' lang='lat' dir='ltr'><strong>contineri</strong></span> <span class='ocrx_word' id='word_1_143' title='bbox 1695 1530 1869 1574; x_wconf 91' lang='lat' dir='ltr'><strong>suam</strong></span> <span class='ocrx_word' id='word_1_144' title='bbox 1898 1520 1962 1573; x_wconf 86' lang='lat' dir='ltr'><strong>et</strong></span> <span class='ocrx_word' id='word_1_145' title='bbox 1991 1531 2070 1574; x_wconf 87' lang='lat' dir='ltr'><strong>ex</strong></span> <span class='ocrx_word' id='word_1_146' title='bbox 2098 1515 2280 1575; x_wconf 87' lang='lat' dir='ltr'><strong>unius</strong></span> 
     </span>
     <span class='ocr_line' id='line_1_16' title="bbox 212 1594 2282 1674; baseline -0 -14"><span class='ocrx_word' id='word_1_147' title='bbox 212 1609 313 1660; x_wconf 81' lang='lat' dir='ltr'><strong>tua</strong></span> <span class='ocrx_word' id='word_1_148' title='bbox 341 1597 465 1660; x_wconf 86' lang='lat' dir='ltr'><strong>vita</strong></span> <span class='ocrx_word' id='word_1_149' title='bbox 496 1599 768 1674; x_wconf 89' lang='lat' dir='ltr'><strong>pendere</strong></span> <span class='ocrx_word' id='word_1_150' title='bbox 797 1595 1106 1656; x_wconf 65' lang='lat' dir='ltr'><strong>omnium?</strong></span> <span class='ocrx_word' id='word_1_151' title='bbox 1132 1594 1436 1670; x_wconf 88' lang='lat' dir='ltr'><strong>Equidem</strong></span> <span class='ocrx_word' id='word_1_152' title='bbox 1465 1596 1545 1657; x_wconf 88' lang='lat' dir='ltr'><strong>de</strong></span> <span class='ocrx_word' id='word_1_153' title='bbox 1574 1603 1632 1657; x_wconf 87' lang='lat' dir='ltr'><strong>te</strong></span> <span class='ocrx_word' id='word_1_154' title='bbox 1662 1594 1796 1656; x_wconf 88' lang='lat' dir='ltr'><strong>dies</strong></span> <span class='ocrx_word' id='word_1_155' title='bbox 1829 1603 2186 1672; x_wconf 85' lang='lat' dir='ltr'><strong>noctesque,</strong></span> <span class='ocrx_word' id='word_1_156' title='bbox 2215 1613 2282 1659; x_wconf 81' lang='lat' dir='ltr'><strong>ut</strong></span> 
     </span>
     <span class='ocr_line' id='line_1_17' title="bbox 214 1677 2280 1756; baseline -0.001 -14"><span class='ocrx_word' id='word_1_157' title='bbox 214 1683 427 1754; x_wconf 83' lang='lat' dir='ltr'><strong>debeo,</strong></span> <span class='ocrx_word' id='word_1_158' title='bbox 447 1680 728 1756; x_wconf 89' lang='lat' dir='ltr'><strong>cogitans</strong></span> <span class='ocrx_word' id='word_1_159' title='bbox 754 1696 939 1741; x_wconf 90' lang='lat' dir='ltr'><strong>casus</strong></span> <span class='ocrx_word' id='word_1_160' title='bbox 960 1679 1105 1740; x_wconf 89' lang='lat' dir='ltr'><strong>dum</strong></span> <span class='ocrx_word' id='word_1_161' title='bbox 1124 1686 1290 1740; x_wconf 86' lang='lat' dir='ltr'><strong>taxat</strong></span> <span class='ocrx_word' id='word_1_162' title='bbox 1309 1679 1610 1740; x_wconf 88' lang='lat' dir='ltr'><strong>humanos</strong></span> <span class='ocrx_word' id='word_1_163' title='bbox 1640 1688 1700 1740; x_wconf 90' lang='lat' dir='ltr'><strong>et</strong></span> <span class='ocrx_word' id='word_1_164' title='bbox 1728 1677 2000 1740; x_wconf 88' lang='lat' dir='ltr'><strong>incertos</strong></span> <span class='ocrx_word' id='word_1_165' title='bbox 2022 1687 2280 1741; x_wconf 82' lang='lat' dir='ltr'><strong>eventus</strong></span> 
     </span>
     <span class='ocr_line' id='line_1_18' title="bbox 216 1761 2281 1840; baseline 0 -18"><span class='ocrx_word' id='word_1_166' title='bbox 216 1764 573 1827; x_wconf 77' lang='lat' dir='ltr'><strong>valetudinis</strong></span> <span class='ocrx_word' id='word_1_167' title='bbox 608 1772 668 1824; x_wconf 89' lang='lat' dir='ltr'><strong>et</strong></span> <span class='ocrx_word' id='word_1_168' title='bbox 702 1770 953 1823; x_wconf 89' lang='lat' dir='ltr'><strong>naturae</strong></span> <span class='ocrx_word' id='word_1_169' title='bbox 982 1761 1320 1824; x_wconf 89' lang='lat' dir='ltr'><strong>communis</strong></span> <span class='ocrx_word' id='word_1_170' title='bbox 1351 1761 1731 1840; x_wconf 78' lang='lat' dir='ltr'><strong>fragilitatem</strong></span> <span class='ocrx_word' id='word_1_171' title='bbox 1763 1762 2129 1837; x_wconf 80' lang='lat' dir='ltr'><strong>extimesco,</strong></span> <span class='ocrx_word' id='word_1_172' title='bbox 2172 1763 2281 1823; x_wconf 88' lang='lat' dir='ltr'><strong>do-</strong></span> 
     </span>
     <span class='ocr_line' id='line_1_19' title="bbox 215 1843 2279 1924; baseline -0.001 -17"><span class='ocrx_word' id='word_1_173' title='bbox 215 1851 463 1924; x_wconf 90' lang='lat' dir='ltr'><strong>leoque,</strong></span> <span class='ocrx_word' id='word_1_174' title='bbox 507 1863 696 1922; x_wconf 88' lang='lat' dir='ltr'><strong>quum</strong></span> <span class='ocrx_word' id='word_1_175' title='bbox 738 1862 841 1908; x_wconf 90' lang='lat' dir='ltr'><strong>res</strong></span> <span class='ocrx_word' id='word_1_176' title='bbox 883 1844 1128 1921; x_wconf 88' lang='lat' dir='ltr'><strong>publica</strong></span> <span class='ocrx_word' id='word_1_177' title='bbox 1164 1844 1518 1906; x_wconf 88' lang='lat' dir='ltr'><strong>immortalis</strong></span> <span class='ocrx_word' id='word_1_178' title='bbox 1562 1861 1705 1907; x_wconf 88' lang='lat' dir='ltr'><strong>esse</strong></span> <span class='ocrx_word' id='word_1_179' title='bbox 1735 1846 1985 1919; x_wconf 87' lang='lat' dir='ltr'><strong>debeat,</strong></span> <span class='ocrx_word' id='word_1_180' title='bbox 2044 1844 2177 1906; x_wconf 78' lang='lat' dir='ltr'><strong>eam</strong></span> <span class='ocrx_word' id='word_1_181' title='bbox 2219 1843 2279 1905; x_wconf 88' lang='lat' dir='ltr'><strong>in</strong></span> 
     </span>
     <span class='ocr_line' id='line_1_20' title="bbox 210 1927 2280 1992; baseline 0 -2"><span class='ocrx_word' id='word_1_182' title='bbox 210 1930 390 1992; x_wconf 89' lang='lat' dir='ltr'><strong>unius</strong></span> <span class='ocrx_word' id='word_1_183' title='bbox 436 1929 704 1992; x_wconf 88' lang='lat' dir='ltr'><strong>mortalis</strong></span> <span class='ocrx_word' id='word_1_184' title='bbox 747 1928 947 1990; x_wconf 90' lang='lat' dir='ltr'><strong>anima</strong></span> <span class='ocrx_word' id='word_1_185' title='bbox 994 1927 1355 1990; x_wconf 86' lang='lat' dir='ltr'><strong>consistere.</strong></span> <span class='ocrx_word' id='word_1_186' title='bbox 1442 1927 1546 1991; x_wconf 83' lang='grc'><strong>23.</strong></span> <span class='ocrx_word' id='word_1_187' title='bbox 1582 1927 1648 1990; x_wconf 94' lang='lat' dir='ltr'><strong>Si</strong></span> <span class='ocrx_word' id='word_1_188' title='bbox 1693 1945 1839 1991; x_wconf 90' lang='lat' dir='ltr'><strong>vero</strong></span> <span class='ocrx_word' id='word_1_189' title='bbox 1864 1929 1944 1989; x_wconf 91' lang='lat' dir='ltr'><strong>ad</strong></span> <span class='ocrx_word' id='word_1_190' title='bbox 1979 1929 2280 1990; x_wconf 88' lang='lat' dir='ltr'><strong>humanos</strong></span> 
     </span>
     <span class='ocr_line' id='line_1_21' title="bbox 215 2010 2282 2087; baseline 0 -14"><span class='ocrx_word' id='word_1_191' title='bbox 215 2029 397 2075; x_wconf 83' lang='lat' dir='ltr'><strong>casus</strong></span> <span class='ocrx_word' id='word_1_192' title='bbox 437 2013 832 2087; x_wconf 89' lang='lat' dir='ltr'><strong>incertosque</strong></span> <span class='ocrx_word' id='word_1_193' title='bbox 870 2020 1073 2073; x_wconf 91' lang='lat' dir='ltr'><strong>motus</strong></span> <span class='ocrx_word' id='word_1_194' title='bbox 1115 2012 1480 2074; x_wconf 88' lang='lat' dir='ltr'><strong>valetudinis</strong></span> <span class='ocrx_word' id='word_1_195' title='bbox 1521 2011 1776 2074; x_wconf 85' lang='lat' dir='ltr'><strong>sceleris</strong></span> <span class='ocrx_word' id='word_1_196' title='bbox 1821 2010 2002 2073; x_wconf 88' lang='lat' dir='ltr'><strong>etiam</strong></span> <span class='ocrx_word' id='word_1_197' title='bbox 2043 2011 2282 2074; x_wconf 89' lang='lat' dir='ltr'><strong>accedit</strong></span> 
     </span>
     <span class='ocr_line' id='line_1_22' title="bbox 212 2094 2278 2171; baseline -0.001 -14"><span class='ocrx_word' id='word_1_198' title='bbox 212 2095 693 2170; x_wconf 87' lang='lat' dir='ltr'><strong>insidiarumque</strong></span> <span class='ocrx_word' id='word_1_199' title='bbox 721 2094 1078 2167; x_wconf 85' lang='lat' dir='ltr'><strong>consensio,</strong></span> <span class='ocrx_word' id='word_1_200' title='bbox 1129 2112 1312 2169; x_wconf 90' lang='lat' dir='ltr'><strong>quem</strong></span> <span class='ocrx_word' id='word_1_201' title='bbox 1341 2096 1520 2156; x_wconf 88' lang='lat' dir='ltr'><strong>deum</strong></span> <span class='ocrx_word' id='word_1_202' title='bbox 1539 2141 1555 2170; x_wconf 91' lang='lat'>‚</span> <span class='ocrx_word' id='word_1_203' title='bbox 1587 2094 1641 2157; x_wconf 87' lang='lat' dir='ltr'><strong>si</strong></span> <span class='ocrx_word' id='word_1_204' title='bbox 1672 2094 1894 2171; x_wconf 90' lang='lat' dir='ltr'><strong>cupiat,</strong></span> <span class='ocrx_word' id='word_1_205' title='bbox 1927 2111 2119 2170; x_wconf 89' lang='lat' dir='ltr'><strong>posse</strong></span> <span class='ocrx_word' id='word_1_206' title='bbox 2150 2096 2278 2171; x_wconf 89' lang='lat' dir='ltr'><strong>opi·</strong></span> 
     </span>
     <span class='ocr_line' id='line_1_23' title="bbox 212 2177 1211 2254; baseline -0.001 -15"><span class='ocrx_word' id='word_1_207' title='bbox 212 2177 385 2239; x_wconf 88' lang='lat' dir='ltr'><strong>tulari</strong></span> <span class='ocrx_word' id='word_1_208' title='bbox 420 2177 508 2238; x_wconf 91' lang='lat' dir='ltr'><strong>rei</strong></span> <span class='ocrx_word' id='word_1_209' title='bbox 538 2177 818 2254; x_wconf 91' lang='lat' dir='ltr'><strong>publicae</strong></span> <span class='ocrx_word' id='word_1_210' title='bbox 849 2179 1211 2238; x_wconf 66' lang='lat' dir='ltr'><strong>credamus?</strong></span> 
     </span>
    </p>

    <p class='ocr_par' dir='ltr' id='par_1_3' title="bbox 208 2259 2283 3583">
     <span class='ocr_line' id='line_1_24' title="bbox 334 2259 2278 2338; baseline 0.001 -17"><span class='ocrx_word' id='word_1_211' title='bbox 334 2259 491 2321; x_wconf 86' lang='lat' dir='ltr'><strong>V111.</strong></span> <span class='ocrx_word' id='word_1_212' title='bbox 539 2260 752 2322; x_wconf 88' lang='lat' dir='ltr'><strong>Omnia</strong></span> <span class='ocrx_word' id='word_1_213' title='bbox 787 2268 930 2321; x_wconf 86' lang='lat' dir='ltr'><strong>sunt</strong></span> <span class='ocrx_word' id='word_1_214' title='bbox 955 2262 1277 2323; x_wconf 89' lang='lat' dir='ltr'><strong>excitanda</strong></span> <span class='ocrx_word' id='word_1_215' title='bbox 1311 2260 1445 2335; x_wconf 89' lang='lat' dir='ltr'><strong>tibi,</strong></span> <span class='ocrx_word' id='word_1_216' title='bbox 1478 2262 1540 2321; x_wconf 90' lang='lat' dir='ltr'><strong>C.</strong></span> <span class='ocrx_word' id='word_1_217' title='bbox 1571 2262 1814 2336; x_wconf 88' lang='lat' dir='ltr'><strong>Caesar,</strong></span> <span class='ocrx_word' id='word_1_218' title='bbox 1847 2262 1971 2337; x_wconf 89' lang='lat' dir='ltr'><strong>uni,</strong></span> <span class='ocrx_word' id='word_1_219' title='bbox 2004 2278 2164 2338; x_wconf 88' lang='lat' dir='ltr'><strong>quae</strong></span> <span class='ocrx_word' id='word_1_220' title='bbox 2192 2262 2278 2323; x_wconf 91' lang='lat' dir='ltr'><strong>ia-</strong></span> 
     </span>
     <span class='ocr_line' id='line_1_25' title="bbox 212 2344 2281 2421; baseline 0 -16"><span class='ocrx_word' id='word_1_221' title='bbox 212 2360 353 2405; x_wconf 87' lang='lat' dir='ltr'><strong>cere</strong></span> <span class='ocrx_word' id='word_1_222' title='bbox 385 2344 575 2406; x_wconf 90' lang='lat' dir='ltr'><strong>sentis</strong></span> <span class='ocrx_word' id='word_1_223' title='bbox 635 2344 776 2405; x_wconf 90' lang='lat' dir='ltr'><strong>belli</strong></span> <span class='ocrx_word' id='word_1_224' title='bbox 805 2344 1003 2420; x_wconf 89' lang='lat' dir='ltr'><strong>ipsius</strong></span> <span class='ocrx_word' id='word_1_225' title='bbox 1035 2344 1280 2419; x_wconf 89' lang='lat' dir='ltr'><strong>impetu,</strong></span> <span class='ocrx_word' id='word_1_226' title='bbox 1319 2346 1485 2420; x_wconf 89' lang='lat' dir='ltr'><strong>quod</strong></span> <span class='ocrx_word' id='word_1_227' title='bbox 1520 2360 1781 2407; x_wconf 87' lang='lat' dir='ltr'><strong>necesse</strong></span> <span class='ocrx_word' id='word_1_228' title='bbox 1813 2345 1940 2417; x_wconf 81' lang='lat' dir='ltr'><strong>suit,</strong></span> <span class='ocrx_word' id='word_1_229' title='bbox 1991 2348 2281 2421; x_wconf 88' lang='lat' dir='ltr'><strong>perculsa</strong></span> 
     </span>
     <span class='ocr_line' id='line_1_26' title="bbox 211 2426 2277 2504; baseline 0.001 -16"><span class='ocrx_word' id='word_1_230' title='bbox 211 2436 394 2503; x_wconf 88' lang='lat' dir='ltr'><strong>atque</strong></span> <span class='ocrx_word' id='word_1_231' title='bbox 416 2434 755 2504; x_wconf 83' lang='lat' dir='ltr'><strong>prostrata:</strong></span> <span class='ocrx_word' id='word_1_232' title='bbox 784 2426 1209 2489; x_wconf 89' lang='lat' dir='ltr'><strong>constituenda</strong></span> <span class='ocrx_word' id='word_1_233' title='bbox 1242 2426 1496 2500; x_wconf 88' lang='lat' dir='ltr'><strong>iudicia,</strong></span> <span class='ocrx_word' id='word_1_234' title='bbox 1532 2429 1883 2489; x_wconf 87' lang='lat' dir='ltr'><strong>revocanda</strong></span> <span class='ocrx_word' id='word_1_235' title='bbox 1905 2430 2080 2502; x_wconf 78' lang='lat' dir='ltr'><strong>fideS,</strong></span> <span class='ocrx_word' id='word_1_236' title='bbox 2113 2445 2277 2491; x_wconf 87' lang='lat' dir='ltr'><strong>com·</strong></span> 
     </span>
     <span class='ocr_line' id='line_1_27' title="bbox 214 2510 2280 2587; baseline 0.001 -18"><span class='ocrx_word' id='word_1_237' title='bbox 214 2511 567 2586; x_wconf 89' lang='lat' dir='ltr'><strong>primendae</strong></span> <span class='ocrx_word' id='word_1_238' title='bbox 606 2510 922 2585; x_wconf 88' lang='lat' dir='ltr'><strong>libidines,</strong></span> <span class='ocrx_word' id='word_1_239' title='bbox 965 2511 1362 2587; x_wconf 87' lang='lat' dir='ltr'><strong>propaganda</strong></span> <span class='ocrx_word' id='word_1_240' title='bbox 1402 2512 1685 2586; x_wconf 79' lang='lat' dir='ltr'><strong>suboleS‚</strong></span> <span class='ocrx_word' id='word_1_241' title='bbox 1732 2511 1968 2586; x_wconf 89' lang='lat' dir='ltr'><strong>omnia,</strong></span> <span class='ocrx_word' id='word_1_242' title='bbox 2000 2528 2160 2587; x_wconf 89' lang='lat' dir='ltr'><strong>quae</strong></span> <span class='ocrx_word' id='word_1_243' title='bbox 2190 2510 2280 2571; x_wconf 88' lang='lat' dir='ltr'><strong>di·</strong></span> 
     </span>
     <span class='ocr_line' id='line_1_28' title="bbox 208 2592 2281 2669; baseline 0.002 -18"><span class='ocrx_word' id='word_1_244' title='bbox 208 2596 383 2669; x_wconf 85' lang='lat' dir='ltr'><strong>lapsa</strong></span> <span class='ocrx_word' id='word_1_245' title='bbox 412 2594 529 2656; x_wconf 91' lang='lat' dir='ltr'><strong>iam</strong></span> <span class='ocrx_word' id='word_1_246' title='bbox 558 2592 989 2669; x_wconf 81' lang='lat' dir='ltr'><strong>diffluxerunt,</strong></span> <span class='ocrx_word' id='word_1_247' title='bbox 1024 2594 1257 2655; x_wconf 87' lang='lat' dir='ltr'><strong>severis</strong></span> <span class='ocrx_word' id='word_1_248' title='bbox 1294 2592 1531 2669; x_wconf 89' lang='lat' dir='ltr'><strong>legibus</strong></span> <span class='ocrx_word' id='word_1_249' title='bbox 1561 2593 1885 2654; x_wconf 88' lang='lat' dir='ltr'><strong>vincienda</strong></span> <span class='ocrx_word' id='word_1_250' title='bbox 1931 2602 2092 2656; x_wconf 88' lang='lat' dir='ltr'><strong>sunt.</strong></span> <span class='ocrx_word' id='word_1_251' title='bbox 2179 2592 2281 2655; x_wconf 87' lang='grc'><strong>24.</strong></span> 
     </span>
     <span class='ocr_line' id='line_1_29' title="bbox 210 2675 2278 2752; baseline -0.001 -15"><span class='ocrx_word' id='word_1_252' title='bbox 210 2677 338 2738; x_wconf 87' lang='lat' dir='ltr'><strong>Non</strong></span> <span class='ocrx_word' id='word_1_253' title='bbox 373 2676 483 2740; x_wconf 82' lang='lat' dir='ltr'><strong>l&#39;uit</strong></span> <span class='ocrx_word' id='word_1_254' title='bbox 512 2678 921 2738; x_wconf 89' lang='lat' dir='ltr'><strong>recusandum</strong></span> <span class='ocrx_word' id='word_1_255' title='bbox 949 2676 1009 2736; x_wconf 91' lang='lat' dir='ltr'><strong>in</strong></span> <span class='ocrx_word' id='word_1_256' title='bbox 1041 2684 1205 2737; x_wconf 85' lang='lat' dir='ltr'><strong>tanto</strong></span> <span class='ocrx_word' id='word_1_257' title='bbox 1238 2675 1400 2737; x_wconf 93' lang='lat' dir='ltr'><strong>civili</strong></span> <span class='ocrx_word' id='word_1_258' title='bbox 1429 2677 1592 2738; x_wconf 89' lang='lat' dir='ltr'><strong>bello</strong></span> <span class='ocrx_word' id='word_1_259' title='bbox 1621 2684 1914 2752; x_wconf 91' lang='lat' dir='ltr'><strong>tantoque</strong></span> <span class='ocrx_word' id='word_1_260' title='bbox 1942 2677 2278 2736; x_wconf 86' lang='lat' dir='ltr'><strong>animorum</strong></span> 
     </span>
     <span class='ocr_line' id='line_1_30' title="bbox 208 2758 2282 2836; baseline 0.001 -17"><span class='ocrx_word' id='word_1_261' title='bbox 208 2761 427 2821; x_wconf 85' lang='lat' dir='ltr'><strong>ardore</strong></span> <span class='ocrx_word' id='word_1_262' title='bbox 440 2769 502 2822; x_wconf 92' lang='lat' dir='ltr'><strong>et</strong></span> <span class='ocrx_word' id='word_1_263' title='bbox 513 2777 815 2822; x_wconf 90' lang='lat' dir='ltr'><strong>armorum</strong></span> <span class='ocrx_word' id='word_1_264' title='bbox 832 2759 974 2835; x_wconf 91' lang='lat' dir='ltr'><strong>quin</strong></span> <span class='ocrx_word' id='word_1_265' title='bbox 1005 2766 1297 2836; x_wconf 88' lang='lat' dir='ltr'><strong>quassata</strong></span> <span class='ocrx_word' id='word_1_266' title='bbox 1326 2775 1428 2820; x_wconf 88' lang='lat' dir='ltr'><strong>res</strong></span> <span class='ocrx_word' id='word_1_267' title='bbox 1455 2758 1716 2835; x_wconf 89' lang='lat' dir='ltr'><strong>publica,</strong></span> <span class='ocrx_word' id='word_1_268' title='bbox 1744 2758 2116 2834; x_wconf 88' lang='lat' dir='ltr'><strong>quicumque</strong></span> <span class='ocrx_word' id='word_1_269' title='bbox 2139 2759 2282 2821; x_wconf 89' lang='lat' dir='ltr'><strong>belli</strong></span> 
     </span>
     <span class='ocr_line' id='line_1_31' title="bbox 208 2840 2283 2918; baseline -0.001 -13"><span class='ocrx_word' id='word_1_270' title='bbox 208 2853 463 2906; x_wconf 87' lang='lat' dir='ltr'><strong>eventus</strong></span> <span class='ocrx_word' id='word_1_271' title='bbox 519 2845 763 2916; x_wconf 80' lang='lat' dir='ltr'><strong>fuisset,</strong></span> <span class='ocrx_word' id='word_1_272' title='bbox 821 2845 1007 2905; x_wconf 83' lang='lat' dir='ltr'><strong>multa</strong></span> <span class='ocrx_word' id='word_1_273' title='bbox 1048 2843 1333 2918; x_wconf 88' lang='lat' dir='ltr'><strong>perderet</strong></span> <span class='ocrx_word' id='word_1_274' title='bbox 1378 2851 1440 2903; x_wconf 89' lang='lat' dir='ltr'><strong>et</strong></span> <span class='ocrx_word' id='word_1_275' title='bbox 1473 2849 1826 2904; x_wconf 88' lang='lat' dir='ltr'><strong>ornamenta</strong></span> <span class='ocrx_word' id='word_1_276' title='bbox 1866 2840 2176 2917; x_wconf 87' lang='lat' dir='ltr'><strong>dignitatis</strong></span> <span class='ocrx_word' id='word_1_277' title='bbox 2222 2850 2283 2903; x_wconf 88' lang='lat' dir='ltr'><strong>et</strong></span> 
     </span>
     <span class='ocr_line' id='line_1_32' title="bbox 208 2925 2279 3004; baseline -0.001 -17"><span class='ocrx_word' id='word_1_278' title='bbox 208 2925 521 3004; x_wconf 88' lang='lat' dir='ltr'><strong>praesidia</strong></span> <span class='ocrx_word' id='word_1_279' title='bbox 556 2925 896 2989; x_wconf 85' lang='lat' dir='ltr'><strong>stabilitatis</strong></span> <span class='ocrx_word' id='word_1_280' title='bbox 929 2942 1108 3000; x_wconf 89' lang='lat' dir='ltr'><strong>suae,</strong></span> <span class='ocrx_word' id='word_1_281' title='bbox 1137 2928 1448 3002; x_wconf 88' lang='lat' dir='ltr'><strong>multaque</strong></span> <span class='ocrx_word' id='word_1_282' title='bbox 1481 2934 1740 3001; x_wconf 89' lang='lat' dir='ltr'><strong>uterque</strong></span> <span class='ocrx_word' id='word_1_283' title='bbox 1768 2926 1893 2985; x_wconf 88' lang='lat' dir='ltr'><strong>dux</strong></span> <span class='ocrx_word' id='word_1_284' title='bbox 1930 2927 2159 2989; x_wconf 77' lang='lat' dir='ltr'><strong>faceret</strong></span> <span class='ocrx_word' id='word_1_285' title='bbox 2185 2942 2279 2985; x_wconf 87' lang='lat' dir='ltr'><strong>ar·</strong></span> 
     </span>
     <span class='ocr_line' id='line_1_33' title="bbox 210 3007 2279 3085; baseline -0 -15"><span class='ocrx_word' id='word_1_286' title='bbox 210 3020 433 3083; x_wconf 79' lang='lat' dir='ltr'><strong>matuS,</strong></span> <span class='ocrx_word' id='word_1_287' title='bbox 482 3028 642 3085; x_wconf 89' lang='lat' dir='ltr'><strong>quae</strong></span> <span class='ocrx_word' id='word_1_288' title='bbox 672 3009 833 3070; x_wconf 85' lang='lat' dir='ltr'><strong>idem</strong></span> <span class='ocrx_word' id='word_1_289' title='bbox 870 3017 1112 3084; x_wconf 84' lang='lat' dir='ltr'><strong>togatus</strong></span> <span class='ocrx_word' id='word_1_290' title='bbox 1141 3007 1275 3070; x_wconf 83' lang='lat' dir='ltr'><strong>fleri</strong></span> <span class='ocrx_word' id='word_1_291' title='bbox 1303 3008 1742 3084; x_wconf 88' lang='lat' dir='ltr'><strong>prohibuisset.</strong></span> <span class='ocrx_word' id='word_1_292' title='bbox 1833 3008 2001 3084; x_wconf 86' lang='lat' dir='ltr'><strong>Quae</strong></span> <span class='ocrx_word' id='word_1_293' title='bbox 2033 3008 2279 3084; x_wconf 88' lang='lat' dir='ltr'><strong>quidem</strong></span> 
     </span>
     <span class='ocr_line' id='line_1_34' title="bbox 212 3092 2280 3168; baseline -0 -15"><span class='ocrx_word' id='word_1_294' title='bbox 212 3094 310 3154; x_wconf 88' lang='lat' dir='ltr'><strong>tibi</strong></span> <span class='ocrx_word' id='word_1_295' title='bbox 354 3110 517 3154; x_wconf 90' lang='lat' dir='ltr'><strong>nunc</strong></span> <span class='ocrx_word' id='word_1_296' title='bbox 560 3092 763 3156; x_wconf 86' lang='lat' dir='ltr'><strong>omnia</strong></span> <span class='ocrx_word' id='word_1_297' title='bbox 799 3092 942 3153; x_wconf 90' lang='lat' dir='ltr'><strong>belli</strong></span> <span class='ocrx_word' id='word_1_298' title='bbox 973 3093 1223 3152; x_wconf 87' lang='lat' dir='ltr'><strong>vulnera</strong></span> <span class='ocrx_word' id='word_1_299' title='bbox 1252 3094 1529 3153; x_wconf 86' lang='lat' dir='ltr'><strong>sananda</strong></span> <span class='ocrx_word' id='word_1_300' title='bbox 1558 3101 1728 3167; x_wconf 89' lang='lat' dir='ltr'><strong>sunt,</strong></span> <span class='ocrx_word' id='word_1_301' title='bbox 1772 3092 1995 3168; x_wconf 91' lang='lat' dir='ltr'><strong>quibus</strong></span> <span class='ocrx_word' id='word_1_302' title='bbox 2038 3099 2280 3168; x_wconf 88' lang='lat' dir='ltr'><strong>praeter</strong></span> 
     </span>
     <span class='ocr_line' id='line_1_35' title="bbox 212 3174 2278 3251; baseline -0.001 -15"><span class='ocrx_word' id='word_1_303' title='bbox 212 3185 267 3236; x_wconf 91' lang='lat' dir='ltr'><strong>te</strong></span> <span class='ocrx_word' id='word_1_304' title='bbox 306 3176 548 3238; x_wconf 86' lang='lat' dir='ltr'><strong>mederi</strong></span> <span class='ocrx_word' id='word_1_305' title='bbox 579 3192 762 3236; x_wconf 91' lang='lat' dir='ltr'><strong>nemo</strong></span> <span class='ocrx_word' id='word_1_306' title='bbox 790 3183 1010 3251; x_wconf 88' lang='lat' dir='ltr'><strong>potest.</strong></span> <span class='ocrx_word' id='word_1_307' title='bbox 1096 3174 1198 3236; x_wconf 85' lang='grc'><strong>25.</strong></span> <span class='ocrx_word' id='word_1_308' title='bbox 1230 3176 1441 3251; x_wconf 87' lang='lat' dir='ltr'><strong>Itaque</strong></span> <span class='ocrx_word' id='word_1_309' title='bbox 1470 3175 1633 3236; x_wconf 90' lang='lat' dir='ltr'><strong>illam</strong></span> <span class='ocrx_word' id='word_1_310' title='bbox 1662 3184 1823 3239; x_wconf 92' lang='lat' dir='ltr'><strong>tuam</strong></span> <span class='ocrx_word' id='word_1_311' title='bbox 1860 3174 2278 3251; x_wconf 87' lang='lat' dir='ltr'><strong>praeclarissi-</strong></span> 
     </span>
     <span class='ocr_line' id='line_1_36' title="bbox 212 3257 2276 3335; baseline -0.001 -18"><span class='ocrx_word' id='word_1_312' title='bbox 212 3275 367 3318; x_wconf 87' lang='lat' dir='ltr'><strong>mam</strong></span> <span class='ocrx_word' id='word_1_313' title='bbox 414 3267 475 3320; x_wconf 90' lang='lat' dir='ltr'><strong>et</strong></span> <span class='ocrx_word' id='word_1_314' title='bbox 502 3257 1013 3335; x_wconf 88' lang='lat' dir='ltr'><strong>sapientissimam</strong></span> <span class='ocrx_word' id='word_1_315' title='bbox 1059 3275 1275 3320; x_wconf 86' lang='lat' dir='ltr'><strong>vocem</strong></span> <span class='ocrx_word' id='word_1_316' title='bbox 1308 3259 1531 3320; x_wconf 88' lang='lat' dir='ltr'><strong>invitus</strong></span> <span class='ocrx_word' id='word_1_317' title='bbox 1565 3258 1806 3319; x_wconf 79' lang='lat' dir='ltr'><strong>audivi=</strong></span> <span class='ocrx_word' id='word_1_318' title='bbox 1854 3257 2017 3319; x_wconf 85' lang='lat' dir='ltr'><strong>Satis</strong></span> <span class='ocrx_word' id='word_1_319' title='bbox 2046 3259 2152 3318; x_wconf 90' lang='lat' dir='ltr'><strong>diu</strong></span> <span class='ocrx_word' id='word_1_320' title='bbox 2180 3260 2276 3316; x_wconf 87' lang='lat' dir='ltr'><strong>vel</strong></span> 
     </span>
     <span class='ocr_line' id='line_1_37' title="bbox 212 3340 2277 3417; baseline -0.001 -18"><span class='ocrx_word' id='word_1_321' title='bbox 212 3349 458 3402; x_wconf 88' lang='lat' dir='ltr'><strong>naturae</strong></span> <span class='ocrx_word' id='word_1_322' title='bbox 498 3341 625 3403; x_wconf 86' lang='lat' dir='ltr'><strong>vixi</strong></span> <span class='ocrx_word' id='word_1_323' title='bbox 670 3343 766 3401; x_wconf 88' lang='lat' dir='ltr'><strong>vel</strong></span> <span class='ocrx_word' id='word_1_324' title='bbox 813 3340 1061 3417; x_wconf 88' lang='lat' dir='ltr'><strong>gloriae.</strong></span> <span class='ocrx_word' id='word_1_325' title='bbox 1150 3341 1343 3414; x_wconf 77' lang='lat' dir='ltr'><strong>SatiS,</strong></span> <span class='ocrx_word' id='word_1_326' title='bbox 1379 3343 1431 3402; x_wconf 89' lang='lat' dir='ltr'><strong>si</strong></span> <span class='ocrx_word' id='word_1_327' title='bbox 1459 3340 1542 3403; x_wconf 86' lang='lat' dir='ltr'><strong>ita</strong></span> <span class='ocrx_word' id='word_1_328' title='bbox 1572 3341 1686 3415; x_wconf 78' lang='lat' dir='ltr'><strong>viS,</strong></span> <span class='ocrx_word' id='word_1_329' title='bbox 1706 3343 1975 3403; x_wconf 80' lang='lat' dir='ltr'><strong>sortasse</strong></span> <span class='ocrx_word' id='word_1_330' title='bbox 2002 3347 2277 3409; x_wconf 86' lang='lat' dir='ltr'><strong>naturae,</strong></span> 
     </span>
     <span class='ocr_line' id='line_1_38' title="bbox 214 3423 2278 3500; baseline -0.002 -18"><span class='ocrx_word' id='word_1_331' title='bbox 214 3424 370 3483; x_wconf 87' lang='lat' dir='ltr'><strong>addo</strong></span> <span class='ocrx_word' id='word_1_332' title='bbox 407 3425 618 3498; x_wconf 90' lang='lat' dir='ltr'><strong>etiam,</strong></span> <span class='ocrx_word' id='word_1_333' title='bbox 662 3424 716 3486; x_wconf 92' lang='lat' dir='ltr'><strong>si</strong></span> <span class='ocrx_word' id='word_1_334' title='bbox 753 3426 981 3500; x_wconf 88' lang='lat' dir='ltr'><strong>placet,</strong></span> <span class='ocrx_word' id='word_1_335' title='bbox 1023 3424 1286 3499; x_wconf 82' lang='lat' dir='ltr'><strong>gloriae=</strong></span> <span class='ocrx_word' id='word_1_336' title='bbox 1317 3433 1407 3495; x_wconf 89' lang='lat' dir='ltr'><strong>at,</strong></span> <span class='ocrx_word' id='word_1_337' title='bbox 1441 3426 1610 3499; x_wconf 91' lang='lat' dir='ltr'><strong>quod</strong></span> <span class='ocrx_word' id='word_1_338' title='bbox 1652 3423 1980 3483; x_wconf 89' lang='lat' dir='ltr'><strong>maximum</strong></span> <span class='ocrx_word' id='word_1_339' title='bbox 2010 3428 2133 3489; x_wconf 88' lang='lat' dir='ltr'><strong>est,</strong></span> <span class='ocrx_word' id='word_1_340' title='bbox 2174 3434 2278 3492; x_wconf 87' lang='lat' dir='ltr'><strong>pa-</strong></span> 
     </span>
     <span class='ocr_line' id='line_1_39' title="bbox 214 3502 2277 3583; baseline -0.004 -19"><span class='ocrx_word' id='word_1_341' title='bbox 214 3505 358 3566; x_wconf 88' lang='lat' dir='ltr'><strong>triae</strong></span> <span class='ocrx_word' id='word_1_342' title='bbox 388 3516 549 3568; x_wconf 88' lang='lat' dir='ltr'><strong>certe</strong></span> <span class='ocrx_word' id='word_1_343' title='bbox 583 3524 813 3583; x_wconf 87' lang='lat' dir='ltr'><strong>parum.</strong></span> <span class='ocrx_word' id='word_1_344' title='bbox 905 3506 1033 3582; x_wconf 83' lang='lat' dir='ltr'><strong>Qua</strong></span> <span class='ocrx_word' id='word_1_345' title='bbox 1065 3524 1132 3569; x_wconf 89' lang='lat' dir='ltr'><strong>re</strong></span> <span class='ocrx_word' id='word_1_346' title='bbox 1163 3507 1370 3569; x_wconf 86' lang='lat' dir='ltr'><strong>omitte</strong></span> <span class='ocrx_word' id='word_1_347' title='bbox 1409 3506 1614 3579; x_wconf 89' lang='lat' dir='ltr'><strong>istam,</strong></span> <span class='ocrx_word' id='word_1_348' title='bbox 1662 3520 1925 3580; x_wconf 82' lang='lat' dir='ltr'><strong>quaese,</strong></span> <span class='ocrx_word' id='word_1_349' title='bbox 1962 3502 2277 3569; x_wconf 80' lang='lat' dir='ltr'><strong>doctorum</strong></span> 
     </span>
    </p>
   </div>
  </div>
 </body>
</html>
