2514 3928
118 255 187 310 19
657 245 662 250 ’
763 246 929 306 CAP.
959 258 1153 312 5—8.
1196 256 1249 316 S.
1281 260 1346 311 11
1367 285 1433 295 —-
1457 258 1542 311 18.
2067 249 2188 313 317

112 408 236 458 tum
266 394 445 457 etiam
476 395 756 458 Ballioni.
816 398 864 459 O
895 400 1239 461 foeditatem
1284 399 1547 461 hominis
1577 400 1978 477 flagitiosam!
2010 419 2049 465 o
2079 397 2187 466 im·

109 479 493 556 pudentiam,
537 480 898 556 nequitiam,
941 481 1250 543 libidinem
1296 498 1418 543 non
1464 484 1806 545 ferendam!
1876 486 1968 548 Tu
1999 505 2184 563 quum

109 563 447 640 principem
495 573 874 640 senatorem,
930 565 1125 626 civem
1184 566 1552 641 singularem
1613 577 1734 628 tam
1774 570 2185 645 propinquum

106 648 369 722 liabeaS,
411 647 490 707 ad
538 664 675 709 eum
708 648 786 708 de
815 666 883 711 re
920 649 1165 725 publica
1194 648 1343 709 nihil
1371 652 1636 710 referasz
1675 653 1908 712 referas
1953 654 2031 713 ad
2055 670 2188 729 eos,

87 734 209 810 'qui
240 750 413 796 suam
440 750 568 795 rem
597 735 820 796 nullam
851 735 1107 808 habent,
1153 742 1318 804 tuam
1348 732 1761 795 exhauriunt?
1822 736 1988 796 Tuus
2020 739 2184 798 vide·

105 819 245 879 licet
284 820 568 881 salutaris
610 821 997 894 consulatue,
1039 818 1428 896 perniciosus
1470 835 1663 881 meus.
1752 789 1883 879 Vnt
1928 820 2186 898 Adeone

104 903 404 979 pudorem
434 920 572 965 cum
619 904 911 979 pudicitia
945 902 1305 980 perdidisti,
1355 913 1420 965 ut
1465 904 1586 965 hoc
1629 901 1688 964 in
1721 920 1797 964 eo
1839 905 2066 979 templo
2097 903 2176 965 di·

100 1002 242 1047 cere
271 1003 465 1049 ausus
494 988 616 1062 siS,
649 989 707 1047 in
742 1004 864 1064 quo
895 1004 1013 1063 ego
1044 997 1322 1049 senatum
1353 988 1519 1050 illum
1538 1034 1554 1062 ‚
1597 989 1700 1065 qui
1733 988 2043 1065 quondam
2074 987 2185 1049 sso·
2260 1023 2269 1032 ·

98 1087 245 1131 rens
294 1071 426 1132 orbi
487 1079 780 1132 terrarum
832 1071 1253 1147 praesidebat,
1305 1072 1737 1144 consulebam,
1793 1082 1856 1134 tu
1905 1071 2186 1134 homines

98 1153 552 1229 perditissimos
589 1171 726 1215 cum
760 1153 981 1229 gladiis
1017 1154 1441 1216 collocavisti?
1531 1156 1627 1218 16.
1670 1158 1753 1217 At
1783 1158 1964 1218 etiam
1994 1174 2185 1219 ausus

95 1254 167 1297 es
208 1272 280 1283 —-
320 1237 468 1313 quid
501 1247 703 1299 autem
732 1247 830 1299 est
874 1239 1041 1313 quod
1087 1248 1153 1299 tu
1181 1254 1305 1299 non
1335 1239 1614 1299 audeas?
1640 1276 1719 1285 —-
1753 1240 1976 1300 clivum
2009 1240 2185 1318 Capi-

94 1320 352 1382 tolinum
406 1320 613 1382 dicere
663 1337 762 1381 me
819 1322 1077 1382 consule
1127 1322 1377 1396 plenum
1439 1339 1760 1384 servorum
1818 1333 2184 1386 armatorum

98 1403 315 1466 fuisse.
371 1404 452 1465 Ut
484 1404 616 1479 illa,
651 1404 871 1478 credo,
902 1404 1133 1465 nefaria
1164 1413 1415 1466 senatus
1446 1408 1727 1467 consulta
1775 1407 2023 1481 fierent,
2065 1406 2184 1466 vim

97 1488 452 1551 adferebam
490 1486 750 1564 senatui.
812 1488 860 1549 Ο
891 1488 1109 1563 miser,
1145 1488 1279 1549 sive
1307 1490 1409 1550 illa
1441 1490 1545 1551 tibi
1583 1499 1726 1551 nota
1759 1506 1878 1549 non
1913 1498 2057 1551 sunt
2097 1526 2175 1539 —-

96 1571 246 1633 nihil
290 1572 450 1633 enim
492 1571 639 1634 boni
671 1574 832 1634 nosti
862 1608 946 1618 —-
980 1573 1112 1633 sive
1142 1582 1314 1647 sunt,
1347 1574 1451 1649 qui
1483 1573 1648 1649 apud
1679 1575 1831 1634 tales
1865 1572 2034 1636 viros
2063 1582 2199 1635 tam-

94 1656 493 1732 impudenter
516 1658 805 1733 loquare!
857 1656 1005 1731 Quis
1041 1655 1200 1717 enim
1231 1673 1426 1733 eques
1455 1659 1798 1731 RomanuS,
1835 1657 1975 1735 quis
2012 1674 2183 1734 prae-

96 1750 191 1801 ter
220 1749 279 1802 te
310 1742 679 1803 adolescens
724 1740 979 1816 nobiliS,
1025 1740 1164 1816 quis
1208 1741 1394 1802 ullius
1425 1741 1687 1817 ordinis,
1736 1741 1841 1817 qui
1881 1760 1952 1804 se
1989 1743 2183 1802 civem

91 1839 242 1883 esse
263 1822 677 1896 meminisset,
716 1841 902 1899 quum
932 1831 1187 1885 senatus
1211 1824 1270 1883 in
1299 1825 1418 1884 hoc
1440 1825 1675 1900 templo
1701 1831 1890 1894 esset,
1927 1822 1983 1881 in
2012 1823 2174 1884 clivo

93 1906 438 1982 Capitolino
472 1924 597 1969 non
630 1908 783 1970 suit?
822 1909 962 1985 quis
994 1925 1219 1970 nomen
1251 1924 1377 1968 non
1410 1908 1617 1971 dedit?
1654 1924 2024 1984 quamquam
2058 1923 2172 1970 nec

88 1990 335 2051 scribae
352 1991 637 2052 sufficere
662 2007 777 2051 nec
805 1991 1046 2052 tabulae
1065 1990 1308 2051 nomina
1324 1989 1562 2050 illorum
1591 2005 1816 2064 capere
1835 1996 2179 2064 potuerunt.

87 2071 196 2137 17.
240 2074 476 2137 Etenim
510 2091 693 2150 quum
726 2073 1005 2135 homines
1054 2073 1268 2133 nefarii
1296 2074 1376 2133 de
1405 2071 1636 2149 patriae
1673 2072 1999 2149 parricidio
2032 2088 2177 2132 con-

87 2159 442 2230 fiterentur,
490 2158 877 2219 consciorum
918 2156 1192 2229 indiciiS,
1242 2174 1356 2217 sua
1402 2175 1614 2230 manu,
1660 2173 1815 2217 voce
1859 2171 2058 2231 paene
2089 2157 2176 2216 lit·

61 2251 361 2323 ·terarum
404 2241 601 2302 coacti
642 2257 712 2302 se
752 2243 962 2303 urbem
1008 2240 1416 2314 inflammare,
1469 2241 1638 2302 cives
1693 2239 2029 2313 trucidare,
2073 2257 2169 2299 va·

88 2334 261 2387 stare
308 2325 569 2398 Italiam,
633 2325 841 2386 delere
889 2341 1018 2385 rem
1071 2325 1376 2400 publicam
1432 2323 1863 2398 consensisse,
1919 2323 2057 2399 quis
2082 2338 2176 2383 es-

83 2418 190 2471 set
222 2407 329 2484 qui
372 2410 450 2470 ad
494 2410 750 2470 salutem
793 2418 1171 2471 communem
1215 2409 1663 2470 defendendam
1710 2425 1831 2469 non
1881 2405 2173 2468 excitare-

83 2500 235 2556 tur?
262 2493 623 2570 praesertim
657 2511 841 2568 quum
873 2501 1124 2554 senatus
1155 2493 1552 2569 populusque
1581 2493 1897 2552 Romanus
1928 2491 2180 2551 haberet

81 2579 335 2652 ducem,
368 2576 567 2653 qualis
598 2576 650 2638 si
682 2578 787 2653 qui
819 2593 978 2637 nunc
1007 2585 1191 2648 esset,
1228 2575 1333 2636 tibi
1362 2574 1555 2650 idem,
1592 2574 1759 2653 quod
1789 2574 1906 2634 illis
1935 2573 2174 2644 accidit,

63 2659 473 2736 contigisset.
516 2661 615 2720 Ad
648 2662 1019 2736 sepulturam
1051 2676 1280 2734 corpus
1310 2658 1505 2719 vitrici
1537 2658 1633 2720 sui
1666 2665 1849 2734 negat
1877 2673 1914 2716 a
1942 2672 2038 2717 me
2073 2658 2167 2717 da-

77 2756 240 2808 tum.
287 2745 425 2804 Hoc
460 2754 605 2806 vero
636 2761 716 2805 ne
747 2744 811 2803 P.
843 2745 1086 2820 quidem
1123 2741 1375 2805 Clodius
1420 2742 1572 2803 dixit
1609 2757 1923 2818 umquam=
1976 2756 2158 2816 quenl

78 2827 241 2905 quia
271 2828 405 2889 iure
434 2828 491 2889 ei
520 2828 801 2889 inimicus
833 2829 919 2888 sui
939 2875 953 2902 ,
997 2829 1179 2889 doleo
1223 2844 1260 2887 a
1291 2835 1349 2888 te
1380 2825 1664 2888 omnibus
1694 2823 1859 2887 vitiis
1885 2825 2003 2886 iam
2033 2840 2176 2885 esse

81 2918 474 2989 superatum.
546 2911 643 2972 18.
669 2911 783 2986 Qui
827 2922 1027 2973 autem
1070 2909 1176 2972 tibi
1220 2909 1474 2971 venitin
1505 2919 1768 2971 mentem
1796 2910 2079 2986 redigere
2111 2907 2171 2968 in

81 2995 454 3058 memoriam
488 3006 762 3057 nostram
802 3004 862 3057 te
904 2993 1070 3056 domi
1111 2995 1173 3054 P.
1203 2993 1442 3055 Lentuli
1472 3010 1615 3056 esse
1646 2995 2012 3055 educatum?
2074 2993 2171 3052 An

85 3079 395 3141 verebare
424 3096 503 3141 ne
531 3097 651 3141 non
679 3086 1031 3155 putaremus
1056 3087 1268 3139 natura
1298 3088 1356 3140 te
1379 3077 1658 3153 potuisse
1683 3087 1802 3139 tam
1832 3077 2173 3154 improbum

83 3163 392 3237 evadere,
421 3163 541 3225 nisi
564 3161 937 3225 accessisset
963 3163 1142 3224 etiam
1168 3160 1533 3238 disciplina?
1615 3162 1775 3222 vlu.
1804 3162 1948 3222 Tam
1976 3169 2173 3222 autem

86 3260 236 3308 eras
274 3261 530 3320 excors,
572 3255 638 3308 ut
675 3255 803 3310 tota
852 3246 911 3307 in
956 3245 1231 3308 oratione
1278 3255 1380 3307 tua
1421 3254 1621 3308 tecum
1664 3244 1800 3320 ipse
1849 3260 2175 3321 pugnares,

87 3345 221 3391 non
277 3332 463 3391 modo
521 3348 643 3392 non
676 3329 1067 3392 cohaerentia
1116 3329 1273 3391 inter
1300 3346 1381 3390 se
1428 3330 1696 3402 diceres,
1756 3329 1867 3388 sed
1915 3326 2176 3387 maxime

85 3411 369 3474 diiuncta
397 3421 582 3491 atque
612 3413 931 3486 contraria,
962 3424 1031 3475 ut
1060 3429 1181 3473 non
1215 3421 1378 3474 tanta
1415 3428 1682 3482 mecum,
1718 3418 1945 3485 quanta
1968 3409 2074 3470 tibi
2099 3416 2182 3465 te-

85 3493 236 3557 cum
264 3504 437 3557 esset
468 3496 800 3558 contentio.
862 3496 1157 3559 Vitricum
1203 3504 1371 3558 tuum
1412 3494 1605 3557 fuisse
1646 3493 1707 3553 in
1753 3500 1918 3552 tanto
1945 3491 2178 3549 scelera
