2514 3928
340 230 462 294 416
633 231 706 289 ΙΝ
730 230 810 289 Μ.
841 229 1245 290 ANTONIUM
1276 228 1560 291 ORATIO
1587 229 2010 290 PHILIPPICA
2042 230 2121 290 X.
2338 242 2440 296 118

339 382 529 443 -ita
560 379 718 441 enim
749 378 956 441 dixisti
990 389 1050 441 et
1084 379 1329 455 quidem
1360 382 1440 440 de
1468 380 1731 456 seript0=
1763 397 1900 439 nam
1922 390 1982 442 te
2004 380 2223 457 inopia
2254 384 2438 444 verbi

340 470 577 541 lapsum
609 473 900 538 putarem,
934 463 1050 524 nisi
1081 473 1242 524 tuam
1273 464 1332 523 in
1367 463 1631 524 dicendo
1662 464 2004 525 facultatem
2038 482 2314 527 nossem
2330 500 2432 536 ——,

339 548 565 609 litteras
594 546 763 609 Bruti
796 555 962 607 recte
993 554 1051 606 et
1085 546 1301 606 ordine
1329 548 1591 622 scriptas
1624 546 1839 607 videri.
1927 547 2084 620 Quid
2119 559 2227 611 est
2258 551 2435 611 atiud

338 631 643 691 librarium
686 630 855 691 Bruti
900 630 1179 702 laudare,
1225 647 1347 690 non
1386 631 1678 694 Brutum?
1760 630 1820 691 6.
1862 631 2054 691 Usum
2099 630 2163 690 in
2211 650 2289 693 re
2326 650 2433 708 pu-

337 716 512 785 blica,
542 715 780 785 Calene,
814 729 1095 787 magnum
1119 714 1237 772 iam
1261 712 1487 774 habere
1509 721 1570 773 et
1592 714 1784 773 debes
1806 722 1867 774 et
1888 723 2090 788 potes.
2156 716 2433 789 Quando

337 799 419 859 ita
465 798 713 858 decerni
759 795 1004 856 vidisti?
1045 803 1149 857 aut
1189 813 1312 870 quo
1350 807 1610 886 senatus
1637 798 1917 858 consulto
1947 796 2133 858 huius
2167 800 2431 873 generis

335 915 414 927 --
448 890 591 942 sunt
629 880 786 941 enim
824 878 1285 939 innumerabilia
1312 913 1399 925 -
1425 881 1583 941 bene
1618 880 1879 955 scriptas
1918 878 2158 941 litteras
2207 882 2429 943 decre-

337 973 459 1026 tum
499 981 537 1023 a
576 971 832 1023 senatu?
918 962 1093 1035 Quod
1162 964 1416 1023 verbum
1470 962 1573 1024 tibi
1627 980 1747 1023 non
1800 961 2058 1035 excidit,
2111 973 2189 1025 ut
2230 982 2431 1041 saepe

334 1049 430 1119 fit,
488 1045 763 1108 fortuito:
809 1047 1134 1120 scriptum,
1179 1046 1556 1117 meditatum,
1600 1047 1924 1120 cogitatum
1955 1048 2239 1108 attulisti.
2333 1050 2428 1108 nl.

333 1132 503 1190 Hanc
559 1128 661 1189 tibi
713 1129 1216 1189 consuetudinem
1270 1129 1582 1205 plerisque
1634 1128 1695 1189 in
1746 1129 1932 1189 rebus
1973 1129 2163 1192 bonis
2218 1132 2429 1193 obtre—

334 1212 537 1274 ctandi
584 1210 637 1272 si
682 1214 784 1288 qui
832 1212 1395 1289 detraxerit,‘quid
1444 1213 1547 1273 tibi
1591 1213 1757 1287 quod
1799 1211 1917 1272 sibi
1958 1213 2240 1289 quisque
2282 1217 2428 1277 velit

333 1313 455 1357 non
508 1294 923 1371 relinquetur?
1009 1296 1197 1370 Quam
1247 1298 1326 1356 ob
1379 1314 1504 1357 rem
1551 1296 1770 1370 collige
1823 1302 1879 1356 te
1933 1300 2255 1373 placaque
2302 1299 2428 1359 ani-

333 1396 495 1440 mum
531 1379 711 1440 istum
742 1379 1072 1455 aliquando
1123 1389 1182 1440 et
1221 1380 1455 1455 mitiga:
1500 1379 1644 1440 audi
1688 1377 1851 1440 viros
1895 1380 2151 1455 bonoS,·
2195 1383 2426 1458 quibus

333 1463 538 1525 multis
567 1462 783 1524 uteris:
823 1464 1075 1538 loquere
1103 1480 1236 1523 cum
1263 1463 1713 1538 sapientissimo
1736 1462 1998 1537 homine,
2029 1480 2281 1539 genero
2305 1476 2428 1541 tuo,

335 1546 586 1622 saepius
630 1563 811 1622 quam
853 1547 988 1622 ipse
1031 1555 1263 1607 tecum=
1304 1555 1427 1608 tum
1463 1546 1731 1621 denique
1758 1546 2122 1621 amplissimi
2162 1548 2426 1612 honoris

334 1647 556 1691 nomen
590 1628 913 1693 obtinebis,
973 1632 1068 1689 An
1101 1647 1246 1691 vero
1277 1630 1396 1690 hoc
1425 1648 1537 1705 pro
1572 1628 1758 1690 nihilo
1789 1638 1988 1704 putaS‚
2021 1629 2086 1689 in
2125 1650 2268 1707 quo
2302 1634 2426 1710 qui·
2498 1693 2500 1702 ,

333 1715 470 1774 dem
507 1729 616 1788 pro
652 1712 913 1774 amicitia
944 1723 1103 1774 tuam
1135 1713 1332 1773 vicem
1365 1714 1576 1774 dolere
1612 1714 1817 1788 soleo,
1853 1712 2058 1773 efferri
2094 1714 2231 1777 hoc
2265 1720 2425 1779 l'oras
2498 1783 2500 1786 ,

333 1807 393 1857 et
425 1798 503 1856 ad
531 1797 743 1871 populi
772 1796 1028 1857 Romani
1061 1813 1242 1857 aures
1278 1796 1617 1871 pervenire,
1648 1796 1725 1870 ei,
1766 1797 1867 1872 qui
1902 1799 2138 1870 primus
2175 1811 2424 1862 senten·

332 1878 473 1940 tiam
503 1878 742 1951 dixerit,
779 1880 1076 1939 neminem
1102 1880 1477 1940 adsensum?
1523 1880 1687 1955 quod
1719 1880 1897 1940 etiam
1929 1879 2121 1941 hodie
2149 1882 2423 1945 futurum

333 1961 607 2023 arbitror.

457 2045 759 2120 Leg10nes
789 2046 1044 2106 abducis
1073 2065 1110 2106 a
1135 2047 1346 2108 Bruto.
1432 2045 1640 2118 Quas?
1674 2063 1894 2121 nempe
1934 2063 2076 2120 eaS,
2124 2067 2301 2124 quas
2335 2052 2424 2111 ille

332 2147 370 2188 a
399 2129 461 2188 C.
495 2128 746 2190 Antonii
782 2130 1014 2190 scelere
1044 2130 1262 2191 avertit
1293 2138 1354 2190 et
1392 2129 1468 2189 ad
1500 2146 1628 2190 rem
1663 2130 1966 2205 publicam
2000 2148 2120 2190 sua
2150 2135 2424 2196 auctori·

333 2221 452 2273 tate
485 2213 772 2272 traduxit.
859 2214 1096 2273 Rursus
1137 2212 1317 2287 igitur
1346 2215 1438 2273 vis
1468 2214 1756 2274 nudatum
1791 2213 1953 2273 illum
1984 2223 2183 2289 atque
2227 2221 2423 2280 solum

332 2312 366 2354 a
394 2311 462 2354 re
503 2295 747 2368 publica
779 2296 1108 2370 relegatum
1138 2295 1389 2357 videri..
1442 2295 1500 2358 7.
1543 2297 1676 2357 Vos
1720 2305 1950 2368 autem,
2007 2306 2234 2372 patres
2287 2318 2422 2362 con·

333 2376 577 2452 scripti,
624 2377 675 2436 si
702 2377 782 2436 Μ.
813 2377 1061 2439 Brutum
1096 2378 1492 2440 deserueritis
1521 2388 1581 2440 et
1612 2379 2023 2455 prodiderim,
2057 2399 2262 2456 quem
2304 2397 2421 2446 tan·

331 2462 468 2521 dem
502 2461 697 2521 civem
728 2479 1011 2537 umquam
1044 2463 1380 2524 ornabitis?
1422 2462 1519 2523 cui
1551 2463 1874 2524 favebitis?
1924 2463 2053 2524 Nisi
2087 2466 2262 2526 forte
2296 2485 2418 2542 eos,

333 2545 437 2620 qui
472 2544 753 2605 diadema
787 2544 1216 2620 imposuerint,
1248 2547 1742 2619 conservandOS‚
1787 2562 1928 2620 eoS,
1963 2547 2069 2622 qui
2098 2553 2291 2624 regni
2320 2569 2420 2612 uo·

331 2646 467 2689 men
499 2628 881 2701 sustulerint,
916 2631 1294 2690 deserendos
1326 2629 1567 2706 putatis.
1656 2632 1748 2690 Ac
1782 2630 1860 2691 de
1889 2631 2006 2690 hac
2035 2631 2304 2706 quidem
2334 2635 2419 2695 di·

331 2710 472 2772 vina
527 2720 713 2787 atque
756 2714 1075 2776 immortali
1122 2718 1304 2776 laude
1346 2719 1516 2780 Bruti
1562 2718 1788 2789 sileb0‚
1847 2732 2008 2792 quae
2056 2715 2420 2790 gratissima

330 2795 619 2855 memoria
651 2796 915 2856 omnium
940 2792 1159 2856 civium
1206 2794 1442 2856 inclusa
1477 2796 1743 2857 nondum
1775 2797 2018 2872 publica
2047 2801 2421 2862 auctoritate

330 2886 547 2938 testata
576 2888 688 2940 est.
774 2879 1102 2939 Tantamne
1131 2878 1507 2954 patientiam,
1553 2879 1616 2939 di
1648 2881 1825 2953 boni,
1864 2889 2090 2942 tantam
2126 2884 2420 2945 modera-

328 2959 585 3032 tionem,
628 2968 851 3022 tantam
895 2962 954 3022 in
1000 2961 1216 3023 iniuria
1247 2965 1731 3038 tranquillitatem
1769 2973 1830 3025 et
1862 2964 2270 3025 modestiam!
2314 2966 2421 3043 qni

332 3059 516 3116 quum
551 3053 793 3116 praetor
819 3046 989 3105 urbis
1018 3054 1214 3120 esset,
1261 3047 1410 3106 urbe
1444 3045 1665 3118 caruit,
1709 3046 1805 3109 ius
1835 3065 1954 3110 non
1988 3047 2170 3118 dixit,
2226 3067 2419 3126 quum

330 3141 511 3184 omne
559 3125 655 3184 ius
695 3126 783 3185 rei
827 3128 1106 3202 publicae
1152 3128 1674 3205 recuperavisset,
1733 3148 2044 3212 quumque
2098 3147 2419 3194 concursu

330 3203 636 3265 cotidiano
671 3207 971 3270 bonorum
1002 3211 1290 3285 omnium,
1329 3213 1431 3288 qui
1459 3212 1831 3275 admirabilis
1862 3216 1938 3274 ad
1971 3230 2111 3274 eum
2141 3215 2285 3277 fieri
2313 3232 2418 3278 so·
2494 3290 2495 3293 Ἴ

329 3285 519 3357 lebat,
565 3288 998 3366 praesidioque
1026 3294 1231 3356 Italiae
1260 3306 1518 3358 cunctae
1548 3306 1801 3373 saeptus
1834 3306 2047 3373 posset
2078 3314 2265 3372 esse,
2309 3300 2419 3361 ah·
2494 3328 2495 3331 ¹

330 3383 477 3429 sens
519 3367 742 3432 iudicio
784 3373 1082 3436 bonorum
1126 3378 1421 3442 defensus
1462 3397 1606 3441 esse
1652 3381 1858 3442 maluit
1889 3397 2068 3457 quam
2100 3396 2419 3454 praesens

329 3465 543 3510 manu:
587 3453 691 3527 qui
724 3470 802 3514 ne
834 3459 1221 3531 Apollinares
1261 3464 1504 3537 quidem
1542 3464 1724 3525 ludos
1762 3482 1872 3540 pro
1910 3480 2021 3525 sua
2060 3464 2422 3545 populique
