2514 3928
770 385 934 456 CAP.
971 390 1237 456 2'2—24.
1283 400 1333 463 §-
1365 403 1629 458 49—54.
2167 401 2246 464 21

172 550 417 628 quidem
458 564 530 610 ac
572 547 824 625 lugendi
866 547 947 610 sit
975 557 1297 625 potestas,
1354 557 1474 610 tam
1510 558 1726 626 captus
1757 559 2049 626 equester
2077 553 2250 629 ord0,

169 643 233 695 ut
264 633 506 709 equites
534 632 792 695 Romani
824 651 862 694 a
892 635 1149 699 consule
1181 635 1548 709 relegentur.
1625 635 1794 709 Quae
1828 651 2014 711 quum
2047 636 2251 697 omnia

165 727 356 793 atque
387 716 567 778 etiam
595 720 782 780 multo
810 716 929 778 alia
956 717 1217 790 maiora,
1259 734 1419 793 quae
1449 720 1728 780 consulto
1764 726 2115 794 praetereo,
2148 736 2251 781 ac-

167 803 498 876 cidissent,
554 801 774 864 videtis
815 819 914 863 me
953 811 1150 863 tamen
1197 803 1260 861 in
1302 818 1500 862 meam
1544 801 1857 878 pristinam
1901 803 2250 880 dignitatem

164 885 344 947 brevi
385 889 660 962 tempore
702 887 935 947 doloris
967 886 1283 948 interiecto
1324 885 1415 947 rei
1455 886 1744 962 publicae
1781 902 1935 947 voce
1981 903 2122 948 esse
2156 905 2251 948 re·

166 978 471 1032 vocatum.

334 1054 545 1119 XXIV.
578 1053 678 1116 53.
721 1053 844 1115 Sed
889 1065 954 1116 ut
985 1064 1264 1116 revertar
1296 1057 1376 1117 ad
1417 1055 1596 1128 illud,
1654 1055 1822 1129 quod
1858 1054 2002 1116 mihi
2034 1055 2094 1115 in
2138 1056 2254 1116 hac

166 1139 331 1200 omni
362 1148 461 1200 est·
488 1139 764 1201 oratione
800 1139 1218 1214 propositum,
1257 1140 1540 1207 omnibus
1572 1138 1749 1200 malis
1785 1139 1889 1201 illo
1920 1156 2081 1200 anno
2117 1156 2252 1200 sce-

165 1227 293 1284 lere
333 1225 654 1285 consulum
698 1239 826 1282 rem
869 1223 1177 1298 publicam
1226 1240 1371 1287 esse
1416 1225 1788 1296 confectam,
1843 1225 2100 1300 primum
2146 1223 2250 1285 illo

163 1307 304 1383 ipso
339 1307 471 1380 die,
532 1308 634 1382 qui
681 1305 828 1391 mihi
870 1308 1149 1366 funestus
1183 1307 1325 1381 suit,
1378 1307 1661 1368 omnibus
1690 1307 1874 1369 bonis
1908 1309 2250 1382 luctuosuS‚

167 1409 359 1466 quum
390 1407 506 1464 ego
539 1405 639 1448 me
671 1404 709 1447 e
745 1391 1074 1463 complexu
1114 1391 1350 1463 patrIae
1393 1398 1856 1465 conspectuque
1895 1399 2102 1453 vestro
2135 1393 2249 1452 eri-

167 1475 447 1549 puissem
492 1480 554 1531 et
593 1479 760 1531 metu
798 1470 989 1530 vestri
1030 1469 1317 1545 periculi,
1372 1488 1495 1531 non
1536 1471 1688 1545 mei,
1738 1474 1928 1533 furori
1967 1475 2253 1548 hominiS‚

169 1556 412 1626 sceleri,
448 1553 761 1630 perfidiae,
793 1553 930 1615 telis
961 1553 1269 1630 minisque
1299 1554 1633 1614 cessissem
1664 1553 2066 1632 patriamque,
2097 1575 2256 1632 quae

163 1640 313 1701 mihi
338 1647 470 1701 erat
492 1637 843 1710 carissima,
879 1646 1134 1714 propter
1159 1636 1359 1720 ipsius
1379 1637 1613 1717 patriae
1638 1639 1948 1699 caritatem
1971 1640 2255 1715 reliquis-

164 1743 329 1798 sem,
366 1741 553 1801 quum
587 1739 787 1783 meum
819 1721 986 1784 illum
1021 1725 1231 1784 casum
1267 1731 1385 1784 tam
1418 1721 1804 1798 horribilem,
1840 1731 1960 1783 tam
1989 1740 2258 1800 gravem,

162 1818 284 1871 tam
308 1807 694 1885 repentinum
717 1824 838 1868 non
865 1809 1063 1868 solum
1092 1807 1393 1879 homines,
1419 1808 1533 1868 sed
1557 1815 1714 1869 tecta
1736 1807 1904 1868 urbis
1929 1824 2002 1868 ac
2030 1809 2257 1885 templa

161 1895 471 1970 lugerent,
519 1886 700 1953 'nemo
732 1902 1004 1953 vestrum
1037 1893 1265 1966 forum,
1310 1908 1489 1953 nemo
1513 1892 1795 1966 curiam,
1842 1908 2021 1954 nemo
2057 1894 2253 1954 lucem

161 1978 445 2054 aspicere
474 1979 687 2039 vellet=
722 1976 857 2051 illo,
892 1977 1172 2053 inquam,
1208 1977 1348 2053 ipso
1374 1977 1506 2054 die,
1539 1977 1640 2037 die
1670 1977 1856 2038 dico?
1883 1978 2066 2039 immo
2101 1980 2254 2040 liora

162 2072 349 2138 atque
402 2062 581 2123 etiam
624 2070 852 2137 puncto
909 2061 1200 2136 temporis
1255 2062 1476 2123 eodem
1519 2060 1664 2121 mihi
1710 2060 1925 2137 reique
1967 2064 2252 2138 publicae

163 2145 491 2223 pernicieS,
527 2145 784 2205 Gabinio
816 2154 878 2206 et
895 2144 1103 2206 Pisoni
1133 2145 1457 2221 provincia
1477 2152 1688 2221 rogata
1714 2154 1829 2207 est.
1868 2146 2026 2208 Proh
2056 2147 2118 2207 di
2141 2148 2252 2207 im-

160 2231 486 2314 mortales,
541 2230 834 2290 custodes
877 2238 935 2289 et
965 2238 1442 2290 conservatores
1483 2227 1666 2291 huius
1707 2229 1877 2290 urbis
1912 2238 2098 2307 atque
2141 2230 2253 2291 im-

163 2314 351 2391 perii!
410 2329 713 2389 quaenam
732 2312 845 2374 *illa
879 2311 937 2373 in
970 2329 1036 2373 re
1075 2314 1326 2389 publica
1354 2321 1656 2388 monstra,
1702 2330 1862 2390 quae
1896 2317 2134 2376 scelera
2164 2314 2252 2374 vi·

163 2396 374 2459 distis!
437 2397 601 2458 Civis
631 2406 762 2459 erat
789 2400 1090 2473 expulsus
1119 2398 1203 2471 is,
1249 2397 1354 2474 qui
1386 2413 1515 2457 rem
1544 2397 1850 2473 publicam
1883 2415 1963 2459 ex
1997 2409 2251 2461 senatus

94 2539 101 2544 .
162 2484 523 2544 auctoritate
556 2497 692 2543 cum
727 2481 1025 2543 omnibus
1046 2481 1227 2541 bonis
1264 2481 1653 2554 defenderat,
1698 2489 1759 2542 et
1792 2484 2091 2558 expulsus
2127 2499 2251 2543 non

160 2567 284 2627 alio
315 2565 557 2643 aliquo,
594 2566 708 2627 sed
738 2582 814 2626 eo
848 2565 989 2641 ipso
1026 2565 1301 2626 crimine.
1374 2566 1520 2626 Erat
1548 2573 1750 2626 autem
1783 2569 2084 2642 expulsus
2119 2568 2253 2628 sine

161 2649 428 2727 iudicio,
467 2649 556 2722 vi,
590 2649 934 2724 lapidibus,
964 2650 1159 2722 ferro,
1196 2647 1447 2710 servitio
1480 2649 1751 2725 denique
1780 2650 2113 2712 concitato=
2151 2652 2253 2711 lex

160 2743 296 2795 erat
335 2736 457 2794 lata
501 2741 738 2794 vastato
783 2749 856 2792 ac
897 2733 1110 2793 relicto
1148 2734 1283 2794 soro
1314 2742 1376 2794 et
1403 2732 1641 2794 sicariis
1674 2734 2001 2811 servisque
2031 2735 2253 2795 tradito

161 2828 223 2880 et
254 2834 328 2878 ea
356 2818 489 2892 leX,
533 2833 694 2892 quae
728 2826 795 2877 ut
827 2833 905 2877 ne
939 2818 1226 2889 ferretur,
1276 2824 1526 2877 senatus
1557 2817 1755 2878 ruerat
1795 2826 1968 2879 veste
2004 2826 2251 2879 mutata.

157 2902 264 2963 54.
311 2902 443 2961 Hac
474 2908 637 2962 tanta
666 2900 1123 2976 perturbatione
1153 2899 1417 2968 civitatis
1449 2918 1527 2961 ne
1556 2910 1795 2963 noctem
1828 2902 2075 2977 quidem
2106 2918 2252 2964 con-

161 2988 334 3048 sules
412 2985 571 3045 inter
623 3000 827 3044 meum
885 2989 1177 3045 interitum
1229 2992 1293 3044 et
1346 3000 1519 3043 suam
1579 2988 1872 3062 praedam
1948 2985 2252 3049 interesse

161 3069 336 3146 passi
359 3078 533 3131 suntz
569 3067 769 3129 statim
799 3085 897 3129 me
926 3069 1213 3145 perculso
1242 3069 1322 3128 ad
1355 3085 1554 3129 meum
1578 3069 1940 3146 sanguinem
1971 3071 2251 3133 haurien-

161 3156 310 3216 dum
355 3163 416 3214 et
447 3152 722 3229 spirante
765 3151 945 3213 etiarn
978 3169 1045 3213 re
1081 3152 1329 3227 publica
1362 3153 1441 3214 ad
1474 3152 1607 3213 eius
1638 3153 1837 3230 spolia
1876 3155 2253 3216 detrahenda

160 3240 627 3300 advolaverunt.
673 3234 892 3298 Omitto
918 3236 1379 3312 gratulationes,
1402 3238 1639 3311 epulas,
1671 3237 2054 3312 partitionem
2077 3254 2251 3300 aera·

158 3323 248 3397 rii,
286 3319 611 3395 beneficia,
647 3337 843 3396 spem,
880 3321 1207 3397 promissa,
1243 3322 1557 3396 praedam,
1591 3321 1877 3383 laetitiam
1912 3337 2251 3397 paucorum

157 3406 218 3467 in
244 3408 416 3468 luctu
441 3403 729 3466 omnium.
769 3406 1127 3465 Vexabatur
1145 3421 1305 3463 uxor
1324 3419 1492 3464 mea:
1521 3403 1695 3465 liberi
1720 3407 1799 3466 ad
1825 3420 2039 3465 necem
2062 3421 2251 3479 quae-

156 3479 481 3552 rebffmturz
513 3504 705 3565 gener
727 3497 788 3550 et
808 3488 949 3549 Piso
975 3503 1167 3564 gener
1188 3504 1226 3547 a
1245 3486 1487 3547 Pisonis
1512 3488 1786 3549 consulis
1811 3486 2077 3564 pedibus
2103 3503 2250 3557 sup-

161 3578 305 3651 plex
333 3571 755 3635 reiiciebatur=
808 3573 974 3632 bona
1001 3570 1448 3646 diripiebantur
1477 3584 1677 3641 eaque
1714 3570 1793 3627 ad
1824 3566 2114 3626 consules
2146 3565 2250 3618 de-

159 3660 549 3721 ferebantur:
587 3657 808 3716 domus
839 3655 1094 3715 ardebat
1122 3654 1181 3713 in
1211 3650 1472 3711 Palatio=
1508 3649 1797 3707 consules
1828 3640 2247 3715 epulabantur.
