2514 3928
272 245 277 250 ·
310 205 438 271 828
608 205 685 263 ΙΝ
714 205 794 263 Μ.
823 203 1224 266 ΑΝΤΟΝΙΠΜ
1253 192 1535 263 ΟΡιᾸἸἸΟ
1567 203 1985 280 PHILIPPICA
2012 205 2081 263 11.
2249 203 2258 210 ’
2352 220 2438 271 3¹>

288 329 655 432 :exslinctis
683 353 852 429 quod
886 352 947 412 in
978 353 1217 414 hostem
1248 363 1515 430 togatum
1544 352 1793 414 decerni
1822 362 1919 415 est
1950 355 2200 416 solitum
2230 374 2431 419 more

169 463 207 490 .·
233 455 262 500 ,·
313 435 667 519 ηιαίοὴιηιζ,
726 436 799 495 Et
848 444 926 513 tu·
950 436 1112 511 apud
1152 446 1357 512 patres
1401 432 1788 513 conscriptos
1822 446 2035 498 contra
2060 456 2161 499 me
2196 440 2429 502 dicere

314 536 510 602 ausus
541 527 841 596 e's,.quum
873 519 950 578 ab
981 518 1099 580 hoc
1129 520 1344 580 ordine
1369 538 1484 597 ego
1522 528 1920 582 conservator
1943 538 2167 592 essem,
2204 531 2273 584 tu
2301 524 2422 584 ho-

289 601 430 670 ‚stis
461 602 865 679 reipublicae
893 601 1240 664 iudicatus?
1283 604 1787 666 commemoratio
1830 603 1992 665 illius
2024 605 2108 665 tui
2137 607 2422 667 sceleris

312 685 661 752 intermissa
689 695 821 760 est,
851 702 973 747 non
1003 686 1296 747 memoria
1337 687 1554 749 deleta.
1641 688 1799 748 Dum
1831 702 2027 761 genus
2059 688 2415 760 hominum,

311 768 472 831 dum.
491 769 707 846 populi
734 769 994 831 Romani
1026 786 1244 831 nomen
1269 770 1550 844 exstabit,
1577 804 1662 815 ——
1694 770 1860 845 quod
1892 770 2136 846 quidem
2166 772 2322 846 erit,
2358 772 2417 833 si

311 870 426 930 per
455 863 513 914 te
549 851 784 927 liceBit,
828 852 1261 927 sempiternum
1301 888 1405 928 —,
1443 862 1545 915 tua
1571 853 1673 913 illa
1702 853 1992 929 pestifera
2027 854 2415 916 intercessio

312 937 739 998 nominabitur.
838 934 941 996 52.
972 934 1125 1009 Quid
1159 936 1384 1011 cupide
1425 954 1463 998 a
1493 945 1725 1007 senatu,
1756 936 1904 1011 quid
1934 947 2161 998 temere
2190 939 2417 1012 fiebat,

314 1037 506 1095 quum
523 1029 586 1079 tu
617 1036 778 1079 unus
808 1018 1177 1080 adolescens
1211 1020 1566 1081 universum
1615 1019 1891 1079 ordinem
1936 1021 2277 1081 decernere
2328 1024 2417 1082 de

313 1104 509 1164 salute
537 1101 629 1162 rei
661 1100 940 1177 publicae
964 1101 1359 1177 prohibuisti,
1395 1102 1711 1178 neque[id]
1744 1105 1955 1174 semel,
1972 1104 2086 1165 sed
2115 1106 2409 1179 saepiuS‚

312 1201 515 1261 neque
556 1191 620 1245 tu
653 1193 853 1246 tecum
884 1185 962 1244 de
992 1193 1240 1246 senatus
1274 1186 1635 1248 auctoritate
1655 1186 1754 1261 agi
1778 1203 2005 1262 passus
2029 1194 2144 1247 es?
2237 1188 2407 1261 Quid

313 1276 514 1329 autem
550 1268 844 1343 agebatur
885 1267 1002 1328 nisi
1044 1285 1121 1329 ne
1151 1269 1339 1330 deleri
1390 1279 1449 1331 et
1475 1268 1665 1331 everti
1694 1286 1822 1329 rem
1855 1268 2158 1345 publicam
2195 1272 2405 1331 sundi-

314 1361 409 1413 tus
448 1353 658 1424 velleS,
697 1368 883 1427 quum
911 1358 973 1411 te
1001 1368 1201 1428 neque
1231 1352 1546 1430 principes
1583 1351 1842 1413 civitatis
1873 1353 2148 1428 rogando
2188 1370 2408 1429 neque

313 1434 578 1496 maiores
622 1444 766 1507 natu
808 1435 1113 1495 monendo
1156 1452 1358 1512 neque
1402 1438 1691 1510 frequens
1737 1446 1988 1497 senatus
2030 1438 2276 1511 agendo
2323 1440 2406 1497 de

314 1518 561 1579 vendita
603 1528 787 1594 atq-ue
826 1518 1071 1582 addicta
1116 1521 1417 1580 sententia
1473 1535 1722 1581 movere
1768 1520 2008 1596 potuit?
2046 1520 2199 1581 Tum
2245 1520 2406 1581 illud

313 1601 514 1662 multis
539 1604 728 1664 rebus
741 1609 886 1663 ante
903 1603 1214 1677 temptatis
1232 1602 1585 1662 necessario
1602 1602 1706 1661 tibi
1721 1606 1948 1662 vulnus
1964 1603 2264 1663 inflictum
2283 1613 2407 1675 est,

314 1686 482 1761 quod
514 1684 733 1760 paucis
762 1691 901 1743 ante
931 1692 1008 1755 te,
1044 1700 1303 1756 quorum
1333 1683 1652 1744 incolumis
1683 1683 1793 1742 fuit
1824 1699 2023 1743 nemo.
2107 1681 2212 1745 53.
2242 1684 2403 1743 Tum

314 1777 527 1830 contra
554 1776 615 1827 te
643 1766 811 1826 dedit
830 1781 997 1825 arma
1018 1765 1118 1825 hic
1144 1768 1294 1827 ordo
1330 1766 1687 1827 consulibus
1714 1765 2095 1841 reliquisque
2116 1766 2403 1841 imperiis

312 1861 373 1912 et
400 1849 838 1927 potestatibus=
874 1865 1032 1923 quae
1065 1867 1186 1910 non
1223 1849 1582 1926 effugisses,
1625 1847 1742 1909 nisi
1775 1859 1833 1910 te
1861 1850 1940 1909 ad
1971 1866 2139 1909 arma
2170 1850 2401 1910 Caesa-

311 1933 398 1995 ris
441 1932 833 1995 contulisses.
919 1932 1100 1993 XXll.
1136 1934 1254 2006 Tu,
1286 1943 1382 2008 tu,
1411 1935 1678 2010 inquam,
1704 1933 1783 1993 M.
1819 1933 2063 2005 Antoni,
2099 1932 2403 2008 princeps

315 2018 377 2078 C.
412 2016 659 2079 Caesari
685 2018 886 2077 omnia
920 2017 1274 2091 perturbare
1305 2017 1571 2092 cupienti
1600 2017 1846 2077 causam
1869 2018 2012 2078 belli
2044 2026 2258 2078 contra
2285 2034 2399 2092 pa·

315 2101 483 2163 triam
517 2100 816 2163 inferendi
848 2098 1089 2163 dedisti.
1179 2100 1332 2174 Quid
1363 2101 1522 2163 enim
1553 2100 1716 2160 aliud
1748 2100 1847 2160 ille
1881 2099 2164 2161 dicebat?
2207 2117 2397 2176 quam

312 2200 564 2245 causam
592 2183 690 2244 sui
713 2182 1154 2245 dementissimi
1180 2183 1417 2243 consilii
1450 2191 1510 2244 et
1545 2183 1681 2244 facti
1713 2183 2042 2254 adferebat,
2077 2182 2197 2244 nisi
2223 2183 2396 2259 quod

311 2266 673 2328 intercessio
699 2268 994 2342 neglecta,
1017 2265 1113 2325 ius
1137 2266 1519 2327 tribunicium
1545 2268 1865 2338 sublatum,
1892 2267 2395 2342 circumscriptus

313 2367 350 2410 a
379 2357 602 2411 senatu
632 2357 804 2409 esset
830 2347 1179 2411 Antonius?
1220 2348 1438 2412 Omitto
1484 2367 1665 2426 quam
1696 2350 1848 2415 haec
1884 2350 2059 2424 salsa,
2092 2367 2276 2425 quam
2304 2351 2391 2409 le·

313 2434 431 2507 via,
460 2431 822 2507 praesertim
852 2448 1037 2508 quum
1063 2433 1310 2492 omnino
1339 2434 1503 2494 nulla
1533 2450 1722 2494 causa
1749 2433 1908 2494 iusta
1937 2434 2223 2509 cuiquam
2246 2449 2390 2493 esse

313 2515 515 2592 possit
541 2523 752 2577 contra
777 2515 1029 2591 patriam
1065 2532 1233 2576 arma
1262 2518 1562 2593 capiendi.
1652 2516 1777 2577 Sed
1809 2517 1953 2576 nihil
1985 2516 2063 2575 de
2094 2518 2388 2577 Caesare=

313 2599 419 2661 tibi
465 2608 631 2662 certe
671 2600 1084 2673 confitendum
1123 2608 1220 2661 est
1265 2616 1514 2660 causam
1573 2598 2076 2675 perniciosissimi
2135 2598 2278 2682 belli
2324 2598 2386 2658 in

317 2697 591 2759 persona
618 2688 724 2753 tua
750 2679 1124 2741 constitisse.
1180 2678 1282 2736 54.
1321 2677 1366 2739 Ο
1393 2677 1683 2736 miserum
1710 2684 1785 2745 te,
1820 2674 1873 2733 si
1900 2675 2055 2734 haec
2079 2672 2385 2747 intelligis,

317 2766 722 2838 miseriorem,
748 2765 801 2825 si
834 2780 957 2825 non
988 2762 1278 2837 intelligis
1301 2760 1423 2820 hoc
1446 2758 1662 2820 litteris
1687 2758 1982 2829 mandari,
2013 2757 2136 2816 hoc
2161 2769 2387 2816 memo·

319 2849 448 2909 riae
483 2847 679 2924 prodi,
709 2846 889 2907 huius
919 2844 1005 2904 rei
1036 2861 1112 2904 ne
1145 2842 1558 2918 posteritatem
1580 2841 1842 2916 >quidem
1875 2837 2142 2900 omnium
2178 2852 2389 2896 saecu-

321 2931 520 2990 lorum
539 2946 825 3003 umquam
851 2928 1260 2988 immemorem
1293 2927 1441 2997 fore,
1468 2926 1757 2991 consules
1781 2939 1860 2989 ex
1879 2921 2050 2982 ltalia
2072 2921 2391 2995 expuISOS,

324 3029 590 3088 cumque
639 3011 715 3071 iis
749 3011 855 3072 Cn.
885 3009 1270 3085 Pompeium,
1297 3010 1461 3084 quod
1488 3005 1721 3084 imperii
1760 3004 1971 3082 populi
1996 3001 2258 3065 Romani
2287 3003 2390 3060 de·

321 3113 434 3157 cus
482 3112 555 3155 ac
600 3096 801 3154 lumen
844 3093 982 3165 fuit,
1031 3108 1243 3153 omnes
1272 3092 1663 3164 consulareS,
1710 3089 1817 3166 qui
1850 3105 1960 3164 per
1987 3086 2391 3149 valetudinem

322 3177 587 3254 exsequi
619 3177 853 3237 cladem
895 3175 1057 3235 illam
1088 3177 1417 3251 rugamque
1449 3174 1823 3251 potuissent,
1857 3180 2195 3248 praetores,
2221 3185 2392 3245 prae-

320 3261 531 3333 torios,
567 3259 841 3321 tribunos
868 3257 1088 3334 plebiS,
1120 3273 1398 3332 magnam
1428 3267 1655 3335 partem
1683 3265 1953 3330 senatuS‚
1985 3270 2227 3316 omnem
2253 3252 2391 3314 sub-

321 3347 480 3404 olem
518 3341 876 3416 iuventutiS‚
916 3357 1165 3416 unoque
1207 3341 1395 3401 verbo
1440 3358 1566 3402 rem
1598 3339 1904 3416 publicam
1941 3340 2264 3414 expulsam
2307 3353 2393 3395 at·

324 3444 450 3502 que
483 3423 941 3488 exterminatam
971 3422 1103 3505 suis
1131 3423 1419 3486 sedibus!
1508 3424 1608 3486 55.
1651 3423 1730 3485 Ut
1757 3423 1936 3500 igitur
1962 3421 2025 3482 in
2059 3418 2419 3485 seminibus.
