2514 3928
67 133 113 142 ...-

246 140 767 151 ιοο-”.“---υν-ὶ
1753 130 1924 141 mm.—

663 338 1076 409 ,PROOEMIUM
1111 339 1441 392 EDITIONIS
1478 338 1849 396 SECUNDAE.
2151 357 2314 413 {xva

226 480 502 544 supercilio
536 493 697 528 annus
733 477 816 527 illc
851 478 947 545 niti
968 484 1214 540 tamquam
1236 479 1365 527 vade
1404 479 1678 540 videretur,
1712 478 1903 545 duplici
1937 478 2087 529 modo
2123 477 2313 539 aliquid

218 545 564 596 desideratur.
633 534 763 592 Nam
798 543 863 592 de
895 542 1065 593 futuro
1101 554 1331 606 tempore
1364 544 1587 607 quodam
1620 545 1775 595 modo
1810 547 1935 596 haec
1968 547 2067 595 dici
2101 555 2318 608 apparet

220 626 295 661 -ex
329 625 417 670 eo,
465 611 602 672 quod
649 611 776 659 vade
819 625 900 659 res
938 609 1026 658 uiti
1071 609 1279 669 dicitur,
1335 620 1385 660 et
1417 611 1693 660 litterarum
1739 613 1949 673 ductus,
1985 613 2073 675 qui
2106 622 2226 660 sunt
2259 611 2312 660 iu

229 677 375 728 libris
411 678 620 739 (antuus
661 677 813 726 habet
855 677 966 725 cod.
1008 677 1300 736 Parisinus,
1349 684 1599 727 anantuus
1631 678 1745 728 cod.
1781 679 2182 742 Gemblaceusis‚
2227 678 2314 726 alii

228 744 342 795 libri
380 743 614 806 similia),
659 758 761 792 nou
806 743 959 808 plane
1002 754 1291 808 congruunt
1325 758 1439 792 cum
1475 758 1533 793 ea
1574 743 1849 809 scriptura.
1894 760 2026 809 quae
2066 759 2201 793 nunc
2233 759 2313 793 re-

216 821 378 875 cepta
414 821 506 863 est.
579 809 738 869 Quam
776 811 839 859 ob
870 824 974 858 rem
1008 810 1073 859 de
1105 809 1398 863 coniectura
1440 825 1554 861 mea
1598 811 1699 859 iam
1748 813 1932 877 scripsi
1967 827 2129 862 annus
2161 825 2315 861 nom

228 879 316 928 illc
350 892 444 942 pro
479 893 639 928 annus
671 879 783 936 ille,
828 877 1011 938 quibus
1055 877 1223 926 verbis
1268 872 1442 942 magis
1482 877 1686 926 effertur
1728 879 2052 944 incipientem
2085 878 2187 926 iam
2219 891 2310 926 an·

222 959 350 994 :num
366 943 596 1010 intelligi.
625 974 628 977 v
656 943 779 1009 Cap.
801 947 880 994 10.
909 943 957 1006 §-
977 945 1059 993 22.
1084 943 1270 1008 scripsi
1296 958 1393 1008 ego
1420 958 1585 995 sermo
1611 945 1755 995 nobis
1782 961 1936 996 ansas
1958 945 2114 995 dabat
2134 958 2230 1008 pro
2256 957 2315 992 eo

218 1011 366 1073 -quod
390 1011 442 1061 iu
467 1011 609 1061 libris
635 1021 712 1061 est
732 1011 977 1062 sermonis
1001 1024 1156 1060 ansas
1180 1011 1352 1062 dabat.
1400 1009 1690 1060 Pronomen
1721 1012 1864 1062 nobie
1890 1026 2054 1077 paene
2075 1025 2317 1060 necessa-

227 1079 358 1127 rium
386 1087 464 1128 est
485 1088 696 1143 propter
730 1078 808 1137 id,
850 1077 988 1139 quod
1012 1077 1242 1138 sequitur
1267 1086 1527 1142 possemus
1560 1087 1610 1126 et
1646 1077 1794 1127 facile
1825 1079 1875 1127 in
1920 1079 2158 1128 continua
2189 1078 2315 1126 scri-

221 1145 404 1209 ptione
424 1160 587 1196 scr-mo
613 1144 772 1207 nobis,
800 1144 1097 1208 praesertim
1124 1145 1170 1195 si
1203 1144 1560 1209 compendium
1593 1146 1887 1211 accedebat,
1920 1145 2106 1194 mutari
2128 1144 2181 1192 in
2202 1159 2311 1193 eer-

215 1211 384 1261 ἠιοπίε
402 1220 618 1276 poterat.
668 1212 715 1271 §-
740 1213 824 1260 24.
847 1213 924 1260 εἰσ
951 1225 1095 1274 quum
1119 1210 1329 1277 scripsit
1346 1210 1591 1259 Halmius.
1644 1213 1701 1260 ln
1726 1212 1867 1261 libris
1884 1213 1960 1262 sic
1984 1225 2085 1260 non
2110 1210 2310 1274 legitur.

224 1275 403 1326 Paullo
434 1286 555 1342 post
581 1284 808 1327 cunctam
824 1292 928 1329 rem
954 1275 1202 1340 publicam
1227 1291 1324 1342 ego
1349 1277 1550 1340 scripsi.
1591 1277 1647 1326 In
1672 1278 1821 1328 codd.
1838 1278 2071 1328 Parisino
2096 1286 2147 1326 et
2162 1276 2315 1326 Gem-

225 1343 454 1392 blacensi
486 1351 586 1393 tam
620 1357 714 1406 pro
749 1349 973 1393 cunctam
1002 1343 1205 1404 legitur.
1264 1343 1368 1390 Alii
1398 1353 1488 1391 aut
1517 1349 1707 1394 tantam
1748 1356 1838 1393 aut
1867 1352 2021 1401 totam
2053 1357 2316 1408 proposu-

224 1420 404 1470 erunt,
434 1409 570 1458 conl'.
597 1408 732 1456 infra
765 1423 810 1458 c.
836 1410 915 1456 16.
948 1409 998 1466 ὅ.
1020 1409 1102 1457 87.
1157 1407 1280 1471 Cup.
1305 1410 1388 1456 11.
1428 1407 1563 1468 §.26
1608 1412 1744 1474 quod
1775 1412 1860 1460 iue
1893 1418 2058 1468 totum,
2095 1410 2316 1475 quamvis

231 1481 492 1538 quaestum
526 1474 757 1535 faceret,
803 1474 966 1522 maisit
1009 1485 1087 1520 ex=
1119 1473 1266 1522 codd.
1311 1473 1543 1535 vestigiis
1590 1474 1642 1523 C.
1686 1475 1912 1525 Halmius
1955 1478 2107 1534 eruit,
2161 1488 2315 1537 quem

227 1553 334 1604 ego
361 1549 562 1588 secutus
586 1554 719 1588 sum.
788 1539 1027 1598 Idemque
1050 1539 1283 1603 scripsit:
1335 1539 1557 1588 Venistis
1590 1542 1662 1589 ad
1691 1547 1928 1598 senatum,
1961 1557 2065 1600 voe,
2099 1544 2316 1605 inquam,

230 1616 282 1655 et
313 1614 524 1670 postea:
585 1613 684 1656 tum
716 1607 898 1656 vestris
926 1605 1167 1668 precibus
1199 1605 1264 1656 ab
1298 1608 1495 1656 latrone
1529 1607 1616 1658 illo
1648 1606 1934 1670 repudiatis
1966 1609 2053 1656 vir
2092 1608 2316 1657 incredi-

221 1672 319 1722 bili
341 1673 450 1736 fide
486 1681 599 1736 etc„
637 1673 823 1733 quibus
858 1673 911 1721 in
947 1671 1112 1723 verbis
1147 1673 1462 1736 corrigendis
1499 1673 1577 1720 vir
1620 1673 1949 1722 doctissimus
1985 1674 2217 1736 proxime
2251 1672 2317 1721 ad

225 1738 376 1791 codd.
414 1739 632 1789 Parisini
673 1749 722 1791 et
757 1737 1133 1789 Gemblacensis
1168 1740 1448 1804 scripturas
1483 1741 1717 1790 accessit.
1790 1738 1912 1804 Gap.
1941 1742 2020 1789 12.
2054 1739 2101 1800 ἕ.
2125 1739 2208 1790 28.
2243 1740 2316 1786 ul-

218 1806 458 1857 ciscendi,
501 1807 582 1857 cui
631 1804 842 1872 scripsit
891 1804 1138 1858 Halmius.
1190 1808 1273 1857 sui
1314 1819 1415 1856 om.
1462 1805 1596 1856 cod.-
1621 1807 1783 1856 Paris.
1839 1808 1893 1855 iu
1938 1819 2116 1855 rasura
2164 1805 2318 1853 trium

220 1882 529 1934 quattuorve
562 1873 842 1922 litterarum
878 1882 926 1921 et
959 1872 1077 1925 cod.
1113 1872 1306 1924 Gembl.
1339 1872 1512 1937 Vulgo
1537 1874 1813 1924 ulciscendi
1830 1889 1887 1924 se
1910 1872 2114 1938 legitur.
2157 1870 2206 1934 5.
2234 1872 2315 1924 29.

223 1946 281 1989 ut
315 1941 482 1990 edicto
516 1939 668 1990 habet
700 1939 812 1993 cod.
846 1938 1110 1991 Parisinus
1146 1954 1178 1990 a
1210 1954 1292 2005 pr.
1326 1953 1507 1998 manu,
1557 1941 1610 1991 id
1646 1939 1786 2003 quod
1820 1939 2072 2006 flagitavit
2100 1937 2312 1988 Bobius.

224 2005 400 2071 Vulgo
437 2006 682 2056 omittitur
714 2014 790 2058 ut.
861 2006 986 2072 Cap.
1012 2010 1092 2059 14.
1131 2006 1183 2070 §-
1205 2009 1288 2059 32.
1324 2007 1512 2072 scripsi
1545 2022 1642 2073 ego
1667 2021 1874 2072 quoque
1906 2022 2041 2056 nuuc
2073 2005 2313 2064 audebas,

221 2073 365 2135 quod
409 2071 556 2123 facile
599 2075 646 2123 si
691 2075 995 2138 compendio
1041 2076 1288 2139 scriptum
1324 2085 1432 2123 erat
1463 2073 1564 2137 ita„
1588 2085 1645 2126 ut
1676 2091 1709 2124 a
1743 2074 1908 2124 littera
1941 2074 2135 2123 litterae
2168 2072 2199 2122 b
2234 2072 2313 2120 in-

223 2138 566 2203 haeream-et,
613 2140 870 2204 corrumpi
915 2141 1081 2205 potuit
1122 2140 1175 2189 iu
1211 2142 1432 2205 audeas,
1483 2140 1623 2203 quod
1659 2151 1737 2191 est
1771 2141 1823 2190 iu
1857 2140 2016 2190 libris.
2087 2138 2161 2188 Ne
2196 2138 2314 2200 quis

219 2206 484 2255 existimet
517 2219 612 2271 pro
639 2220 698 2256 eo
734 2222 885 2257 ausus
908 2222 964 2258 ec
985 2206 1254 2258 dicendum
1288 2207 1466 2265 fuisse,
1502 2220 1858 2271 commemoro,
1884 2206 2163 2257 audebas
2201 2219 2314 2256 esse

226 2284 358 2321 tum
387 2271 692 2332 audebas,
723 2272 825 2322 ubi
859 2272 1146 2334 homines
1181 2272 1499 2325 fefellisti.
1558 2273 1680 2340 Gap.
1707 2275 1785 2324 16.
1816 2275 1862 2335 9.
1888 2276 1973 2325 37.
2009 2272 2191 2322 retinui
2217 2278 2315 2319 tam

216 2339 685 2403 spectarat,·quod
720 2349 852 2391 certe
873 2339 1108 2391 idoneam
1133 2342 1437 2392 seutentiam
1467 2340 1636 2406 habet,
1673 2355 1980 2402 quamquam
2014 2343 2312 2401 sumpserat,

220 2405 366 2467 quod
400 2406 453 2454 iu
496 2406 788 2456 melioribus
833 2405 977 2458 libris
1021 2418 1122 2466 est,
1165 2408 1593 2471 quodammodo
1638 2407 1841 2457 defendi
1883 2416 1972 2456 aut
2012 2407 2164 2455 etiam
2197 2402 2317 2480 ‚eibi

218 2473 1167 2604 ffiff‘fssbiffbiplffssssszffle
1189 2474 1492 2606 ssssopgasfiii.
1544 2471 2314 2605 ‘Egonffifflfflssfflffi‘sli

219 2605 347 2655 ferri
385 2620 541 2670 posse
574 2606 774 2658 videtur
807 2608 1025 2671 sciebat,
1070 2608 1190 2669 quia
1233 2621 1315 2657 res
1361 2621 1463 2656 non
1508 2606 1674 2657 solum
1709 2607 1776 2657 ad
1820 2607 1873 2656 id
1895 2641 1911 2669 ‚
1957 2604 2093 2668 quod
2126 2602 2312 2651 factum

216 2681 351 2733 erat,
387 2674 666 2736 spectabat,
686 2687 876 2723 -verum
911 2676 1062 2724 etiam
1095 2674 1163 2723 ad
1195 2674 1483 2733 consilium,
1502 2688 1605 2736 quo
1641 2688 1701 2723 ea
1734 2688 1817 2722 res
1856 2673 1990 2722 facta
2024 2677 2161 2720 esset
2194 2668 2317 2731 (per

229 2742 244 2755 ⁶
286 2740 586 2801 ,ominiam).
658 2739 782 2789 Rem
829 2740 1104 2802 videbat,
1157 2754 1266 2790 eam
1313 2754 1405 2804 per
1451 2741 1784 2805 ignominiam
1829 2739 2015 2789 factam
2051 2735 2312 2785 sciebat.

295 2819 352 2869 p.
373 2807 458 2858 22.
483 2807 533 2866 ἃ.
557 2808 640 2857 50.
673 2821 1013 2858 commemoro
1049 2822 1130 2856 me
1165 2807 1406 2856 librorum
1441 2808 1817 2858 auctoritatem:
1868 2820 2014 2871 quma
2034 2805 2128 2853 vim
2144 2815 2316 2865 prope

213 2875 468 2936 iustorum
510 2888 760 2923 ‹tr-morum
797 2875 1139 2939 profugisset,
1192 2874 1345 2923 etiam
1395 2887 1531 2923 nunc
1583 2872 1907 2923 obtinendam
1959 2869 2223 2920 censuisse
2267 2876 2317 2915 et
2388 2906 2394 2914 .

213 2944 361 2988 rec'te
394 2938 521 2988 mihi
556 2940 715 2988 videri
760 2940 857 2991 Fr.
884 2941 1173 2991 Richterum
1217 2941 1633 3005 pronuntiavisse
1676 2937 2035 2989 Accusativum
2077 2935 2171 2985 vim
2211 2947 2312 2983 nou
2389 2976 2397 2989 ,

211 3020 343 3056 esse
377 3004 430 3053 in
466 3005 753 3055 Ablativum
787 3008 839 3058 m·
878 3006 1308 3057 commutandum.
1378 3007 1436 3054 ln
1468 3006 1564 3069 iis,
1607 3020 1742 3067 quae
1785 3014 2093 3067 sequuntur,
2149 3001 2313 3051 verbis
2373 3035 2396 3057 ,Ᾰ

212 3072 508 3123 Minuta-nis
541 3082 702 3132 tueor,
737 3074 829 3124 sed
862 3074 934 3124 ita
971 3085 1025 3124 ut
1055 3075 1228 3140 aptius
1264 3087 1379 3121 cum
1404 3071 1646 3122 Genetivo
1681 3072 1923 3123 hominum
1956 3071 2317 3133 coniungatur,
2390 3110 2397 3122 ,

213 3148 279 3189 ut
320 3136 426 3187 sere
459 3139 528 3189 sit
561 3140 666 3201 qui
703 3151 920 3192 esseut
951 3141 1312 3190 Minturnis.
1384 3137 1551 3203 Saepe
1583 3152 1793 3188 numero
1829 3139 1963 3187 enim
1998 3137 2069 3185 ita
2102 3133 2310 3198 apposi·
2389 3169 2396 3176 .

211 3207 394 3256 tiones
439 3205 709 3256 adiunctae
747 3208 813 3257 ad
857 3207 1067 3257 uomina
1110 3215 1256 3264 suut,
1315 3203 1446 3254 conr.
1492 3202 1551 3257 C.
1596 3204 1688 3256 Fr.
1723 3199 2159 3267 Naegelsbach
2193 3199 2314 3274 Lat.
2388 3208 2395 3217 ·

212 3271 449 3323 Satist&
507 3287 560 3337 p.
603 3275 700 3324 201
749 3289 867 3336 sqq.
919 3274 999 3323 ed.
1033 3274 1124 3333 11„
1177 3285 1341 3332 eoque
1382 3271 1550 3335 magis
1594 3270 1648 3319 id
1691 3270 1790 3318 hoc
1831 3270 1943 3319 loco
1984 3266 2094 3315 fieri
2127 3273 2318 3328 potunt,
2388 3297 2397 3306 .

208 3338 366 3403 quod
401 3338 649 3389 vocabulo
681 3341 1076 3391 miscricordiam
1121 3338 1324 3387 demum
1368 3336 1494 3388 haec
1537 3336 1790 3385 enuntiati·
1827 3348 1949 3400 pars
1984 3329 2317 3382 concluditur.
2388 3362 2396 3371 .

209 3404 357 3471 cap.
380 3406 464 3456 24.
497 3406 544 3466 §-
569 3408 652 3457 54.
688 3407 871 3470 scripsi
909 3419 1068 3454 nunc:
1126 3406 1263 3453 inter
1303 3417 1458 3452 merem
1499 3402 1753 3451 interitum
1796 3408 1849 3450 et
1880 3414 2020 3448 cuam
2051 3394 2316 3459 praedam.

205 3474 282 3525 de
320 3472 574 3522 sententia
607 3471 739 3525 Lud.
773 3474 837 3522 de
872 3472 988 3521 Jau.
1058 3470 1114 3517 In
1161 3469 1302 3519 libris
1346 3469 1601 3517 interilum
1640 3478 1744 3513 nou
1779 3465 2005 3513 habetur.
2076 3458 2197 3521 Cap.
2234 3457 2316 3502 25.
2386 3478 2397 3510 ε
