<?xml version="1.0" encoding="UTF-8"?>
<!DOCTYPE html PUBLIC "-//W3C//DTD XHTML 1.0 Transitional//EN"
    "http://www.w3.org/TR/xhtml1/DTD/xhtml1-transitional.dtd">
<html xmlns="http://www.w3.org/1999/xhtml" xml:lang="en" lang="en">
 <head>
  <title>
</title>
<meta http-equiv="Content-Type" content="text/html;charset=utf-8" />
  <meta name='ocr-system' content='tesseract 3.04.00' />
  <meta name='ocr-capabilities' content='ocr_page ocr_carea ocr_par ocr_line ocrx_word'/>
</head>
<body>
  <div class='ocr_page' id='page_1' title='image "./scriptaquaemans02cicegoog_0455.png"; bbox 0 0 2514 3928; ppageno 0'>
   <div class='ocr_carea' id='block_1_1' title="bbox 109 285 2226 355">
    <p class='ocr_par' dir='ltr' id='par_1_1' title="bbox 109 285 2226 355">
     <span class='ocr_line' id='line_1_1' title="bbox 109 285 2226 355; baseline 0 -5"><span class='ocrx_word' id='word_1_1' title='bbox 109 294 195 350; x_wconf 68' lang='grc'><strong>97</strong></span> <span class='ocrx_word' id='word_1_2' title='bbox 786 286 951 347; x_wconf 83' lang='lat' dir='ltr'><strong>GAP.</strong></span> <span class='ocrx_word' id='word_1_3' title='bbox 981 294 1175 349; x_wconf 67' lang='lat'><strong>4-7.</strong></span> <span class='ocrx_word' id='word_1_4' title='bbox 1217 293 1270 355; x_wconf 84' lang='lat' dir='ltr'><strong>s.</strong></span> <span class='ocrx_word' id='word_1_5' title='bbox 1308 295 1571 349; x_wconf 44' lang='lat' dir='ltr'><strong>nra-uo.</strong></span> <span class='ocrx_word' id='word_1_6' title='bbox 1764 319 1769 322; x_wconf 97' lang='lat'>-</span> <span class='ocrx_word' id='word_1_7' title='bbox 2101 285 2226 350; x_wconf 79' lang='lat'><strong>395</strong></span> 
     </span>
    </p>
   </div>
   <div class='ocr_carea' id='block_1_2' title="bbox 117 435 2225 1264">
    <p class='ocr_par' dir='ltr' id='par_1_2' title="bbox 117 435 2225 1264">
     <span class='ocr_line' id='line_1_2' title="bbox 117 435 2225 515; baseline 0 -16"><span class='ocrx_word' id='word_1_8' title='bbox 117 436 410 515; x_wconf 82' lang='lat' dir='ltr'><strong>partitus</strong></span> <span class='ocrx_word' id='word_1_9' title='bbox 439 443 565 510; x_wconf 86' lang='lat' dir='ltr'><strong>est,</strong></span> <span class='ocrx_word' id='word_1_10' title='bbox 597 435 957 512; x_wconf 79' lang='lat' dir='ltr'><strong>suffragium</strong></span> <span class='ocrx_word' id='word_1_11' title='bbox 985 436 1257 510; x_wconf 80' lang='lat' dir='ltr'><strong>sustulit,</strong></span> <span class='ocrx_word' id='word_1_12' title='bbox 1291 445 1586 511; x_wconf 82' lang='lat' dir='ltr'><strong>patronus</strong></span> <span class='ocrx_word' id='word_1_13' title='bbox 1612 436 2022 499; x_wconf 84' lang='lat' dir='ltr'><strong>centuriarum</strong></span> <span class='ocrx_word' id='word_1_14' title='bbox 2054 438 2225 515; x_wconf 85' lang='lat' dir='ltr'><strong>equi-</strong></span> 
     </span>
     <span class='ocr_line' id='line_1_3' title="bbox 128 520 2225 597; baseline -0 -14"><span class='ocrx_word' id='word_1_15' title='bbox 128 531 279 583; x_wconf 87' lang='lat' dir='ltr'><strong>tum</strong></span> <span class='ocrx_word' id='word_1_16' title='bbox 313 522 762 594; x_wconf 88' lang='lat' dir='ltr'><strong>Romanorum,</strong></span> <span class='ocrx_word' id='word_1_17' title='bbox 811 536 969 595; x_wconf 90' lang='lat' dir='ltr'><strong>quas</strong></span> <span class='ocrx_word' id='word_1_18' title='bbox 998 520 1141 581; x_wconf 87' lang='lat' dir='ltr'><strong>item</strong></span> <span class='ocrx_word' id='word_1_19' title='bbox 1176 520 1310 581; x_wconf 91' lang='lat' dir='ltr'><strong>sine</strong></span> <span class='ocrx_word' id='word_1_20' title='bbox 1345 520 1640 595; x_wconf 81' lang='lat' dir='ltr'><strong>suffragio</strong></span> <span class='ocrx_word' id='word_1_21' title='bbox 1671 537 1814 582; x_wconf 83' lang='lat' dir='ltr'><strong>esse</strong></span> <span class='ocrx_word' id='word_1_22' title='bbox 1840 520 2063 594; x_wconf 81' lang='lat' dir='ltr'><strong>voluit,</strong></span> <span class='ocrx_word' id='word_1_23' title='bbox 2115 538 2225 597; x_wconf 88' lang='lat' dir='ltr'><strong>pa-</strong></span> 
     </span>
     <span class='ocr_line' id='line_1_4' title="bbox 117 601 2225 679; baseline 0 -14"><span class='ocrx_word' id='word_1_24' title='bbox 117 612 366 665; x_wconf 80' lang='lat' dir='ltr'><strong>tronus</strong></span> <span class='ocrx_word' id='word_1_25' title='bbox 397 601 639 675; x_wconf 74' lang='lat' dir='ltr'><strong>eoi-um,</strong></span> <span class='ocrx_word' id='word_1_26' title='bbox 694 601 798 677; x_wconf 91' lang='lat' dir='ltr'><strong>qui</strong></span> <span class='ocrx_word' id='word_1_27' title='bbox 838 602 1059 664; x_wconf 89' lang='lat' dir='ltr'><strong>tribuni</strong></span> <span class='ocrx_word' id='word_1_28' title='bbox 1103 601 1392 663; x_wconf 86' lang='lat' dir='ltr'><strong>militares</strong></span> <span class='ocrx_word' id='word_1_29' title='bbox 1435 605 1706 678; x_wconf 82' lang='lat' dir='ltr'><strong>fuerunt,</strong></span> <span class='ocrx_word' id='word_1_30' title='bbox 1763 612 2057 679; x_wconf 86' lang='lat' dir='ltr'><strong>patronus</strong></span> <span class='ocrx_word' id='word_1_31' title='bbox 2097 606 2225 665; x_wconf 87' lang='lat' dir='ltr'><strong>lani</strong></span> 
     </span>
     <span class='ocr_line' id='line_1_5' title="bbox 120 683 2223 763; baseline 0.002 -16"><span class='ocrx_word' id='word_1_32' title='bbox 120 687 355 747; x_wconf 83' lang='lat' dir='ltr'><strong>medii.</strong></span> <span class='ocrx_word' id='word_1_33' title='bbox 443 683 546 747; x_wconf 89' lang='grc'><strong>17.</strong></span> <span class='ocrx_word' id='word_1_34' title='bbox 596 685 743 759; x_wconf 77' lang='lat' dir='ltr'><strong>Quis</strong></span> <span class='ocrx_word' id='word_1_35' title='bbox 787 684 972 747; x_wconf 85' lang='lat' dir='ltr'><strong>huius</strong></span> <span class='ocrx_word' id='word_1_36' title='bbox 1019 685 1350 761; x_wconf 79' lang='lat' dir='ltr'><strong>potentiam</strong></span> <span class='ocrx_word' id='word_1_37' title='bbox 1380 684 1605 763; x_wconf 88' lang='lat' dir='ltr'><strong>poterit</strong></span> <span class='ocrx_word' id='word_1_38' title='bbox 1647 686 1993 748; x_wconf 69' lang='lat' dir='ltr'><strong>sustinere?</strong></span> <span class='ocrx_word' id='word_1_39' title='bbox 2047 704 2223 763; x_wconf 85' lang='lat' dir='ltr'><strong>prae·</strong></span> 
     </span>
     <span class='ocr_line' id='line_1_6' title="bbox 125 768 2223 845; baseline 0.001 -15"><span class='ocrx_word' id='word_1_40' title='bbox 125 769 360 830; x_wconf 87' lang='lat' dir='ltr'><strong>sertim</strong></span> <span class='ocrx_word' id='word_1_41' title='bbox 403 785 591 844; x_wconf 89' lang='lat' dir='ltr'><strong>quum</strong></span> <span class='ocrx_word' id='word_1_42' title='bbox 642 769 896 829; x_wconf 83' lang='lat' dir='ltr'><strong>eosdem</strong></span> <span class='ocrx_word' id='word_1_43' title='bbox 938 769 999 829; x_wconf 91' lang='lat' dir='ltr'><strong>in</strong></span> <span class='ocrx_word' id='word_1_44' title='bbox 1042 785 1227 845; x_wconf 82' lang='lat' dir='ltr'><strong>agros</strong></span> <span class='ocrx_word' id='word_1_45' title='bbox 1275 768 1454 830; x_wconf 89' lang='lat' dir='ltr'><strong>etiam</strong></span> <span class='ocrx_word' id='word_1_46' title='bbox 1498 769 1842 830; x_wconf 78' lang='lat' dir='ltr'><strong>deduxerit.</strong></span> <span class='ocrx_word' id='word_1_47' title='bbox 1911 769 2058 844; x_wconf 80' lang='lat' dir='ltr'><strong>Quis</strong></span> <span class='ocrx_word' id='word_1_48' title='bbox 2093 787 2223 832; x_wconf 92' lang='lat' dir='ltr'><strong>um-</strong></span> 
     </span>
     <span class='ocr_line' id='line_1_7' title="bbox 129 852 2223 929; baseline 0.001 -16"><span class='ocrx_word' id='word_1_49' title='bbox 129 870 337 929; x_wconf 83' lang='lat' dir='ltr'>quam</span> <span class='ocrx_word' id='word_1_50' title='bbox 372 868 585 914; x_wconf 89' lang='lat' dir='ltr'><strong>omnes</strong></span> <span class='ocrx_word' id='word_1_51' title='bbox 620 853 859 914; x_wconf 71' lang='lat' dir='ltr'><strong>tribus?</strong></span> <span class='ocrx_word' id='word_1_52' title='bbox 915 852 1054 929; x_wconf 90' lang='lat' dir='ltr'><strong>quis</strong></span> <span class='ocrx_word' id='word_1_53' title='bbox 1088 852 1329 927; x_wconf 78' lang='lat' dir='ltr'>equites</span> <span class='ocrx_word' id='word_1_54' title='bbox 1359 854 1720 914; x_wconf 70' lang='lat' dir='ltr'><strong>Romanos?</strong></span> <span class='ocrx_word' id='word_1_55' title='bbox 1776 853 1917 929; x_wconf 88' lang='lat' dir='ltr'><strong>quis</strong></span> <span class='ocrx_word' id='word_1_56' title='bbox 1946 853 2223 916; x_wconf 79' lang='lat' dir='ltr'><strong>tribunos</strong></span> 
     </span>
     <span class='ocr_line' id='line_1_8' title="bbox 130 934 2225 1013; baseline 0.001 -17"><span class='ocrx_word' id='word_1_57' title='bbox 130 935 487 998; x_wconf 70' lang='lat' dir='ltr'><strong>militares?</strong></span> <span class='ocrx_word' id='word_1_58' title='bbox 515 935 926 997; x_wconf 79' lang='lat' dir='ltr'><strong>Gracchorum</strong></span> <span class='ocrx_word' id='word_1_59' title='bbox 958 935 1293 1013; x_wconf 86' lang='lat' dir='ltr'><strong>potentiam</strong></span> <span class='ocrx_word' id='word_1_60' title='bbox 1321 935 1614 997; x_wconf 86' lang='lat' dir='ltr'><strong>maiorem</strong></span> <span class='ocrx_word' id='word_1_61' title='bbox 1638 935 1839 996; x_wconf 87' lang='lat' dir='ltr'><strong>fuisse</strong></span> <span class='ocrx_word' id='word_1_62' title='bbox 1856 934 2225 998; x_wconf 77' lang='lat' dir='ltr'><strong>arbitramini</strong></span> 
     </span>
     <span class='ocr_line' id='line_1_9' title="bbox 131 1017 2225 1095; baseline 0.001 -15"><span class='ocrx_word' id='word_1_63' title='bbox 131 1035 333 1095; x_wconf 88' lang='lat' dir='ltr'><strong>quam</strong></span> <span class='ocrx_word' id='word_1_64' title='bbox 376 1019 559 1081; x_wconf 91' lang='lat' dir='ltr'><strong>huius</strong></span> <span class='ocrx_word' id='word_1_65' title='bbox 607 1018 961 1095; x_wconf 85' lang='lat' dir='ltr'><strong>gladiatoris</strong></span> <span class='ocrx_word' id='word_1_66' title='bbox 1003 1023 1201 1082; x_wconf 89' lang='lat' dir='ltr'><strong>futura</strong></span> <span class='ocrx_word' id='word_1_67' title='bbox 1244 1020 1363 1081; x_wconf 70' lang='lat' dir='ltr'><strong>sit?</strong></span> <span class='ocrx_word' id='word_1_68' title='bbox 1420 1019 1614 1093; x_wconf 79' lang='lat' dir='ltr'><strong>Quem</strong></span> <span class='ocrx_word' id='word_1_69' title='bbox 1659 1017 2060 1095; x_wconf 73' lang='lat' dir='ltr'><strong>gladiatorem</strong></span> <span class='ocrx_word' id='word_1_70' title='bbox 2103 1038 2225 1082; x_wconf 90' lang='lat' dir='ltr'><strong>non</strong></span> 
     </span>
     <span class='ocr_line' id='line_1_10' title="bbox 131 1099 2219 1180; baseline 0 -17"><span class='ocrx_word' id='word_1_71' title='bbox 131 1104 225 1164; x_wconf 87' lang='lat' dir='ltr'><strong>ita</strong></span> <span class='ocrx_word' id='word_1_72' title='bbox 272 1103 614 1179; x_wconf 82' lang='lat' dir='ltr'><strong>appellavi,</strong></span> <span class='ocrx_word' id='word_1_73' title='bbox 667 1110 731 1163; x_wconf 92' lang='lat' dir='ltr'><strong>ut</strong></span> <span class='ocrx_word' id='word_1_74' title='bbox 770 1104 1070 1165; x_wconf 86' lang='lat' dir='ltr'><strong>interdum</strong></span> <span class='ocrx_word' id='word_1_75' title='bbox 1107 1102 1286 1165; x_wconf 86' lang='lat' dir='ltr'><strong>etiam</strong></span> <span class='ocrx_word' id='word_1_76' title='bbox 1318 1102 1410 1165; x_wconf 84' lang='lat' dir='ltr'><strong>M.</strong></span> <span class='ocrx_word' id='word_1_77' title='bbox 1442 1101 1749 1164; x_wconf 80' lang='lat' dir='ltr'><strong>Antonius</strong></span> <span class='ocrx_word' id='word_1_78' title='bbox 1787 1099 2093 1179; x_wconf 68' lang='lat' dir='ltr'><strong>gladiator</strong></span> <span class='ocrx_word' id='word_1_79' title='bbox 2118 1120 2219 1180; x_wconf 89' lang='lat' dir='ltr'><strong>ap·</strong></span> 
     </span>
     <span class='ocr_line' id='line_1_11' title="bbox 135 1185 2221 1264; baseline 0 -17"><span class='ocrx_word' id='word_1_80' title='bbox 135 1187 366 1263; x_wconf 84' lang='lat' dir='ltr'><strong>pellari</strong></span> <span class='ocrx_word' id='word_1_81' title='bbox 398 1188 588 1264; x_wconf 81' lang='lat' dir='ltr'><strong>solet,</strong></span> <span class='ocrx_word' id='word_1_82' title='bbox 619 1186 731 1245; x_wconf 89' lang='lat' dir='ltr'><strong>sed</strong></span> <span class='ocrx_word' id='word_1_83' title='bbox 761 1196 829 1246; x_wconf 89' lang='lat' dir='ltr'><strong>ut</strong></span> <span class='ocrx_word' id='word_1_84' title='bbox 853 1188 1171 1263; x_wconf 86' lang='lat' dir='ltr'><strong>appellant</strong></span> <span class='ocrx_word' id='word_1_85' title='bbox 1199 1185 1272 1258; x_wconf 91' lang='lat' dir='ltr'><strong>ii,</strong></span> <span class='ocrx_word' id='word_1_86' title='bbox 1306 1186 1407 1261; x_wconf 86' lang='lat' dir='ltr'><strong>qui</strong></span> <span class='ocrx_word' id='word_1_87' title='bbox 1436 1189 1615 1261; x_wconf 90' lang='lat' dir='ltr'><strong>plane</strong></span> <span class='ocrx_word' id='word_1_88' title='bbox 1645 1195 1705 1247; x_wconf 88' lang='lat' dir='ltr'><strong>et</strong></span> <span class='ocrx_word' id='word_1_89' title='bbox 1724 1185 1937 1248; x_wconf 84' lang='lat' dir='ltr'><strong>Latine</strong></span> <span class='ocrx_word' id='word_1_90' title='bbox 1962 1188 2221 1263; x_wconf 90' lang='lat' dir='ltr'><strong>loquun-</strong></span> 
     </span>
    </p>
   </div>
   <div class='ocr_carea' id='block_1_3' title="bbox 135 1268 2267 3594">
    <p class='ocr_par' dir='ltr' id='par_1_3' title="bbox 135 1268 2227 1766">
     <span class='ocr_line' id='line_1_12' title="bbox 135 1268 2226 1347; baseline 0 -17"><span class='ocrx_word' id='word_1_91' title='bbox 135 1280 260 1330; x_wconf 89' lang='lat' dir='ltr'><strong>tur.</strong></span> <span class='ocrx_word' id='word_1_92' title='bbox 294 1268 605 1347; x_wconf 71' lang='lat' dir='ltr'><strong>Myrmillo</strong></span> <span class='ocrx_word' id='word_1_93' title='bbox 638 1268 697 1328; x_wconf 91' lang='lat' dir='ltr'><strong>in</strong></span> <span class='ocrx_word' id='word_1_94' title='bbox 742 1269 894 1330; x_wconf 85' lang='lat' dir='ltr'><strong>Asia</strong></span> <span class='ocrx_word' id='word_1_95' title='bbox 924 1268 1320 1344; x_wconf 76' lang='lat' dir='ltr'><strong>depugnavit.</strong></span> <span class='ocrx_word' id='word_1_96' title='bbox 1407 1269 1917 1342; x_wconf 76' lang='lat' dir='ltr'><strong>Quumornasset</strong></span> <span class='ocrx_word' id='word_1_97' title='bbox 1943 1269 2226 1331; x_wconf 87' lang='lat' dir='ltr'><strong>Thraeci-</strong></span> 
     </span>
     <span class='ocr_line' id='line_1_13' title="bbox 136 1351 2223 1428; baseline 0.002 -17"><span class='ocrx_word' id='word_1_98' title='bbox 136 1351 307 1412; x_wconf 83' lang='lat' dir='ltr'><strong>dicis</strong></span> <span class='ocrx_word' id='word_1_99' title='bbox 340 1352 623 1413; x_wconf 89' lang='lat' dir='ltr'><strong>comitem</strong></span> <span class='ocrx_word' id='word_1_100' title='bbox 655 1359 717 1412; x_wconf 88' lang='lat' dir='ltr'><strong>et</strong></span> <span class='ocrx_word' id='word_1_101' title='bbox 745 1352 1097 1413; x_wconf 76' lang='lat' dir='ltr'><strong>familiarem</strong></span> <span class='ocrx_word' id='word_1_102' title='bbox 1131 1368 1340 1425; x_wconf 89' lang='lat' dir='ltr'><strong>suum,</strong></span> <span class='ocrx_word' id='word_1_103' title='bbox 1384 1352 1547 1412; x_wconf 88' lang='lat' dir='ltr'><strong>illum</strong></span> <span class='ocrx_word' id='word_1_104' title='bbox 1578 1351 1866 1414; x_wconf 87' lang='lat' dir='ltr'><strong>miserum</strong></span> <span class='ocrx_word' id='word_1_105' title='bbox 1897 1354 2223 1428; x_wconf 84' lang='lat' dir='ltr'><strong>fugientem</strong></span> 
     </span>
     <span class='ocr_line' id='line_1_14' title="bbox 140 1435 2220 1511; baseline 0.001 -16"><span class='ocrx_word' id='word_1_106' title='bbox 140 1435 476 1510; x_wconf 85' lang='lat' dir='ltr'><strong>iugulavit,</strong></span> <span class='ocrx_word' id='word_1_107' title='bbox 521 1436 887 1496; x_wconf 79' lang='lat' dir='ltr'><strong>luculentam</strong></span> <span class='ocrx_word' id='word_1_108' title='bbox 921 1444 1121 1496; x_wconf 87' lang='lat' dir='ltr'><strong>tamen</strong></span> <span class='ocrx_word' id='word_1_109' title='bbox 1165 1437 1301 1509; x_wconf 86' lang='lat' dir='ltr'><strong>ipse</strong></span> <span class='ocrx_word' id='word_1_110' title='bbox 1330 1438 1574 1511; x_wconf 79' lang='lat' dir='ltr'><strong>plagam</strong></span> <span class='ocrx_word' id='word_1_111' title='bbox 1610 1436 1883 1510; x_wconf 85' lang='lat' dir='ltr'><strong>accepit,</strong></span> <span class='ocrx_word' id='word_1_112' title='bbox 1922 1445 1991 1497; x_wconf 89' lang='lat' dir='ltr'><strong>ut</strong></span> <span class='ocrx_word' id='word_1_113' title='bbox 2025 1437 2220 1498; x_wconf 87' lang='lat' dir='ltr'><strong>decla·</strong></span> 
     </span>
     <span class='ocr_line' id='line_1_15' title="bbox 141 1515 2227 1593; baseline 0 -15"><span class='ocrx_word' id='word_1_114' title='bbox 141 1526 241 1579; x_wconf 88' lang='lat' dir='ltr'><strong>rat</strong></span> <span class='ocrx_word' id='word_1_115' title='bbox 280 1518 554 1579; x_wconf 73' lang='lat' dir='ltr'><strong>cicatrix.</strong></span> <span class='ocrx_word' id='word_1_116' title='bbox 655 1515 757 1580; x_wconf 85' lang='grc'><strong>18.</strong></span> <span class='ocrx_word' id='word_1_117' title='bbox 815 1517 928 1592; x_wconf 78' lang='lat' dir='ltr'><strong>Q&#39;ui</strong></span> <span class='ocrx_word' id='word_1_118' title='bbox 974 1519 1326 1579; x_wconf 76' lang='lat' dir='ltr'><strong>familiarem</strong></span> <span class='ocrx_word' id='word_1_119' title='bbox 1379 1518 1690 1593; x_wconf 81' lang='lat' dir='ltr'><strong>iugularit,</strong></span> <span class='ocrx_word' id='word_1_120' title='bbox 1748 1518 1900 1593; x_wconf 86' lang='lat' dir='ltr'><strong>quid</strong></span> <span class='ocrx_word' id='word_1_121' title='bbox 1939 1517 1995 1578; x_wconf 92' lang='lat' dir='ltr'><strong>is</strong></span> <span class='ocrx_word' id='word_1_122' title='bbox 2051 1535 2227 1581; x_wconf 89' lang='lat' dir='ltr'><strong>occa·</strong></span> 
     </span>
     <span class='ocr_line' id='line_1_16' title="bbox 145 1597 2228 1677; baseline 0 -16"><span class='ocrx_word' id='word_1_123' title='bbox 145 1602 334 1661; x_wconf 87' lang='lat' dir='ltr'><strong>sione</strong></span> <span class='ocrx_word' id='word_1_124' title='bbox 368 1602 511 1662; x_wconf 84' lang='lat' dir='ltr'><strong>data</strong></span> <span class='ocrx_word' id='word_1_125' title='bbox 555 1601 736 1662; x_wconf 85' lang='lat' dir='ltr'><strong>faciet</strong></span> <span class='ocrx_word' id='word_1_126' title='bbox 774 1597 1065 1663; x_wconf 70' lang='lat' dir='ltr'><strong>inimico?</strong></span> <span class='ocrx_word' id='word_1_127' title='bbox 1121 1609 1185 1662; x_wconf 86' lang='lat' dir='ltr'><strong>et</strong></span> <span class='ocrx_word' id='word_1_128' title='bbox 1229 1600 1335 1677; x_wconf 89' lang='lat' dir='ltr'><strong>qui</strong></span> <span class='ocrx_word' id='word_1_129' title='bbox 1369 1600 1515 1661; x_wconf 88' lang='lat' dir='ltr'><strong>illud</strong></span> <span class='ocrx_word' id='word_1_130' title='bbox 1549 1600 1731 1661; x_wconf 77' lang='lat' dir='ltr'><strong>animi</strong></span> <span class='ocrx_word' id='word_1_131' title='bbox 1778 1617 1969 1661; x_wconf 88' lang='lat' dir='ltr'><strong>causa</strong></span> <span class='ocrx_word' id='word_1_132' title='bbox 1998 1602 2228 1676; x_wconf 85' lang='lat' dir='ltr'><strong>fecerit,</strong></span> 
     </span>
     <span class='ocr_line' id='line_1_17' title="bbox 146 1684 2227 1766; baseline 0 -23"><span class='ocrx_word' id='word_1_133' title='bbox 146 1686 318 1745; x_wconf 85' lang='lat' dir='ltr'><strong>hunc</strong></span> <span class='ocrx_word' id='word_1_134' title='bbox 345 1684 617 1761; x_wconf 84' lang='lat' dir='ltr'><strong>praedae</strong></span> <span class='ocrx_word' id='word_1_135' title='bbox 645 1700 834 1745; x_wconf 89' lang='lat' dir='ltr'><strong>causa</strong></span> <span class='ocrx_word' id='word_1_136' title='bbox 866 1684 1014 1759; x_wconf 90' lang='lat' dir='ltr'><strong>quid</strong></span> <span class='ocrx_word' id='word_1_137' title='bbox 1046 1687 1343 1746; x_wconf 84' lang='lat' dir='ltr'><strong>facturum</strong></span> <span class='ocrx_word' id='word_1_138' title='bbox 1374 1684 1649 1766; x_wconf 61' lang='lat' dir='ltr'><strong>putatis?</strong></span> <span class='ocrx_word' id='word_1_139' title='bbox 1703 1685 1832 1745; x_wconf 88' lang='lat' dir='ltr'><strong>Non</strong></span> <span class='ocrx_word' id='word_1_140' title='bbox 1868 1700 2084 1744; x_wconf 89' lang='lat' dir='ltr'><strong>rursus</strong></span> <span class='ocrx_word' id='word_1_141' title='bbox 2121 1686 2227 1743; x_wconf 89' lang='lat' dir='ltr'><strong>im-</strong></span> 
     </span>
    </p>

    <p class='ocr_par' dir='ltr' id='par_1_4' title="bbox 147 1765 2219 1844">
     <span class='ocr_line' id='line_1_18' title="bbox 147 1765 2219 1844; baseline 0.001 -18"><span class='ocrx_word' id='word_1_142' title='bbox 147 1769 386 1843; x_wconf 82' lang='lat' dir='ltr'><strong>probos</strong></span> <span class='ocrx_word' id='word_1_143' title='bbox 410 1766 786 1829; x_wconf 68' lang='lat' dir='ltr'><strong>decuriabit?</strong></span> <span class='ocrx_word' id='word_1_144' title='bbox 808 1775 936 1829; x_wconf 78' lang='lat' dir='ltr'><strong>non-</strong></span> <span class='ocrx_word' id='word_1_145' title='bbox 956 1767 1317 1830; x_wconf 75' lang='lat' dir='ltr'><strong>sollicitabit</strong></span> <span class='ocrx_word' id='word_1_146' title='bbox 1312 1784 1543 1830; x_wconf 79' lang='lat' dir='ltr'><strong>rursus</strong></span> <span class='ocrx_word' id='word_1_147' title='bbox 1560 1765 1881 1843; x_wconf 72' lang='lat' dir='ltr'><strong>agrarios?</strong></span> <span class='ocrx_word' id='word_1_148' title='bbox 1923 1784 2048 1829; x_wconf 91' lang='lat' dir='ltr'><strong>non</strong></span> <span class='ocrx_word' id='word_1_149' title='bbox 2080 1785 2219 1844; x_wconf 89' lang='lat' dir='ltr'><strong>que·</strong></span> 
     </span>
    </p>

    <p class='ocr_par' dir='ltr' id='par_1_5' title="bbox 147 1851 2267 2177">
     <span class='ocr_line' id='line_1_19' title="bbox 147 1851 2229 1949; baseline 0 -40"><span class='ocrx_word' id='word_1_150' title='bbox 147 1858 322 1912; x_wconf 75' lang='lat' dir='ltr'><strong>tetur</strong></span> <span class='ocrx_word' id='word_1_151' title='bbox 340 1851 671 1927; x_wconf 73' lang='lat' dir='ltr'><strong>repulsos?</strong></span> <span class='ocrx_word' id='word_1_152' title='bbox 704 1854 785 1913; x_wconf 87' lang='lat' dir='ltr'><strong>M.</strong></span> <span class='ocrx_word' id='word_1_153' title='bbox 812 1870 962 1914; x_wconf 81' lang='lat' dir='ltr'><strong>vero</strong></span> <span class='ocrx_word' id='word_1_154' title='bbox 991 1854 1301 1915; x_wconf 87' lang='lat' dir='ltr'><strong>Antonius</strong></span> <span class='ocrx_word' id='word_1_155' title='bbox 1328 1871 1448 1915; x_wconf 92' lang='lat' dir='ltr'><strong>non</strong></span> <span class='ocrx_word' id='word_1_156' title='bbox 1476 1856 1539 1913; x_wconf 89' lang='lat' dir='ltr'><strong>is</strong></span> <span class='ocrx_word' id='word_1_157' title='bbox 1573 1852 1703 1921; x_wconf 86' lang='lat' dir='ltr'><strong>erit,</strong></span> <span class='ocrx_word' id='word_1_158' title='bbox 1738 1851 1816 1910; x_wconf 88' lang='lat' dir='ltr'><strong>ad</strong></span> <span class='ocrx_word' id='word_1_159' title='bbox 1849 1866 2032 1949; x_wconf 78' lang='lat' dir='ltr'><strong>quem</strong></span> <span class='ocrx_word' id='word_1_160' title='bbox 2065 1867 2229 1911; x_wconf 79' lang='lat' dir='ltr'><strong>omni</strong></span> 
     </span>
     <span class='ocr_line' id='line_1_20' title="bbox 151 1932 2228 2010; baseline 0 -17"><span class='ocrx_word' id='word_1_161' title='bbox 151 1942 321 1995; x_wconf 86' lang='lat' dir='ltr'><strong>motu</strong></span> <span class='ocrx_word' id='word_1_162' title='bbox 363 1949 706 1995; x_wconf 86' lang='lat' dir='ltr'><strong>concursus</strong></span> <span class='ocrx_word' id='word_1_163' title='bbox 740 1934 847 1995; x_wconf 87' lang='lat' dir='ltr'><strong>ssat</strong></span> <span class='ocrx_word' id='word_1_164' title='bbox 887 1932 1109 1996; x_wconf 90' lang='lat' dir='ltr'><strong>civium</strong></span> <span class='ocrx_word' id='word_1_165' title='bbox 1144 1934 1564 2010; x_wconf 60' lang='lat' dir='ltr'><strong>perditorum?</strong></span> <span class='ocrx_word' id='word_1_166' title='bbox 1646 1934 1726 1996; x_wconf 89' lang='lat' dir='ltr'><strong>Ut</strong></span> <span class='ocrx_word' id='word_1_167' title='bbox 1755 1949 1936 1995; x_wconf 88' lang='lat' dir='ltr'><strong>nemo</strong></span> <span class='ocrx_word' id='word_1_168' title='bbox 1965 1933 2048 1996; x_wconf 89' lang='lat' dir='ltr'><strong>sit</strong></span> <span class='ocrx_word' id='word_1_169' title='bbox 2070 1935 2228 1995; x_wconf 88' lang='lat' dir='ltr'><strong>alius</strong></span> 
     </span>
     <span class='ocr_line' id='line_1_21' title="bbox 152 2015 2267 2094; baseline 0.001 -18"><span class='ocrx_word' id='word_1_170' title='bbox 152 2016 275 2077; x_wconf 75' lang='lat' dir='ltr'><strong>nisi</strong></span> <span class='ocrx_word' id='word_1_171' title='bbox 322 2016 399 2092; x_wconf 81' lang='lat' dir='ltr'><strong>ii,</strong></span> <span class='ocrx_word' id='word_1_172' title='bbox 448 2015 555 2092; x_wconf 87' lang='lat' dir='ltr'><strong>qui</strong></span> <span class='ocrx_word' id='word_1_173' title='bbox 595 2032 718 2075; x_wconf 89' lang='lat' dir='ltr'><strong>una</strong></span> <span class='ocrx_word' id='word_1_174' title='bbox 756 2024 927 2086; x_wconf 86' lang='lat' dir='ltr'><strong>sunt,</strong></span> <span class='ocrx_word' id='word_1_175' title='bbox 982 2020 1045 2076; x_wconf 86' lang='lat' dir='ltr'><strong>et</strong></span> <span class='ocrx_word' id='word_1_176' title='bbox 1086 2017 1156 2089; x_wconf 87' lang='lat' dir='ltr'><strong>ii,</strong></span> <span class='ocrx_word' id='word_1_177' title='bbox 1214 2016 1319 2092; x_wconf 89' lang='lat' dir='ltr'><strong>qui</strong></span> <span class='ocrx_word' id='word_1_178' title='bbox 1353 2017 1451 2078; x_wconf 86' lang='lat' dir='ltr'><strong>hic</strong></span> <span class='ocrx_word' id='word_1_179' title='bbox 1481 2017 1555 2077; x_wconf 85' lang='lat' dir='ltr'><strong>ei</strong></span> <span class='ocrx_word' id='word_1_180' title='bbox 1568 2033 1728 2077; x_wconf 87' lang='lat' dir='ltr'><strong>nuuc</strong></span> <span class='ocrx_word' id='word_1_181' title='bbox 1759 2025 1973 2094; x_wconf 88' lang='lat' dir='ltr'><strong>aperte</strong></span> <span class='ocrx_word' id='word_1_182' title='bbox 2002 2019 2267 2093; x_wconf 82' lang='lat' dir='ltr'><strong>favent„</strong></span> 
     </span>
     <span class='ocr_line' id='line_1_22' title="bbox 149 2100 2230 2189; baseline 0.001 -30"><span class='ocrx_word' id='word_1_183' title='bbox 149 2115 449 2177; x_wconf 83' lang='lat' dir='ltr'><strong>parumne</strong></span> <span class='ocrx_word' id='word_1_184' title='bbox 481 2109 658 2160; x_wconf 84' lang='lat' dir='ltr'><strong>erunt</strong></span> <span class='ocrx_word' id='word_1_185' title='bbox 694 2100 909 2161; x_wconf 62' lang='lat' dir='ltr'><strong>multi?</strong></span> <span class='ocrx_word' id='word_1_186' title='bbox 947 2101 1304 2176; x_wconf 85' lang='lat' dir='ltr'><strong>praesertim</strong></span> <span class='ocrx_word' id='word_1_187' title='bbox 1351 2116 1536 2189; x_wconf 88' lang='lat' dir='ltr'><strong>quum</strong></span> <span class='ocrx_word' id='word_1_188' title='bbox 1577 2101 1876 2161; x_wconf 87' lang='lat' dir='ltr'><strong>bonorum</strong></span> <span class='ocrx_word' id='word_1_189' title='bbox 1919 2101 2230 2176; x_wconf 88' lang='lat' dir='ltr'><strong>praesidia</strong></span> 
     </span>
    </p>

    <p class='ocr_par' dir='ltr' id='par_1_6' title="bbox 154 2174 2227 2342">
     <span class='ocr_line' id='line_1_23' title="bbox 154 2174 2227 2258; baseline 0.001 -15"><span class='ocrx_word' id='word_1_190' title='bbox 154 2182 592 2256; x_wconf 85' lang='lat' dir='ltr'><strong>discesserint,</strong></span> <span class='ocrx_word' id='word_1_191' title='bbox 637 2181 723 2242; x_wconf 89' lang='lat' dir='ltr'><strong>illi</strong></span> <span class='ocrx_word' id='word_1_192' title='bbox 752 2183 949 2258; x_wconf 87' lang='lat' dir='ltr'><strong>parati</strong></span> <span class='ocrx_word' id='word_1_193' title='bbox 982 2183 1102 2244; x_wconf 90' lang='lat' dir='ltr'><strong>sint</strong></span> <span class='ocrx_word' id='word_1_194' title='bbox 1130 2184 1208 2243; x_wconf 88' lang='lat' dir='ltr'><strong>ad</strong></span> <span class='ocrx_word' id='word_1_195' title='bbox 1240 2191 1450 2244; x_wconf 89' lang='lat' dir='ltr'><strong>nutum</strong></span> <span class='ocrx_word' id='word_1_196' title='bbox 1470 2174 1709 2244; x_wconf 73' lang='lat' dir='ltr'><strong>futuri?</strong></span> <span class='ocrx_word' id='word_1_197' title='bbox 1761 2184 1892 2258; x_wconf 82' lang='lat' dir='ltr'><strong>Ego</strong></span> <span class='ocrx_word' id='word_1_198' title='bbox 1926 2200 2073 2245; x_wconf 87' lang='lat' dir='ltr'><strong>vero</strong></span> <span class='ocrx_word' id='word_1_199' title='bbox 2103 2201 2227 2245; x_wconf 86' lang='lat' dir='ltr'><strong>me-</strong></span> 
     </span>
     <span class='ocr_line' id='line_1_24' title="bbox 155 2264 2226 2342; baseline 0 -16"><span class='ocrx_word' id='word_1_200' title='bbox 155 2275 296 2338; x_wconf 79' lang='lat' dir='ltr'><strong>tue,</strong></span> <span class='ocrx_word' id='word_1_201' title='bbox 331 2264 384 2326; x_wconf 87' lang='lat' dir='ltr'><strong>si</strong></span> <span class='ocrx_word' id='word_1_202' title='bbox 414 2265 533 2327; x_wconf 89' lang='lat' dir='ltr'><strong>hoc</strong></span> <span class='ocrx_word' id='word_1_203' title='bbox 567 2275 844 2341; x_wconf 83' lang='lat' dir='ltr'><strong>tempore</strong></span> <span class='ocrx_word' id='word_1_204' title='bbox 875 2266 1134 2328; x_wconf 89' lang='lat' dir='ltr'><strong>consilio</strong></span> <span class='ocrx_word' id='word_1_205' title='bbox 1166 2266 1324 2342; x_wconf 88' lang='lat' dir='ltr'><strong>lapsi</strong></span> <span class='ocrx_word' id='word_1_206' title='bbox 1355 2265 1611 2340; x_wconf 82' lang='lat' dir='ltr'><strong>erimuS,</strong></span> <span class='ocrx_word' id='word_1_207' title='bbox 1660 2283 1737 2326; x_wconf 90' lang='lat' dir='ltr'><strong>ne</strong></span> <span class='ocrx_word' id='word_1_208' title='bbox 1764 2266 1848 2327; x_wconf 89' lang='lat' dir='ltr'><strong>illi</strong></span> <span class='ocrx_word' id='word_1_209' title='bbox 1880 2267 2051 2327; x_wconf 88' lang='lat' dir='ltr'><strong>brevi</strong></span> <span class='ocrx_word' id='word_1_210' title='bbox 2079 2276 2226 2328; x_wconf 85' lang='lat' dir='ltr'><strong>tem-</strong></span> 
     </span>
    </p>

    <p class='ocr_par' dir='ltr' id='par_1_7' title="bbox 156 2313 2231 3426">
     <span class='ocr_line' id='line_1_25' title="bbox 157 2313 2226 2426; baseline 0 -17"><span class='ocrx_word' id='word_1_211' title='bbox 157 2365 310 2426; x_wconf 86' lang='lat' dir='ltr'><strong>pore</strong></span> <span class='ocrx_word' id='word_1_212' title='bbox 339 2349 516 2408; x_wconf 87' lang='lat' dir='ltr'><strong>nimis</strong></span> <span class='ocrx_word' id='word_1_213' title='bbox 548 2348 717 2410; x_wconf 84' lang='lat' dir='ltr'><strong>multi</strong></span> <span class='ocrx_word' id='word_1_214' title='bbox 752 2349 931 2412; x_wconf 84' lang='lat' dir='ltr'><strong>nobis</strong></span> <span class='ocrx_word' id='word_1_215' title='bbox 960 2365 1101 2410; x_wconf 86' lang='lat' dir='ltr'><strong>esse</strong></span> <span class='ocrx_word' id='word_1_216' title='bbox 1135 2349 1470 2410; x_wconf 86' lang='lat' dir='ltr'><strong>videantur.</strong></span> <span class='ocrx_word' id='word_1_217' title='bbox 1513 2364 1516 2367; x_wconf 66' lang='grc'>“</span> <span class='ocrx_word' id='word_1_218' title='bbox 1561 2313 1660 2411; x_wconf 87' lang='grc'><strong>19.</strong></span> <span class='ocrx_word' id='word_1_219' title='bbox 1703 2350 1827 2410; x_wconf 89' lang='lat' dir='ltr'><strong>Nec</strong></span> <span class='ocrx_word' id='word_1_220' title='bbox 1863 2366 1979 2426; x_wconf 74' lang='lat' dir='ltr'><strong>ego</strong></span> <span class='ocrx_word' id='word_1_221' title='bbox 2013 2368 2226 2425; x_wconf 86' lang='lat' dir='ltr'><strong>pacem</strong></span> 
     </span>
     <span class='ocr_line' id='line_1_26' title="bbox 156 2431 2228 2508; baseline 0.001 -16"><span class='ocrx_word' id='word_1_222' title='bbox 156 2433 334 2506; x_wconf 89' lang='lat' dir='ltr'><strong>nolo,</strong></span> <span class='ocrx_word' id='word_1_223' title='bbox 359 2433 472 2493; x_wconf 88' lang='lat' dir='ltr'><strong>sed</strong></span> <span class='ocrx_word' id='word_1_224' title='bbox 506 2432 678 2508; x_wconf 90' lang='lat' dir='ltr'><strong>pacis</strong></span> <span class='ocrx_word' id='word_1_225' title='bbox 708 2431 954 2493; x_wconf 86' lang='lat' dir='ltr'><strong>nomine</strong></span> <span class='ocrx_word' id='word_1_226' title='bbox 986 2434 1209 2493; x_wconf 85' lang='lat' dir='ltr'><strong>bellum</strong></span> <span class='ocrx_word' id='word_1_227' title='bbox 1232 2432 1568 2494; x_wconf 86' lang='lat' dir='ltr'><strong>involutum</strong></span> <span class='ocrx_word' id='word_1_228' title='bbox 1588 2433 1937 2494; x_wconf 81' lang='lat' dir='ltr'><strong>reformido.</strong></span> <span class='ocrx_word' id='word_1_229' title='bbox 2002 2433 2130 2508; x_wconf 80' lang='lat' dir='ltr'><strong>Qua</strong></span> <span class='ocrx_word' id='word_1_230' title='bbox 2160 2451 2228 2494; x_wconf 90' lang='lat' dir='ltr'><strong>re</strong></span> 
     </span>
     <span class='ocr_line' id='line_1_27' title="bbox 157 2515 2226 2592; baseline 0 -16"><span class='ocrx_word' id='word_1_231' title='bbox 157 2517 210 2577; x_wconf 88' lang='lat' dir='ltr'><strong>si</strong></span> <span class='ocrx_word' id='word_1_232' title='bbox 242 2530 394 2591; x_wconf 86' lang='lat' dir='ltr'><strong>pace</strong></span> <span class='ocrx_word' id='word_1_233' title='bbox 424 2516 540 2576; x_wconf 87' lang='lat' dir='ltr'><strong>frui</strong></span> <span class='ocrx_word' id='word_1_234' title='bbox 570 2516 885 2590; x_wconf 79' lang='lat' dir='ltr'><strong>volumuS,</strong></span> <span class='ocrx_word' id='word_1_235' title='bbox 917 2515 1142 2577; x_wconf 81' lang='lat' dir='ltr'><strong>bellum</strong></span> <span class='ocrx_word' id='word_1_236' title='bbox 1172 2519 1505 2592; x_wconf 84' lang='lat' dir='ltr'><strong>gerendum</strong></span> <span class='ocrx_word' id='word_1_237' title='bbox 1535 2525 1648 2578; x_wconf 86' lang='lat' dir='ltr'><strong>est.</strong></span> <span class='ocrx_word' id='word_1_238' title='bbox 1710 2517 1774 2578; x_wconf 92' lang='lat' dir='ltr'><strong>Si</strong></span> <span class='ocrx_word' id='word_1_239' title='bbox 1806 2518 2031 2576; x_wconf 87' lang='lat' dir='ltr'><strong>bellum</strong></span> <span class='ocrx_word' id='word_1_240' title='bbox 2056 2516 2226 2578; x_wconf 88' lang='lat' dir='ltr'><strong>omit·</strong></span> 
     </span>
     <span class='ocr_line' id='line_1_28' title="bbox 160 2598 2225 2675; baseline -0.001 -15"><span class='ocrx_word' id='word_1_241' title='bbox 160 2598 368 2672; x_wconf 89' lang='lat' dir='ltr'><strong>timus,</strong></span> <span class='ocrx_word' id='word_1_242' title='bbox 406 2614 562 2674; x_wconf 86' lang='lat' dir='ltr'><strong>pace</strong></span> <span class='ocrx_word' id='word_1_243' title='bbox 592 2614 920 2675; x_wconf 86' lang='lat' dir='ltr'><strong>numquam</strong></span> <span class='ocrx_word' id='word_1_244' title='bbox 958 2601 1247 2660; x_wconf 82' lang='lat' dir='ltr'><strong>fruemur.</strong></span> <span class='ocrx_word' id='word_1_245' title='bbox 1315 2600 1448 2659; x_wconf 82' lang='lat' dir='ltr'><strong>VII.</strong></span> <span class='ocrx_word' id='word_1_246' title='bbox 1489 2601 1600 2660; x_wconf 89' lang='lat' dir='ltr'><strong>Est</strong></span> <span class='ocrx_word' id='word_1_247' title='bbox 1627 2609 1827 2661; x_wconf 89' lang='lat' dir='ltr'><strong>autem</strong></span> <span class='ocrx_word' id='word_1_248' title='bbox 1861 2598 2051 2659; x_wconf 88' lang='lat' dir='ltr'><strong>vestri</strong></span> <span class='ocrx_word' id='word_1_249' title='bbox 2082 2615 2225 2660; x_wconf 87' lang='lat' dir='ltr'><strong>con·</strong></span> 
     </span>
     <span class='ocr_line' id='line_1_29' title="bbox 162 2680 2227 2759; baseline -0.001 -17"><span class='ocrx_word' id='word_1_250' title='bbox 162 2681 307 2754; x_wconf 85' lang='lat' dir='ltr'><strong>silii,</strong></span> <span class='ocrx_word' id='word_1_251' title='bbox 345 2692 551 2756; x_wconf 87' lang='lat' dir='ltr'><strong>patres</strong></span> <span class='ocrx_word' id='word_1_252' title='bbox 582 2685 942 2758; x_wconf 85' lang='lat' dir='ltr'><strong>conscripti,</strong></span> <span class='ocrx_word' id='word_1_253' title='bbox 973 2682 1032 2743; x_wconf 88' lang='lat' dir='ltr'><strong>in</strong></span> <span class='ocrx_word' id='word_1_254' title='bbox 1069 2691 1382 2759; x_wconf 88' lang='lat' dir='ltr'><strong>posterum</strong></span> <span class='ocrx_word' id='word_1_255' title='bbox 1416 2701 1599 2759; x_wconf 84' lang='lat' dir='ltr'><strong>quam</strong></span> <span class='ocrx_word' id='word_1_256' title='bbox 1630 2680 1986 2756; x_wconf 84' lang='lat' dir='ltr'><strong>longissime</strong></span> <span class='ocrx_word' id='word_1_257' title='bbox 2022 2682 2227 2754; x_wconf 86' lang='lat' dir='ltr'><strong>provi-</strong></span> 
     </span>
     <span class='ocr_line' id='line_1_30' title="bbox 164 2763 2225 2842; baseline -0.001 -17"><span class='ocrx_word' id='word_1_258' title='bbox 164 2766 327 2829; x_wconf 87' lang='lat' dir='ltr'><strong>dere.</strong></span> <span class='ocrx_word' id='word_1_259' title='bbox 414 2765 653 2828; x_wconf 88' lang='lat' dir='ltr'><strong>Idcirco</strong></span> <span class='ocrx_word' id='word_1_260' title='bbox 688 2765 748 2827; x_wconf 92' lang='lat' dir='ltr'><strong>in</strong></span> <span class='ocrx_word' id='word_1_261' title='bbox 792 2766 909 2827; x_wconf 84' lang='lat' dir='ltr'><strong>hac</strong></span> <span class='ocrx_word' id='word_1_262' title='bbox 952 2766 1232 2828; x_wconf 87' lang='lat' dir='ltr'><strong>custodia</strong></span> <span class='ocrx_word' id='word_1_263' title='bbox 1275 2774 1336 2828; x_wconf 88' lang='lat' dir='ltr'><strong>et</strong></span> <span class='ocrx_word' id='word_1_264' title='bbox 1379 2777 1686 2842; x_wconf 81' lang='lat' dir='ltr'><strong>tamquam</strong></span> <span class='ocrx_word' id='word_1_265' title='bbox 1733 2763 1987 2838; x_wconf 89' lang='lat' dir='ltr'><strong>specula</strong></span> <span class='ocrx_word' id='word_1_266' title='bbox 2038 2765 2225 2823; x_wconf 89' lang='lat' dir='ltr'><strong>collo—</strong></span> 
     </span>
     <span class='ocr_line' id='line_1_31' title="bbox 163 2845 2226 2925; baseline -0.002 -17"><span class='ocrx_word' id='word_1_267' title='bbox 163 2846 278 2909; x_wconf 86' lang='lat' dir='ltr'><strong>cati</strong></span> <span class='ocrx_word' id='word_1_268' title='bbox 319 2865 560 2925; x_wconf 81' lang='lat' dir='ltr'><strong>sumuS,</strong></span> <span class='ocrx_word' id='word_1_269' title='bbox 602 2850 687 2911; x_wconf 87' lang='lat' dir='ltr'><strong>uti</strong></span> <span class='ocrx_word' id='word_1_270' title='bbox 716 2867 974 2912; x_wconf 88' lang='lat' dir='ltr'><strong>vacuum</strong></span> <span class='ocrx_word' id='word_1_271' title='bbox 1010 2858 1173 2911; x_wconf 89' lang='lat' dir='ltr'><strong>metu</strong></span> <span class='ocrx_word' id='word_1_272' title='bbox 1203 2853 1498 2925; x_wconf 88' lang='lat' dir='ltr'><strong>populum</strong></span> <span class='ocrx_word' id='word_1_273' title='bbox 1526 2852 1866 2909; x_wconf 85' lang='lat' dir='ltr'><strong>Romanum</strong></span> <span class='ocrx_word' id='word_1_274' title='bbox 1900 2855 2111 2906; x_wconf 88' lang='lat' dir='ltr'><strong>nostra</strong></span> <span class='ocrx_word' id='word_1_275' title='bbox 2139 2845 2226 2904; x_wconf 83' lang='lat' dir='ltr'><strong>vi-</strong></span> 
     </span>
     <span class='ocr_line' id='line_1_32' title="bbox 164 2928 2227 3009; baseline -0.001 -19"><span class='ocrx_word' id='word_1_276' title='bbox 164 2931 301 3008; x_wconf 83' lang='lat' dir='ltr'><strong>gilia</strong></span> <span class='ocrx_word' id='word_1_277' title='bbox 327 2942 387 2994; x_wconf 90' lang='lat' dir='ltr'><strong>et</strong></span> <span class='ocrx_word' id='word_1_278' title='bbox 417 2932 858 3009; x_wconf 87' lang='lat' dir='ltr'><strong>prospicientia</strong></span> <span class='ocrx_word' id='word_1_279' title='bbox 890 2935 1311 2994; x_wconf 83' lang='lat' dir='ltr'><strong>redderemus.</strong></span> <span class='ocrx_word' id='word_1_280' title='bbox 1395 2934 1596 3008; x_wconf 89' lang='lat' dir='ltr'><strong>Turpe</strong></span> <span class='ocrx_word' id='word_1_281' title='bbox 1632 2940 1727 2992; x_wconf 87' lang='lat' dir='ltr'><strong>est</strong></span> <span class='ocrx_word' id='word_1_282' title='bbox 1756 2944 1992 2990; x_wconf 90' lang='lat' dir='ltr'><strong>summo</strong></span> <span class='ocrx_word' id='word_1_283' title='bbox 2026 2928 2227 2990; x_wconf 87' lang='lat' dir='ltr'><strong>consi·</strong></span> 
     </span>
     <span class='ocr_line' id='line_1_33' title="bbox 169 3011 2228 3094; baseline -0.001 -20"><span class='ocrx_word' id='word_1_284' title='bbox 169 3015 246 3075; x_wconf 91' lang='lat' dir='ltr'><strong>lio</strong></span> <span class='ocrx_word' id='word_1_285' title='bbox 276 3015 437 3077; x_wconf 87' lang='lat' dir='ltr'><strong>orbis</strong></span> <span class='ocrx_word' id='word_1_286' title='bbox 466 3025 697 3092; x_wconf 88' lang='lat' dir='ltr'><strong>terrae,</strong></span> <span class='ocrx_word' id='word_1_287' title='bbox 742 3016 1101 3094; x_wconf 84' lang='lat' dir='ltr'><strong>praesertim</strong></span> <span class='ocrx_word' id='word_1_288' title='bbox 1137 3016 1196 3076; x_wconf 91' lang='lat' dir='ltr'><strong>in</strong></span> <span class='ocrx_word' id='word_1_289' title='bbox 1238 3032 1308 3075; x_wconf 88' lang='lat' dir='ltr'><strong>re</strong></span> <span class='ocrx_word' id='word_1_290' title='bbox 1336 3024 1456 3076; x_wconf 89' lang='lat' dir='ltr'><strong>tam</strong></span> <span class='ocrx_word' id='word_1_291' title='bbox 1492 3013 1853 3091; x_wconf 88' lang='lat' dir='ltr'><strong>perspicua,</strong></span> <span class='ocrx_word' id='word_1_292' title='bbox 1905 3011 2228 3074; x_wconf 87' lang='lat' dir='ltr'><strong>consilium</strong></span> 
     </span>
     <span class='ocr_line' id='line_1_34' title="bbox 170 3095 2222 3175; baseline -0 -17"><span class='ocrx_word' id='word_1_293' title='bbox 170 3098 408 3175; x_wconf 80' lang='lat' dir='ltr'><strong>intelligi</strong></span> <span class='ocrx_word' id='word_1_294' title='bbox 455 3100 750 3161; x_wconf 80' lang='lat' dir='ltr'><strong>defuisse.</strong></span> <span class='ocrx_word' id='word_1_295' title='bbox 835 3100 939 3163; x_wconf 79' lang='lat'><strong>20.</strong></span> <span class='ocrx_word' id='word_1_296' title='bbox 980 3096 1107 3161; x_wconf 88' lang='lat' dir='ltr'><strong>Eos</strong></span> <span class='ocrx_word' id='word_1_297' title='bbox 1138 3100 1429 3161; x_wconf 91' lang='lat' dir='ltr'><strong>consules</strong></span> <span class='ocrx_word' id='word_1_298' title='bbox 1458 3099 1967 3169; x_wconf 76' lang='lat' dir='ltr'><strong>habemuS,ea1n</strong></span> <span class='ocrx_word' id='word_1_299' title='bbox 2014 3095 2222 3172; x_wconf 82' lang='lat' dir='ltr'><strong>populi</strong></span> 
     </span>
     <span class='ocr_line' id='line_1_35' title="bbox 167 3179 2227 3258; baseline -0.002 -15"><span class='ocrx_word' id='word_1_300' title='bbox 167 3179 414 3243; x_wconf 88' lang='lat' dir='ltr'><strong>Romani</strong></span> <span class='ocrx_word' id='word_1_301' title='bbox 443 3183 845 3258; x_wconf 84' lang='lat' dir='ltr'><strong>alacritatem,</strong></span> <span class='ocrx_word' id='word_1_302' title='bbox 878 3201 1017 3246; x_wconf 88' lang='lat' dir='ltr'><strong>eum</strong></span> <span class='ocrx_word' id='word_1_303' title='bbox 1047 3198 1419 3246; x_wconf 86' lang='lat' dir='ltr'><strong>consensum</strong></span> <span class='ocrx_word' id='word_1_304' title='bbox 1450 3181 1689 3255; x_wconf 87' lang='lat' dir='ltr'><strong>ltaliae,</strong></span> <span class='ocrx_word' id='word_1_305' title='bbox 1719 3197 1830 3242; x_wconf 88' lang='lat' dir='ltr'><strong>eos</strong></span> <span class='ocrx_word' id='word_1_306' title='bbox 1863 3181 2087 3254; x_wconf 87' lang='lat' dir='ltr'><strong>duces,</strong></span> <span class='ocrx_word' id='word_1_307' title='bbox 2114 3195 2227 3240; x_wconf 86' lang='lat' dir='ltr'><strong>cos</strong></span> 
     </span>
     <span class='ocr_line' id='line_1_36' title="bbox 167 3263 2231 3349; baseline -0.002 -23"><span class='ocrx_word' id='word_1_308' title='bbox 167 3267 495 3340; x_wconf 83' lang='lat' dir='ltr'><strong>exercitus,</strong></span> <span class='ocrx_word' id='word_1_309' title='bbox 521 3276 591 3328; x_wconf 89' lang='lat' dir='ltr'><strong>ut</strong></span> <span class='ocrx_word' id='word_1_310' title='bbox 621 3269 845 3349; x_wconf 86' lang='lat' dir='ltr'><strong>nullam</strong></span> <span class='ocrx_word' id='word_1_311' title='bbox 873 3268 1276 3329; x_wconf 77' lang='lat' dir='ltr'><strong>calamitatem</strong></span> <span class='ocrx_word' id='word_1_312' title='bbox 1308 3283 1411 3325; x_wconf 86' lang='lat' dir='ltr'><strong>res</strong></span> <span class='ocrx_word' id='word_1_313' title='bbox 1444 3264 1690 3340; x_wconf 87' lang='lat' dir='ltr'><strong>publica</strong></span> <span class='ocrx_word' id='word_1_314' title='bbox 1720 3265 2001 3338; x_wconf 86' lang='lat' dir='ltr'><strong>accipere</strong></span> <span class='ocrx_word' id='word_1_315' title='bbox 2030 3263 2231 3337; x_wconf 82' lang='lat' dir='ltr'><strong>possit</strong></span> 
     </span>
     <span class='ocr_line' id='line_1_37' title="bbox 169 3344 2228 3426; baseline -0.003 -17"><span class='ocrx_word' id='word_1_316' title='bbox 169 3347 295 3409; x_wconf 86' lang='lat' dir='ltr'><strong>sine</strong></span> <span class='ocrx_word' id='word_1_317' title='bbox 321 3351 499 3426; x_wconf 87' lang='lat' dir='ltr'><strong>culpa</strong></span> <span class='ocrx_word' id='word_1_318' title='bbox 531 3361 801 3412; x_wconf 88' lang='lat' dir='ltr'><strong>senatus.</strong></span> <span class='ocrx_word' id='word_1_319' title='bbox 887 3350 1187 3426; x_wconf 84' lang='lat' dir='ltr'><strong>Equidem</strong></span> <span class='ocrx_word' id='word_1_320' title='bbox 1230 3366 1351 3410; x_wconf 88' lang='lat' dir='ltr'><strong>non</strong></span> <span class='ocrx_word' id='word_1_321' title='bbox 1390 3349 1610 3409; x_wconf 80' lang='lat' dir='ltr'><strong>deero·</strong></span> <span class='ocrx_word' id='word_1_322' title='bbox 1646 3347 1945 3417; x_wconf 89' lang='lat' dir='ltr'><strong>moneb0,</strong></span> <span class='ocrx_word' id='word_1_323' title='bbox 1989 3344 2228 3419; x_wconf 88' lang='lat' dir='ltr'><strong>praedi-</strong></span> 
     </span>
    </p>

    <p class='ocr_par' dir='ltr' id='par_1_8' title="bbox 170 3423 2230 3594">
     <span class='ocr_line' id='line_1_38' title="bbox 172 3423 2227 3508; baseline -0.004 -17"><span class='ocrx_word' id='word_1_324' title='bbox 172 3448 320 3506; x_wconf 89' lang='lat' dir='ltr'><strong>cam,</strong></span> <span class='ocrx_word' id='word_1_325' title='bbox 362 3433 762 3506; x_wconf 83' lang='lat' dir='ltr'><strong>denuntiabo,</strong></span> <span class='ocrx_word' id='word_1_326' title='bbox 827 3435 1103 3496; x_wconf 83' lang='lat' dir='ltr'><strong>testabor</strong></span> <span class='ocrx_word' id='word_1_327' title='bbox 1141 3449 1390 3508; x_wconf 87' lang='lat' dir='ltr'><strong>semper</strong></span> <span class='ocrx_word' id='word_1_328' title='bbox 1436 3432 1591 3492; x_wconf 81' lang='lat' dir='ltr'><strong>deos</strong></span> <span class='ocrx_word' id='word_1_329' title='bbox 1632 3428 2057 3500; x_wconf 83' lang='lat' dir='ltr'><strong>hominesque·</strong></span> <span class='ocrx_word' id='word_1_330' title='bbox 2083 3423 2227 3498; x_wconf 87' lang='lat' dir='ltr'><strong>quid</strong></span> 
     </span>
     <span class='ocr_line' id='line_1_39' title="bbox 170 3506 2230 3594; baseline -0.007 -17"><span class='ocrx_word' id='word_1_331' title='bbox 170 3514 446 3592; x_wconf 83' lang='lat' dir='ltr'><strong>sentiam,</strong></span> <span class='ocrx_word' id='word_1_332' title='bbox 482 3532 596 3578; x_wconf 88' lang='lat' dir='ltr'><strong>noc</strong></span> <span class='ocrx_word' id='word_1_333' title='bbox 628 3520 823 3579; x_wconf 86' lang='lat' dir='ltr'><strong>solum</strong></span> <span class='ocrx_word' id='word_1_334' title='bbox 854 3519 1038 3578; x_wconf 83' lang='lat' dir='ltr'><strong>fidem</strong></span> <span class='ocrx_word' id='word_1_335' title='bbox 1070 3515 1458 3594; x_wconf 83' lang='lat' dir='ltr'><strong>meam,quod</strong></span> <span class='ocrx_word' id='word_1_336' title='bbox 1491 3517 1751 3574; x_wconf 89' lang='lat' dir='ltr'><strong>fortasse</strong></span> <span class='ocrx_word' id='word_1_337' title='bbox 1774 3507 2052 3567; x_wconf 81' lang='lat' dir='ltr'><strong>videatur</strong></span> <span class='ocrx_word' id='word_1_338' title='bbox 2072 3506 2230 3565; x_wconf 87' lang='lat' dir='ltr'><strong>satis</strong></span> 
     </span>
    </p>
   </div>
  </div>
 </body>
</html>
