2514 3928
185 314 278 367 121
833 303 995 361 CAP.
1028 312 1061 362 5
1074 333 1159 345 -—
1174 310 1223 363 7.
1266 309 1315 367 s.
1349 313 1416 363 ιο
1430 300 1503 346 -’-
1520 315 1605 365 15.
2134 302 2258 364 419

180 453 389 527 Legio,
420 468 603 526 quam
626 450 859 511 L.‘Piso
891 451 1154 511 ducebat
1175 452 1412 525 legatus
1436 450 1702 525 Antonii,
1735 451 2010 513 Ciceroni
2039 470 2108 514 se
2133 453 2259 517 lilio

182 553 319 595 meo
351 533 614 597 tradidit.
701 531 1039 608 EquitatuS‚
1077 531 1183 607 qui
1218 532 1278 591 in
1314 533 1551 609 Syriam
1586 535 1920 597 ducebatur
1949 536 2253 612 bipertito,

181 621 336 678 alter
363 632 500 677 eum
533 624 939 690 quaestorem,
970 632 1008 675 a
1037 632 1160 691 quo
1196 616 1550 689 ducebatur,
1581 615 1825 691 reliquit
1850 618 1910 678 in
1941 620 2258 681 Thessalia

184 716 452 777 seseque
495 700 573 759 ad
613 700 862 759 Brutum
897 698 1178 759 contulite
1221 700 1475 759 alterum
1518 696 1579 757 in
1602 699 1971 760 Macedonia·
2002 702 2107 760 Cn.
2134 703 2257 763 Do-

182 784 386 844 mitius
420 784 788 843 adolescens
816 795 1053 843 summa
1083 780 1330 853 virtute,
1363 780 1690 855 gravitate,
1726 784 2068 844 constantia
2100 802 2137 844 a
2174 787 2254 844 le-

180 875 323 943 gato
354 865 612 944 Syriaco
645 865 915 926 abduxit.
1002 865 1064 922 P.
1096 873 1297 926 autem
1326 864 1642 938 Vatinius,
1691 864 1804 941 qui·
1830 875 1892 926 et
1917 875 2097 927 antea
2126 866 2258 928 iure

181 950 465 1012 laudatus
507 966 545 1007 a
573 948 751 1009 vobis
780 956 841 1009 et
869 947 989 1007 hoc
1020 957 1296 1022 tempore
1324 948 1536 1008 merito
1573 949 1917 1009 laudandus
1946 957 2082 1022 est,
2113 967 2257 1024 ape-

176 1032 301 1095 ruit
324 1029 687 1114 Dyrrhachii
705 1032 1140 1112 =portas‘Bruto
1167 1038 1228 1090 et
1257 1030 1590 1091 exercitum
1617 1030 1880 1096 tradidit.
1945 1030 2042 1093 14.
2071 1031 2260 1095 Tenet

177 1116 359 1192 igitur
386 1111 492 1175 res‘
522 1113 763 1189 publica
792 1112 1243 1188 Macedo-niam,
1289 1121 1451 1175 tenet
1477 1113 1816 1192 Illyricum,
1849 1117 2049 1177 tuetur
2072 1113 2257 1176 Grae·

178 1201 367 1260 ciam=
403 1206 660 1258 nostrae
700 1206 845 1258 sunt
888 1196 1193 1272 legiones,
1238 1205 1448 1258 nostra
1476 1196 2004 1274 levisarmatura,
2048 1209 2260 1261 noster

180 1282 520 1357 equitatus,
560 1280 949 1356 maximeque
991 1288 1202 1342 noster
1242 1288 1339 1340 est
1363 1280 1588 1342 Brutus
1633 1296 2001 1357 semperque
2028 1291 2256 1359 noster,

183 1381 370 1439 quum
395 1382 508 1425 sua
531 1362 1047 1425 excellentissima
1079 1362 1302 1424 virtute
1327 1362 1417 1425 rei
1448 1363 1731 1439 publicae
1761 1373 1940 1426 natus
1975 1375 2096 1427 tum
2133 1368 2255 1428 sato

183 1449 451 1523 quodam
487 1446 721 1522 paterni
749 1446 1130 1522 maternique
1158 1445 1403 1522 generis
1433 1456 1495 1509 et
1512 1446 1797 1509 nominis.
1858 1449 1989 1509 VII.
2019 1450 2115 1510 Ab
2136 1450 2255 1511 hoc

180 1530 364 1607 igitur
409 1530 538 1592 viro
582 1532 902 1608 quisquam
948 1531 1173 1592 bellum
1214 1529 1411 1605 timet,
1464 1529 1569 1607 qui
1609 1538 1761 1594 ante·
1803 1550 1983 1609 quam
2028 1549 2144 1593 nos
2193 1531 2256 1592 id

182 1614 383 1677 coacti
412 1612 800 1690 suscepimus
820 1659 834 1687 ,
877 1612 935 1674 in
962 1630 1118 1690 pace
1151 1613 1356 1675 iacere
1391 1631 1574 1690 quam
1603 1613 1663 1677 in
1696 1615 2100 1692 bellovigere
2131 1632 2253 1675 ma-

180 1699 333 1761 luit?
418 1698 793 1773 Quamquam
843 1696 945 1759 ille
996 1697 1242 1772 quidem
1291 1714 1621 1774 numquam
1663 1697 1847 1760 iacuit
1886 1715 2087 1775 neque
2136 1699 2259 1759 hoc

181 1784 405 1844 cadere
436 1782 690 1842 verbum
720 1780 780 1840 in
810 1788 1035 1842 tantam
1066 1779 1307 1842 virtutis
1336 1780 1769 1857 praestantiam
1802 1789 2024 1858 potest.
2109 1781 2258 1843 Erat

182 1867 343 1927 enim
394 1865 453 1925 in
508 1864 816 1926 desiderio
869 1863 1160 1937 civitatiS,
1214 1864 1278 1924 in
1329 1881 1465 1939 ore,
1517 1864 1577 1924 in
1632 1882 1916 1926 sermone
1967 1866 2257 1925 omnium.

181 1952 436 2010 Tantum
468 1957 666 2010 autem
695 1949 905 2009 aberat
933 1964 970 2009 a
1000 1949 1193 2021 bello,
1240 1955 1333 2021 ut,
1380 1966 1566 2024 quum
1602 1948 1932 2025 cupiditate
1962 1948 2254 2010 libertatiS

185 2033 357 2092 ltalia
386 2033 644 2104 arderet,
680 2031 938 2093 defuerit
970 2031 1194 2093 civium
1229 2031 1449 2094 studiis
1481 2031 1687 2108 potius
1718 2049 1899 2107 quam
1929 2048 2039 2093 eos
2071 2033 2131 2091 in
2161 2049 2259 2091 ar-‘

184 2131 422 2176 morum
453 2114 776 2194 discrimen
807 2115 1156 2177 adduceret.
1219 2117 1433 2190 Itaque
1461 2115 1545 2175 illi
1581 2114 1720 2190 ipsi,
1755 2115 1810 2175 si
1840 2113 1945 2190 qui
1979 2122 2121 2175 sunt
2151 2112 2252 2191 qui

184 2195 522 2259 tarditatem
564 2196 731 2258 Bruti
771 2198 1246 2273 reprehendant,
1299 2207 1494 2258 tamen
1539 2196 1722 2258 iidem
1778 2197 2254 2260 moderationem

186 2282 661 2358 patientiamque
698 2280 1001 2341 mirantur.

197 2380 203 2384 ·
313 2362 411 2426 15.
455 2365 592 2439 Sed¹
620 2363 737 2423 iam
782 2362 963 2425 video
1010 2382 1166 2440 quae
1199 2366 1553 2440 loquantum
1613 2381 1815 2441 neque
1856 2364 2015 2425 enim
2057 2362 2119 2424 id
2151 2380 2252 2426 oc·

183 2449 346 2509 culte
395 2445 640 2508 faciunt.
723 2447 959 2508 Timere
1000 2464 1071 2508 se
1112 2447 1322 2508 dicunt
1361 2465 1503 2522 quo
1526 2448 1711 2509 modo
1755 2449 1950 2509 serant
1983 2447 2254 2509 veterani

181 2532 515 2593 exercitum
564 2531 816 2591 Brutum
865 2530 1111 2591 habere.
1200 2530 1387 2604 Quasi
1435 2547 1580 2592 vero
1631 2531 1965 2605 quidquam
2019 2528 2256 2592 intersit

182 2616 338 2676 inter
366 2616 441 2674 Α.
469 2612 662 2686 Hirtii,
693 2615 755 2674 C.
784 2613 1040 2689 Pansae,
1068 2615 1139 2674 D.
1166 2613 1353 2687 Bruti,
1387 2614 1450 2673 C.
1483 2613 1764 2674 Caesaris
1794 2621 1855 2673 et
1882 2613 2046 2672 hunc
2076 2629 2250 2673 exer-

183 2698 368 2760 citum
401 2697 482 2757 Μ.
510 2697 697 2758 Bruti.
759 2698 907 2757 Nam
939 2697 992 2757 si
1029 2704 1312 2773 quattuor
1328 2698 1632 2758 exercitus
1663 2695 1722 2769 ii,
1755 2693 2081 2771 dequibus
2106 2694 2253 2768 dixi,

181 2790 512 2858 propterea
545 2781 1081 2859 laudantur,quod
1103 2797 1215 2855 pro
1246 2781 1456 2856 populi
1486 2779 1745 2841 Romani
1783 2777 2058 2840 libertate
2087 2794 2255 2839 arma

182 2871 505 2939 ceperunt,
548 2863 693 2938 quid
723 2872 818 2924 est
855 2880 965 2924 cur
1003 2862 1102 2923 hic
1130 2864 1209 2923 M.
1242 2863 1412 2925 Bruti
1443 2862 1905 2925 exercitusnon
1948 2862 2007 2923 in
2039 2864 2253 2923 eadem

182 2964 375 3008 causa
421 2954 722 3022 ponatur?
806 2948 889 3008 At
929 2945 1087 3007 enim
1136 2946 1443 3008 veteranis
1494 2955 1849 3022 suspectum
1891 2963 2110 3008 nomen
2159 2954 2254 3008 est

180 3030 264 3090 M.
308 3029 493 3090 Bruti.
580 3029 855 3105 Magisne
904 3046 1086 3105 quam
1130 3029 1405 3091 Decimi?
1456 3031 1755 3105 Equidem
1806 3046 1931 3090 non
1975 3031 2251 3091 arbitror.

185 3113 315 3173 Etsi
354 3120 450 3173 est
488 3111 650 3172 enirn
677 3112 1000 3177 Brutorum
1047 3128 1369 3174 commune
1410 3114 1631 3174 sactum
1667 3120 1727 3173 et
1755 3113 1953 3175 laudis
1984 3112 2251 3175 societas

186 3212 423 3271 aequa,
484 3197 735 3259 Decimo
782 3205 987 3258 tamen
1046 3196 1330 3258 iratiores
1388 3203 1563 3258 erant
1616 3196 1688 3270 ii,
1747 3197 1853 3271 qui
1904 3195 1966 3257 id
2025 3198 2246 3257 sactum

161 3281 508 3354 -dolebant,
566 3297 690 3357 quo
737 3279 938 3340 minus
987 3283 1066 3343 ab
1111 3295 1187 3340 eo
1240 3296 1368 3340 rem
1412 3279 1574 3340 illam
1626 3280 1914 3341 dicebant
1961 3279 2096 3339 fieri
2140 3279 2245 3339 de-

186 3364 420 3427 buisse.
509 3366 664 3440 Quid
710 3380 858 3439 ergo
905 3366 1096 3438 agunt
1138 3379 1307 3425 nunc·
1344 3372 1438 3425 tot
1480 3363 1788 3425 exercitus
1831 3358 1949 3421 nisi
1984 3367 2050 3420 ut
2087 3360 2244 3421 obsi-

187 3448 376 3510 dione
396 3449 621 3512 Brutus
646 3448 977 3509 liberetur?
1019 3448 1131 3523 Qui
1160 3455 1365 3508 autem
1394 3448 1512 3509 hos
1537 3444 1844 3508 exercitus
1874 3443 2143 3503 ducunt?
2178 3441 2242 3510 Ii,

187 3532 409 3604 credo,
443 3533 548 3610 qui
580 3535 641 3595 C.
668 3531 948 3594 Caesaris
978 3541 1114 3592 acta
1145 3530 1357 3604 everti,
1399 3529 1504 3606 qui
1532 3543 1781 3668 causa2n71
1801 3533 2240 3644 :feteranorum
