2514 3928
182 253 264 315 86
767 249 914 311 PRO
946 249 1026 309 M.
1060 248 1336 309 CAELIO
1370 247 1676 309 ORATIO.

478 337 551 376 „A
935 352 969 399 2,
980 329 1139 394 5:5szss
1428 364 1441 394 t·
1448 331 1714 404 ῃωῖεῗλῳξι

182 421 320 481 ipsa
353 420 432 479 ge
476 402 594 477 uit,
634 401 857 478 quibus
894 402 1056 478 sopit
1126 402 1191 494 vg
1218 411 1316 465 tus
1392 401 1714 464 coniveret
1743 401 2072 463 interdum:
2118 404 2265 464 mul-

182 499 275 550 tas
319 487 396 590 vg
445 486 939 631 ,Ξροιθεοθηιίειθ
980 419 1213 548 Ιιῗέῧὶᾶ
1281 486 1551 547 ostendit
1598 485 1821 561 quibus
1851 488 1954 546 illa
1982 485 2269 549 insistere

180 580 286 633 aut
314 571 418 648 ing
449 574 484 632 'e
533 589 551 631 1
580 571 715 632 sine
745 575 1120 648 casualiquo
1149 581 1254 632 aut
1272 570 1667 645 prolapsione
1700 570 1804 631 vix
1839 580 2081 645 posset:
2118 573 2270 633 mul-

182 667 372 718 tarum
435 672 502 716 er
547 654 1137 716 miucundissimaru
1227 672 1263 712 v
1307 653 1355 712 r‘
1462 663 1582 715 tem
1611 654 1781 715 dedit
1806 671 2065 730 quanon
2085 658 2267 716 modo

182 741 334 801 haec
363 757 399 800 a
423 674 565 816 οἱῗὲ,
599 742 707 801 sed
743 739 923 800 etiam
957 738 1075 799 iam
1111 755 1144 799 c
1361 663 1513 799 Q
1540 747 1881 814 caperetur.
1931 738 2034 800 42.
2077 740 2267 814 Quam

180 826 259 886 ob
287 841 416 885 rem
468 824 520 885 si
564 840 747 900 quem
789 826 944 885 forte
980 822 1332 883 inveneritis
1382 820 1488 898 qui
1516 832 1880 898 aspernetur
1909 823 2105 885 oculis
2139 825 2268 899 pul-

181 909 545 970 critudinem
600 925 832 980 rerum,
880 924 1004 968 non
1048 908 1240 968 odore
1282 908 1444 980 ullo,
1487 924 1611 967 non
1643 916 1837 982 tactu,
1886 924 2008 968 non
2042 925 2269 984 sapore

182 993 488 1070 capiatur,
535 994 825 1053 excludat
852 993 1102 1053 auribus
1135 1007 1376 1051 omnem
1423 993 1818 1066 suavitatem,
1865 992 2007 1052 huic
2038 991 2268 1054 homini

177 1095 295 1154 ego
343 1079 608 1138 fortasse
651 1085 710 1137 et
742 1076 923 1152 pauci
952 1077 1108 1136 deos
1134 1076 1468 1152 propitios,
1515 1076 1794 1151 plerique
1834 1085 2037 1138 autem
2079 1076 2267 1138 iratos
2366 1138 2368 1141 .

179 1162 495 1238 putabunt.
582 1161 795 1222 XVIII.
842 1162 1003 1236 Ergo
1051 1160 1207 1220 haec
1265 1161 1510 1221 deserta
1552 1162 1657 1221 via
1701 1169 1762 1222 et
1814 1162 2042 1222 inculta
2083 1169 2267 1237 atque

177 1247 510 1307 interclusa
536 1245 652 1311 iam
678 1245 1000 1305 frondibus
1023 1254 1084 1305 et
1104 1245 1382 1320 virgultis
1406 1247 1812 1321 relinquatur:
1839 1247 2017 1306 detur
2036 1244 2266 1322 aliquid

177 1330 391 1392 aetati:
423 1329 503 1390 sit
531 1328 953 1390 adolescentia
982 1328 1259 1389 liberior:
1317 1347 1438 1390 non
1472 1329 1677 1391 omnia
1707 1330 2127 1405 voluptatibus
2158 1331 2266 1389 de·

177 1422 503 1491 negentur:
534 1431 656 1476 non
688 1430 935 1490 semper
965 1421 1216 1489 superet
1242 1430 1391 1473 vera
1418 1414 1522 1474 illa
1556 1423 1615 1475 et
1633 1415 1883 1474 derecta
1910 1413 2094 1475 ratio:
2138 1413 2268 1473 vin-

179 1508 275 1560 cat
298 1500 632 1576 aliquando
658 1498 964 1574 cupiditas
990 1499 1404 1572 voluptasque
1427 1498 1743 1568 rationem,
1776 1499 1918 1559 dum
1944 1499 2128 1558 modo
2166 1497 2268 1557 illa

176 1584 236 1643 in
262 1584 381 1644 hoc
403 1599 629 1660 genere
654 1581 1061 1657 praescriptio
1094 1581 1561 1657 moderatioque
1584 1589 1890 1644 teneatur:
1931 1591 2143 1656 parcat
2176 1581 2266 1641 iu-

179 1676 400 1730 ventus
431 1666 761 1744 pudicitiae
791 1683 962 1739 suae,
991 1681 1068 1725 ne
1099 1665 1325 1740 spoliet
1351 1665 1632 1738 alienam,
1672 1683 1748 1726 ne
1779 1665 2053 1726 effundat
2081 1664 2266 1740 patri·

181 1752 468 1825 monium,
503 1767 581 1811 ne
604 1751 819 1810 fenore
841 1749 1199 1821 trucidetur,
1231 1767 1308 1810 ne
1334 1749 1608 1812 incurrat
1635 1750 1693 1810 in
1729 1749 1981 1811 alterius
2016 1751 2262 1810 domum

175 1844 363 1911 atque
399 1837 655 1895 famam:
693 1851 770 1894 ne
806 1835 1098 1909 probrum
1133 1833 1353 1907 castiS,
1396 1836 1597 1896 labem
1630 1835 1909 1909 integris,
1953 1832 2264 1894 infamiam

178 1918 356 1980 bonis
391 1917 648 1981 inferat:
682 1933 759 1978 ne
792 1935 974 1995 quem
1001 1919 1059 1979 vi
1085 1927 1336 1981 terreat:
1369 1936 1446 1980 ne
1468 1919 1704 1981 intersit
1725 1917 1996 1980 insidiis:
2028 1918 2266 1979 scelere

177 2011 412 2065 careat:
444 2013 757 2080 postremo
791 2021 975 2079 quum
1008 2003 1277 2079 paruerit
1307 2004 1742 2079 voluptatibus,
1776 2002 2014 2064 dederit
2034 2002 2266 2077 aliquid

179 2088 471 2165 temporis
502 2089 581 2148 ad
616 2088 825 2147 ludum
859 2090 1074 2149 aetatis
1109 2099 1296 2164 atque
1321 2089 1400 2149 ad
1432 2088 1649 2149 inanes
1683 2089 1872 2149 hasce
1901 2089 2264 2148 adolescen-

178 2172 295 2234 tiae
328 2172 718 2249 cupiditateS,
748 2180 1000 2233 revocet
1031 2188 1102 2232 se
1132 2173 1463 2249 aliquando
1496 2173 1576 2233 ad
1611 2188 1819 2233 curam
1852 2173 1942 2232 rei
1974 2170 2262 2234 domesti-

176 2273 316 2329 cae,
360 2255 450 2317 rei
485 2254 750 2317 forensis
786 2254 1000 2332 reique
1034 2258 1334 2331 publicae,
1367 2266 1433 2318 ut
1459 2273 1564 2330 ea,
1607 2274 1767 2333 quae
1814 2256 2050 2317 ratione
2085 2264 2265 2316 antea

177 2358 297 2402 non
348 2348 784 2416 perspexerat,
830 2340 1107 2402 satietate
1163 2341 1501 2415 abiecisse,
1562 2342 1935 2416 experiendo
1995 2349 2261 2401 contem-

177 2424 382 2501 psisse
415 2423 708 2485 videatur.

298 2507 402 2573 43.
448 2511 540 2569 Ac
586 2507 754 2568 multi
797 2518 858 2569 et
900 2517 1107 2569 nostra
1139 2519 1198 2571 et
1230 2519 1466 2585 patrum
1497 2509 1918 2585 maiorumque
1950 2507 2262 2579 memoria,

177 2594 448 2665 iudiceS,
486 2592 706 2654 summi
742 2592 1023 2653 homines
1056 2603 1116 2655 et
1145 2594 1327 2654 claris
1350 2594 1385 2671 „i
1427 2594 1671 2692 1⁸),qust
1707 2596 1965 2666 fuerunt,
2002 2609 2261 2669 quorum

178 2696 364 2754 quum
389 2676 847 2738 adolescentiae
873 2677 1239 2753 cupiditates
1251 2612 2000 2749 deffluis'sehneximiae
2011 2679 2264 2738 virtutes

181 2764 419 2824 firmata
449 2762 569 2823 iam
602 2769 800 2823 aetate
831 2762 1211 2823 exstiterunt.
1298 2763 1393 2822 Ex
1426 2762 1651 2837 quibus
1686 2762 1989 2823 neminem
2019 2758 2165 2821 mihi
2197 2760 2262 2820 li-

173 2848 279 2908 bet
322 2846 672 2907 nominare:
722 2855 966 2908 vosmet
1009 2845 1328 2907 vobiscum
1385 2846 1811 2909 recordamini.
1899 2847 2055 2907 Nolo
2102 2844 2261 2906 enim

100 2930 542 3024 <Mcuiusquam
573 2929 748 2991 sortis
783 2939 970 3006 atque
1000 2929 1251 2991 illustris
1285 2929 1395 2990 viri
1441 2948 1517 2991 ne
1548 2931 1859 2991 minimum
1890 2930 2137 3007 quidem
2169 2945 2264 2990 er-

174 3019 369 3075 ratum
410 3030 549 3074 cum
582 3012 847 3074 maxima
876 3016 1058 3076 laude
1098 3015 1493 3090 coniungere.
1583 3016 1759 3089 Quod
1804 3014 1853 3075 si
1900 3017 2105 3075 facere
2138 3014 2265 3073 vel-

178 3100 314 3173 lem,
343 3096 514 3159 multi
545 3114 582 3157 a
613 3114 709 3158 me
739 3099 958 3159 summi
981 3107 1166 3176 atque
1190 3098 1563 3161 ornatissimi
1594 3099 1705 3159 viri
1732 3099 2264 3175 praedicarentur:

178 3199 436 3259 quorum
472 3183 687 3257 partim
715 3180 901 3260 nimia„
922 3183 1044 3264 libe
1080 3193 1100 3245 t
1200 3184 1212 3197 ⁶
1328 3184 1726 3256 dolescentia‚
1761 3184 1977 3259 partim
2010 3184 2266 3260 profusa

175 3267 483 3342 luxuries,
513 3265 865 3343 magnitudo
898 3201 1639 3345 heriffiYsumptuS,
1674 3266 1959 3330 libidines
1991 3267 2265 3329 nomina·

174 3359 410 3412 rentur:
459 3368 616 3427 quae
667 3351 869 3414 multis
915 3360 1131 3429 postea
1164 3352 1486 3414 virtutibus
1517 3321 2265 3414 offifaffl'dolescentiae

178 3436 280 3510 qui
328 3438 511 3498 vellet
553 3434 953 3498 excusatione
1010 3438 1386 3498 defenderet.
1473 3438 1627 3497 XIX.
1686 3435 1787 3497 44.
1863 3438 1945 3497 At
1998 3451 2150 3495 vero
2201 3433 2263 3493 in

177 3521 254 3579 M.
281 3521 482 3582 Caelio
507 3556 565 3566 -
615 3520 813 3581 dicam
840 3521 1002 3581 enim
1035 3522 1148 3581 iam
1183 3520 1593 3583 confidentius
1626 3522 1705 3582 de
1736 3519 1955 3582 studiis
1991 3519 2124 3581 eius
2155 3518 2263 3579 ho·
