2514 3928
175 237 315 295 157
403 287 412 292 q
858 229 1023 289 CAP.
1060 236 1254 292 7-9,
1301 236 1352 296 s.
1394 241 1652 295 15—-21,
2176 234 2315 298 455-

174 381 388 446 senia
416 381 493 441 ab
525 381 777 442 Ituraeis
808 382 1285 455 occupabantur.
1350 381 1633 458 Prorupit
1661 382 1862 444 subito
1886 385 2301 463 Brundisium,

180 474 270 527 ut
304 465 456 526 inde
490 464 730 540 agmine
766 465 1064 540 quadrato
1107 465 1184 525 ad
1226 466 1439 525 urbem
1484 467 1837 527 accederet=
1896 469 2307 532 lautissimum

183 549 514 624 oppidum
554 565 715 609 nunc
746 549 1116 623 municipum
1155 549 1750 623 honestissimorum,
1791 554 2099 625 quondam
2133 558 2298 616 colo·

184 650 466 706 norum,
509 631 836 707 Suessam,
878 633 1347 694 fortissimorum
1381 631 1633 694 militum
1667 634 1964 709 sanguine
1996 636 2298 713 implevit=

185 714 523 777 Brundisii
569 715 626 776 in
680 716 818 776 sinu
860 734 981 777 non
1024 716 1207 776 modo
1240 717 1672 789 avarissimae,
1726 719 1837 778 sed
1869 719 2046 779 etiam
2085 723 2299 796 crude-

186 801 489 861 ·tissimae
542 801 754 860 uxoris
796 801 1069 860 delectos
1104 799 1356 860 Martiae
1391 800 1651 874 legionis
1685 802 2073 863 centuriones
2117 804 2295 864 truci·

184 884 402 945 davit.
490 884 640 944 lude
672 901 742 945 se
774 901 896 959 quo
930 887 1151 955 furore,
1193 900 1317 958 quo
1351 884 1569 944 ardore
1598 885 1677 945 ad
1703 886 1944 958 urbem,
1978 886 2041 946 id
2073 896 2184 959 est,
2220 890 2301 948 ad

187 969 468 1029 caedem
510 966 723 1044 optimi
765 970 1065 1043 cuiusque
1097 968 1400 1043 rapiebat!
1493 967 1625 1042 Quo
1658 968 1934 1045 tempore
1967 971 2029 1031 di
2050 972 2168 1047 ipsi
2200 972 2305 1031 im-

201 1056 513 1115 mortales
553 1052 926 1127 praesidium
959 1051 1360 1148 improvisum
1405 1068 1519 1119 nec
1551 1052 1946 1127 opinantibus
1980 1054 2161 1115 nobis
2192 1056 2299 1115 ob-

191 1138 498 1199 tulerunt.
573 1136 673 1196 IX.
721 1136 817 1198 19.
865 1134 1147 1197 Caesaris
1176 1134 1337 1195 enim
1368 1135 1743 1197 incredibilis
1772 1154 1845 1197 ac
1876 1138 2082 1199 divina
2109 1138 2301 1201 virtus

195 1221 468 1281 {atronis
512 1218 775 1296 impetus
830 1221 1115 1281 crudeles
1157 1236 1230 1279 ac
1287 1219 1650 1281 furibundos
1693 1222 2050 1283 retardavit·
2117 1239 2299 1298 quem

203 1314 340 1365 turn
374 1304 475 1364 ille
514 1305 768 1365 demens
799 1293 1046 1365 laedere
1077 1320 1145 1365 se
1171 1304 1430 1379 putabat
1456 1303 1705 1377 edictiS,
1736 1304 2066 1380 ignoranS,
2113 1323 2300 1381 quae-

195 1405 481 1464 cumque
528 1390 683 1449 salso
718 1388 1057 1450 intenderet
1097 1387 1156 1447 in
1206 1386 1659 1449 sanctissimum
1692 1389 2182 1462 adolescentem,
2227 1406 2302 1450 ea

203 1489 361 1533 vere
391 1471 714 1533 recidere
698 1491 756 1533 m
785 1472 1136 1533 memoriam
1172 1470 1465 1547 pueritiae
1498 1489 1681 1533 suae.
1732 1474 2057 1549 Ingressus
2088 1458 2300 1533 urbem

199 1565 339 1630 est,
377 1573 499 1633 quo
535 1557 822 1618 comitatu
866 1558 964 1618 vel
1007 1555 1208 1631 potius
1248 1555 1519 1631 agmine!
1586 1574 1773 1633 quum
1811 1558 2026 1618 dextra
2057 1556 2303 1618 sinistra

203 1650 495 1717 gemente
526 1643 755 1716 populo
789 1642 1065 1702 Romano
1100 1640 1430 1701 minaretur
1464 1640 1744 1713 dominiS,
1790 1651 2027 1704 notaret
2060 1638 2298 1714 domOS,

202 1725 552 1785 divisurum
584 1741 654 1785 se
684 1726 894 1785 urbem
927 1727 1127 1799 palam
1160 1723 1292 1784 suis
1328 1726 1732 1799 polliceretur.
1805 1724 2011 1787 Rediit
2041 1726 2117 1784 ad
2149 1725 2298 1784 mili·

204 1819 337 1869 tes:
384 1808 466 1868 ibi
505 1808 796 1884 pestilera
827 1808 929 1868 illa
955 1807 1158 1869 Tiburi
1195 1809 1420 1869 contio.
1484 1807 1656 1868 'Inde
1687 1810 1768 1869 ad
1798 1810 2008 1871 urbem
2047 1825 2299 1869 cursusz

205 1902 468 1953 senatus
492 1893 549 1952 in
569 1888 959 1969 Capitolium:
995 1902 1205 1970 parata
1224 1893 1301 1953 de
1325 1891 1884 1953 circumscribendo
1904 1895 2300 1954 adolescente

213 1977 520 2038 sententia
563 1977 934 2038 consularis:
981 1995 1166 2054 quum
1209 1987 1464 2054 repente
1497 2012 1584 2023 -
1622 1995 1769 2038 nam·
1792 1978 2069 2040 Martiam
2113 1975 2297 2052 legio-

213 2077 354 2121 nem
388 2061 581 2120 Albae
607 2060 978 2123 ‘consedisse
1018 2063 1253 2122 sciebat
1289 2095 1359 2105 —
1396 2062 1668 2122 adfertur
1695 2062 1750 2122 ei
1788 2062 1864 2122 de
1904 2071 2117 2137 quarta
2147 2078 2300 2121 nun-

207 2146 354 2206 tius.
438 2143 569 2217 Quo
609 2147 931 2220 perculsus
966 2144 1187 2207 abiecit
1219 2144 1541 2207 consilium
1573 2144 1882 2206 referendi
1911 2145 1990 2205 ad
2022 2154 2298 2205 senatum

211 2231 297 2289 de
329 2228 624 2288 Caesare:
673 2245 964 2304 egressus
1007 2239 1102 2291 est
1146 2247 1267 2291 non
1313 2230 1462 2302 viis,
1515 2229 1626 2289 sed
1665 2228 2004 2289 tramitibus
2034 2226 2298 2304 'paluda-

207 2322 348 2374 tus=
408 2328 609 2386 eoque
651 2310 790 2388 ipso
844 2312 942 2373 die
984 2312 1445 2374 innumerabilia
1488 2323 1739 2374 senatus
1784 2315 2064 2373 consulta
2119 2312 2297 2372 l'ecitz

210 2412 381 2473 quae
416 2394 661 2471 quidem
698 2397 900 2457 omnia
936 2397 1111 2459 citius
1142 2400 1344 2459 delata
1375 2415 1554 2473 quam
1588 2397 1816 2474 scripta
1848 2408 2007 2458 sunt.
2075 2395 2177 2457 20.
2209 2397 2299 2455 Ex

213 2496 295 2541 eo
330 2497 448 2540 non
490 2481 630 2554 iter,
665 2481 778 2541 sed
810 2498 1029 2541 cursus
1061 2489 1120 2542 et
1151 2483 1291 2556 suga
1322 2481 1379 2542 in
1407 2481 1680 2540 Galliam.
1771 2482 2092 2542 Caesarem
2125 2479 2302 2555 sequi

211 2563 621 2624 arbitrabatur
652 2581 787 2625 cum
825 2564 1064 2640 legione
1092 2566 1328 2637 Martia,
1365 2581 1502 2625 cum
1532 2573 1764 2641 quarta,
1805 2581 1940 2625 cum
1974 2563 2302 2635 veteraniS‚

221 2665 478 2723 quorum
525 2649 625 2709 ille
668 2665 888 2709 nomen
943 2667 1087 2724 prae
1132 2659 1294 2710 metu
1331 2650 1488 2708 l'erre
1527 2666 1649 2708 non
1692 2656 1961 2723 poterat,
2018 2647 2198 2721 eique
2241 2645 2298 2705 in

221 2732 468 2791 Galliam
513 2733 853 2807 penetranti
898 2735 967 2793 D.
1006 2750 1074 2792 se
1106 2734 1329 2793 Brutus
1366 2731 1613 2794 obiecit:
1682 2731 1782 2808 qui
1828 2747 1896 2791 sc
1930 2729 2116 2791 totius
2159 2728 2302 2789 belli

221 2815 509 2876 fluctibus
532 2816 832 2877 circumiri
855 2833 1034 2892 quam
1063 2817 1227 2877 illum
1250 2824 1356 2877 aut
1375 2814 1616 2890 regredi
1639 2824 1744 2876 aut
1766 2814 2053 2890 progredi
2078 2812 2300 2883 maluit,

222 2899 635 2975 Mutinamque
687 2901 769 2960 illi
812 2899 1140 2963 exsultanti
1187 2910 1497 2975 tamquam
1544 2900 1750 2959 frenos
1798 2896 2022 2959 furoris
2080 2895 2300 2956 iniecit.

221 2986 413 3058 Quam
459 3003 641 3059 quum
687 2987 979 3060 operibus
1010 2986 1580 3062 munitionibusque
1612 2985 1955 3061 saepsisset
1987 3001 2102 3046 nec
2152 3002 2290 3046 eum

228 3068 507 3127 coloniae
559 3068 1031 3130 florentissimae
1080 3069 1342 3144 dignitas
1398 3087 1605 3145 neque
1659 3068 1932 3130 consulis
1986 3069 2291 3145 designati

219 3150 508 3212 maiestas
540 3169 576 3211 a
607 3153 938 3228 parricidio
968 3154 1328 3226 deterreret,
1365 3162 1491 3214 tum
1524 3171 1621 3214 me
1652 3188 1737 3199 --
1764 3160 1964 3214 testor
1994 3162 2053 3214 et
2086 3171 2199 3214 vos
2231 3160 2294 3214 et

221 3235 519 3310 populum
544 3237 887 3296 Romanum
919 3244 980 3296 et
1012 3253 1227 3297 omues
1260 3238 1434 3311 deos,
1467 3237 1570 3313 qui
1600 3236 1741 3298 huic
1771 3237 1906 3298 urbi
1936 3238 2296 3313 praesident

229 3318 524 3381 -invito
571 3328 632 3380 et
672 3329 1057 3397 repugnante
1105 3321 1286 3395 legati
1323 3321 1490 3382 missi
1532 3329 1658 3381 tres
1705 3322 2065 3382 consulares
2095 3322 2175 3379 ad
2208 3322 2266 3379 la

225 3410 464 3462 ‚tronum
498 3412 560 3463 et
588 3405 995 3478 gladiatorum
1028 3405 1267 3464 ducem.
1358 3402 1459 3464 21.
1495 3405 1640 3480 Quis
1681 3414 1796 3464 tam
1833 3404 2128 3464 barbarus
2163 3416 2295 3464 um-„

221 3502 434 3562 quam,
470 3495 593 3547 tam
632 3488 940 3559 immanis,
983 3498 1105 3548 tam
1140 3490 1343 3549 serus?
1401 3490 1532 3550 Non
1566 3489 1828 3548 audivit:
1876 3504 1998 3547 non
2029 3503 2289 3564 respon-
