2514 3928
160 257 247 312 43
497 249 791 343 FleGM.
821 249 960 307 Vlll
982 249 1143 307 -Χ,
1219 248 1382 308 CAP.
1415 256 1603 309 1—3.
1648 254 1701 314 S.
1732 257 1924 311 1-6,
2124 248 2245 314 141

162 415 273 472 ea,
309 415 469 476 quae
497 407 640 461 sunt
668 398 1024 476 longissime
1054 400 1374 471 disiuncta,
1408 400 1940 472 comprehendam.
1988 402 2075 459 Tu
2107 415 2260 459 con·-

167 483 281 543 sul
314 497 384 541 es
411 485 796 544 renuntiatus
829 516 916 527 -—
942 484 1088 543 nihil
1119 484 1317 542 dicam
1345 483 1593 557 gravius
1624 500 1804 558 quam
1837 484 2004 558 quod
2035 500 2253 544 omnes

166 567 450 627 fatentur
483 599 555 611 —
590 568 894 641 impeditis
925 566 1012 627 rei
1044 566 1326 642 publicae
1364 567 1771 641 temporibuS,
1814 565 2251 627 dissidentibus

165 648 841 727 consulibus[Caesare
882 659 940 711 et
965 649 1232 729 Bibulo]‚
1262 665 1447 725 quum
1490 649 1608 710 hoc
1650 667 1772 709 non
1802 666 2124 710 recusares
2156 649 2251 724 iis,

165 751 210 794 a
245 734 477 810 quibus
509 733 793 794 dicebare
822 734 1057 805 consul,
1097 736 1242 808 quin
1275 742 1333 795 te
1367 734 1501 792 luce
1533 732 1778 808 dignum
1804 751 1925 794 non
1953 740 2249 808 putarent,

165 817 301 878 nisi
351 817 610 893 nequior
658 835 840 893 quarn
883 816 1173 878 Gabinius
1224 817 1592 877 exstitisses.
1664 818 1763 876 Me
1807 825 2023 877 cuncta
2062 817 2249 887 ltalia,

165 917 275 960 me
327 917 541 963 omnes
585 901 863 974 ordines,
919 917 1015 960 me
1055 902 1346 961 universa
1389 901 1604 961 civitas
1650 917 1772 961 non
1817 901 1989 976 prius
2033 899 2254 959 tabella

171 1002 366 1061 quam
410 1001 567 1046 voce
625 987 889 1061 priorem
949 986 1261 1046 consulem
1304 983 1652 1045 declaravit.
1741 985 1813 1044 ΙΙ.
1858 983 1981 1044 Sed
2025 982 2250 1055 omitt0,

172 1078 244 1129 ut
288 1071 370 1130 sit
398 1071 596 1131 factus
624 1078 883 1144 uterque
911 1075 1206 1129 nostrum.
1274 1068 1364 1129 Sit
1394 1085 1544 1129 sane
1569 1069 1725 1130 Fors
1757 1062 2002 1129 domina
2032 1064 2251 1142 campi.

169 1152 677 1228 Magnificentius
724 1161 821 1212 est
862 1152 1065 1228 dicere
1100 1168 1280 1226 quem
1310 1151 1390 1210 ad
1420 1152 1663 1212 modum
1696 1154 2072 1228 gesserimus
2104 1167 2248 1212 con·

171 1238 446 1296 sulatum
480 1251 665 1310 quam
698 1250 879 1307 quem
909 1235 985 1292 ad
1014 1235 1261 1293 modum
1292 1233 1654 1306 ceperimus.

308 1317 370 1378 4.
412 1318 545 1390 Ego
575 1315 871 1375 Kalendis
900 1316 1196 1374 Ianuariis
1227 1321 1502 1373 senatum
1533 1325 1594 1375 et
1617 1318 1817 1377 bonos
1849 1334 2064 1378 ornnes
2097 1318 2252 1391 legis

176 1402 463 1475 agrariae
522 1397 1045 1473 maximarumque
1106 1397 1486 1473 largitionum
1550 1405 1714 1457 metu
1765 1400 2033 1460 liberavi.
2120 1399 2252 1473 Ego

177 1499 398 1557 agrum
444 1482 820 1556 Campanum
848 1526 863 1553 ,
911 1481 964 1541 si
1006 1480 1198 1540 dividi
1241 1497 1362 1540 non
1406 1482 1700 1555 oportuit,
1750 1483 2142 1541 conservavi=
2201 1481 2250 1541 si

178 1565 485 1641 oportuit,
518 1564 868 1626 melioribus
901 1565 1254 1625 auctoribus
1281 1563 1616 1624 reservavi.
1660 1565 1791 1638 Ego
1823 1566 1882 1623 in
1916 1565 1977 1623 C.
2009 1563 2253 1624 Rabirio

183 1649 626 1726 perduellionis
667 1664 774 1709 reo
818 1665 894 1708 x1.
934 1647 1110 1710 annis
1154 1656 1295 1708 ante
1336 1663 1434 1707 me
1480 1650 1793 1708 consulem
1835 1646 2255 1724 interpositam

180 1741 438 1794 senatus
471 1731 887 1794 auctoritatem
917 1732 1175 1793 sustinui
1210 1738 1422 1792 contra
1454 1731 1741 1792 invidiam
1771 1741 1956 1808 atque
1985 1731 2254 1792 defendi.

178 1819 315 1893 Ego
360 1818 789 1878 adolescentes
830 1817 1029 1878 bonos
1071 1823 1132 1877 et
1174 1817 1394 1890 sorteS,
1440 1817 1551 1876 sed
1597 1833 1751 1877 usos
1781 1833 1855 1877 ea
1890 1815 2254 1878 condicione

180 1903 481 1976 fortunae,
511 1910 594 1974 ut,
627 1900 683 1962 si
719 1909 925 1961 essent
945 1901 1333 1977 magistratus
1358 1899 1579 1976 adepti,
1612 1900 1699 1960 rei
1727 1900 2006 1977 publicae
2030 1908 2252 1961 statum

180 1985 541 2047 convulsuri
584 1985 963 2060 viderentur,
1005 1986 1157 2048 meis
1198 1984 1554 2060 inimicitiis,
1599 1987 1763 2047 nulla
1801 1992 2052 2046 senatus
2093 1986 2252 2045 mala

182 2070 396 2147 gratia,
414 2070 794 2129 comitiorum
809 2070 1041 2130 ratione
1059 2068 1313 2145 privavi.
1359 2070 1419 2129 5.
1441 2069 1572 2143 Ego
1588 2070 1916 2129 Antonium
1931 2071 2248 2144 collegam,

183 2153 475 2229 cupidum
524 2152 909 2229 provinciae,
973 2154 1161 2213 multa
1204 2152 1265 2213 in
1311 2170 1380 2213 re
1422 2156 1670 2230 publica
1720 2155 2096 2223 molientem,
2144 2167 2250 2225 pa-

184 2237 391 2297 tientia
436 2245 618 2312 atque
661 2237 961 2311 obsequio
1002 2253 1139 2297 meo
1186 2234 1476 2310 mitigavi.
1541 2236 1670 2310 Ego
1708 2235 2083 2311 provinciam
2115 2235 2253 2294 Gal·

188 2321 328 2381 liam
388 2327 640 2381 senatus
684 2323 1039 2381 auctoritate
1078 2318 1350 2379 exercitu
1396 2326 1456 2380 et
1495 2320 1758 2395 pecunia
1798 2321 2152 2380 instructam
2194 2326 2255 2379 et

189 2413 479 2479 ornatam,
516 2421 695 2480 quam
728 2419 864 2464 cum
879 2405 1145 2465 Antonio
1162 2402 1561 2473 commutavi,
1609 2402 1777 2477 quod
1820 2402 1904 2462 ita
1939 2403 2249 2463 existima·

188 2489 326 2549 bam
366 2497 642 2564 tempora
679 2488 767 2547 rei
811 2488 1092 2564 publicae
1127 2489 1313 2559 ferre,
1358 2488 1415 2546 in
1454 2488 1737 2548 contione
1766 2487 2029 2561 deposui
2061 2487 2249 2545 recla-

188 2581 388 2634 mante
416 2574 645 2649 populo
680 2573 978 2632 Romano.
1039 2572 1171 2646 Ego
1202 2572 1272 2628 L.
1307 2570 1647 2643 Catilinam,
1693 2570 1945 2631 caedem
1980 2577 2252 2642 senatuS,

189 2657 486 2717 interitum
529 2656 698 2717 urbis
739 2673 860 2716 non
911 2657 1204 2726 obscure,
1248 2654 1363 2713 sed
1393 2655 1589 2727 palam
1621 2653 1995 2723 molientem,
2042 2650 2252 2726 egredi

191 2758 269 2801 ex
297 2740 445 2800 urbe
480 2739 665 2801 iussi:
707 2748 801 2811 ut,
848 2757 884 2799 a
919 2755 1042 2814 quo
1075 2737 1313 2813 legibus
1349 2753 1472 2796 non
1505 2745 1888 2811 poteramus,
1929 2735 2250 2795 moenibus

190 2823 298 2884 tuti
331 2839 471 2883 esse
498 2839 848 2899 possemus.
893 2825 1024 2898 Ego
1057 2824 1176 2884 tela
1205 2828 1476 2881 extremo
1511 2836 1721 2880 mense
1755 2821 2109 2880 consulatus
2131 2819 2251 2880 mei

193 2908 415 2968 intenta
463 2907 686 2982 iugulis
743 2906 1003 2970 civitatis
1054 2907 1135 2967 de
1181 2906 1633 2967 coniuratorum
1674 2905 1921 2965 nefariis
1966 2905 2251 2968 manibus

196 2990 437 3052 extorsi.
495 2992 628 3067 Ego
672 2992 841 3052 faces
882 2990 999 3051 iarn
1044 3007 1341 3054 accensas
1384 2991 1464 3051 ad
1492 2988 1674 3051 huius
1702 2987 1870 3050 urbis
1902 2989 2250 3051 incendium

197 3072 653 3151 comprehendi,
685 3076 942 3151 protuli,
973 3073 1256 3136 exstinxi.
1327 3076 1426 3135 111.
1471 3075 1530 3137 6.
1564 3074 1663 3134 Me
1695 3073 1764 3148 Q.
1793 3075 2056 3147 CatuluS,
2086 3074 2251 3150 prin·

199 3176 338 3235 ceps
378 3159 558 3221 huius
590 3159 820 3220 ordinis
849 3168 907 3219 et
936 3166 1147 3219 auctor
1182 3159 1409 3234 publici
1443 3159 1709 3232 consilii,
1754 3159 2248 3235 frequentissimo

200 3250 405 3304 senatu
435 3251 746 3318 parentem
780 3244 1009 3320 patriae
1037 3243 1387 3303 nominavit.
1433 3242 1577 3302 Mihi
1608 3243 1706 3302 hic
1739 3244 1835 3302 vir
1856 3242 2251 3314 clarissimuS,

203 3327 295 3401 qui
348 3334 600 3403 propter
644 3333 705 3387 te
745 3327 948 3400 sedet,
1006 3327 1073 3386 L.
1116 3326 1375 3400 GelliuS,
1430 3326 1525 3387 his
1569 3326 1954 3387 audientibus
1998 3325 2252 3385 civicam

204 3426 476 3472 coronam
510 3410 721 3472 deberi
749 3429 786 3471 a
811 3428 881 3471 re
911 3409 1156 3487 publica
1189 3411 1360 3470 dixit.
1404 3409 1550 3469 Mihi
1581 3417 1786 3484 togato
1816 3415 2096 3478 senatuS,
2127 3422 2250 3464 non

204 3501 258 3555 ut
282 3496 480 3555 multis
501 3495 658 3555 bene
689 3503 917 3570 gestae,
962 3495 1072 3555 sed
1096 3502 1163 3555 ut
1186 3492 1410 3554 nemini
1437 3499 1834 3552 conservatae
1856 3489 1945 3549 rei
1971 3486 2251 3561 publicae
