2514 3928
228 239 297 294 σε»
833 227 999 288 CAP.
1030 235 1297 290 26—29.
1340 233 1391 294 s.
1423 232 1711 294 64-70..
2196 223 2317 290 163
2403 218 2424 233 ’

230 379 444 443 Graeci
473 378 899 457 stipati,·quini
930 377 991 440 in
1027 378 1285 454 lectulis,
1319 396 1508 456 saepe
1540 383 1780 457 plures=
1807 383 1958 461 ipse
1990 382 2194 453 solus,
2226 378 2317 441 bi-

226 465 386 527 bitur
417 480 617 540 usque
651 480 758 537 eo,
797 463 941 541 dum
972 464 1050 531 de
1081 462 1241 525 solio
1274 464 1662 530 ministretur.
1750 470 1864 532 Ubi
1898 465 2038 544 galli
2072 472 2317 527 cantum

190 548 478 623 audivit,
506 565 690 610 avum
719 564 898 610 suum
931 547 1238 609 revixisse
1272 556 1473 624 putat=
1505 567 1780 617 mensam
1809 551 1940 615 tolli
1968 549 2154 611 iubet.

350 631 620 693 XXVIII.
651 631 752 696 68.
780 631 956 694 Dicet
984 630 1241 711 aliquis:
1273 633 1451 696 Unde
1478 634 1581 696 tibi
1615 636 1769 700 haec
1800 644 1945 698 nota
1969 642 2154 695 sunt?
2183 634 2318 695 Non

224 716 605 778 mehercules
632 717 1040 780 contumeliae
1070 731 1262 779 causa
1302 717 1652 780 describam
1687 735 2090 798 quemquam,
2143 734 2318 793 prae-

222 800 431 862 sertim
465 799 851 878 ingeniosum
877 799 1184 862 hominem
1219 808 1407 878 atque
1436 803 1739 868 eruditum
1759 853 1774 878 ,
1808 803 1906 866 cui
1934 801 2143 879 generi
2175 817 2320 862 esse

221 902 340 962 ego
369 887 579 960 iratus,
617 901 695 946 ne
725 885 776 947 si
809 882 1052 962 cupiam
1089 885 1358 964 quidem,
1388 904 1668 963 possum.
1717 890 1829 951 Est
1860 886 2108 963 quidam
2132 885 2318 945 Grae·

222 985 365 1041 cuS,
409 969 516 1046 qui
564 986 701 1032 cum
743 969 862 1035 isto
895 967 1071 1045 vivit,
1118 970 1336 1046 homo,
1384 988 1529 1033 vere
1573 984 1638 1037 ut
1679 974 1880 1037 dicam
1908 1005 1996 1017 —
2029 967 2121 1030 sic
2157 968 2320 1029 enim

221 1053 489 1130 cognovi
515 1087 621 1129 —,
650 1053 987 1128 humanuS,
1031 1055 1144 1114 sed
1174 1062 1298 1115 tam
1329 1054 1462 1127 diu,
1510 1076 1691 1133 quam
1724 1060 1830 1120 diu
1876 1071 2015 1118 cum
2056 1052 2193 1114 aliis
2223 1060 2321 1115 est

219 1146 325 1199 aut
354 1138 488 1215 ipse
519 1153 753 1199 secum.
838 1138 900 1198 Is
937 1154 1125 1213 quum
1155 1136 1342 1200 istum
1372 1140 1867 1216 adolescentem,
1897 1140 2016 1201 iam
2047 1146 2170 1200 tum
2199 1137 2319 1198 hac

220 1220 319 1282 dis
349 1219 505 1283 irat'a
534 1221 732 1281 fronte
763 1220 1050 1292 vidisset,
1093 1236 1217 1279 non
1248 1220 1545 1283 fastidivit
1572 1224 1707 1287 eius
1740 1224 2094 1296 amicitiam,
2127 1238 2317 1299 quum

222 1312 396 1364 esset
422 1301 780 1378 praesertim
805 1301 1146 1378 appetitus=
1180 1302 1353 1364 dedit
1387 1320 1457 1363 se
1483 1304 1540 1363 in
1576 1307 2103 1377 consuetudinem,
2138 1307 2229 1365 sic
2252 1314 2318 1367 ut

223 1401 487 1463 prorsus
509 1402 635 1447 una
658 1384 910 1460 viveret,
944 1401 1059 1446 nec
1091 1386 1221 1446 fere
1251 1402 1541 1462 umquam
1572 1391 1650 1450 ab
1679 1407 1755 1451 eo
1787 1389 2152 1450 discederet.
2184 1389 2316 1448 Non

223 1470 394 1547 apud
420 1467 726 1544 indoctOS,
757 1469 889 1544 sed,
918 1477 986 1532 ut
1007 1485 1123 1546 ego
1147 1467 1426 1544 arbitror,
1458 1469 1517 1530 in
1542 1473 1854 1534 hominum
1877 1469 2319 1533 eruditissimo-

225 1569 362 1614 rum
410 1563 469 1617 et
509 1552 1090 1623 humanissimorum
1138 1560 1321 1616 coetu
1359 1554 1603 1631 loquor.
1702 1554 1987 1619 Audistis
2039 1556 2316 1630 profecto

222 1636 348 1699 dici
375 1637 784 1713 philosophos
813 1636 1155 1717 Epicureos
1193 1654 1409 1700 omnes
1436 1655 1557 1716 τες,
1593 1659 1755 1719 quae
1786 1639 1909 1702 sint
1937 1637 2168 1700 homini
2209 1654 2318 1699 ex-

219 1722 547 1797 petendae,
581 1721 889 1799 voluptate
919 1721 1137 1785 metiri.
1212 1723 1489 1786 Rectene
1520 1742 1597 1787 an
1637 1742 1845 1801 secuS,
1876 1723 2021 1786 nihil
2051 1722 2131 1783 ad
2181 1739 2319 1800 nos,

224 1813 346 1880 aut,
377 1803 431 1866 si
461 1805 539 1865 ad
574 1822 722 1881 noS,
757 1804 902 1867 nihil
931 1805 1012 1868 ad
1039 1805 1162 1868 hoc
1190 1814 1469 1885 tempus.
1503 1811 1613 1872 sed
1647 1819 1848 1874 tamen
1872 1806 2178 1871 lubricum
2210 1823 2318 1883 ge·

223 1905 340 1951 nus
383 1887 677 1952 orationis
708 1853 1093 1961 ²adolescenti
1134 1908 1259 1953 non
1306 1893 1529 1954 acriter
1568 1893 1926 1974 intelligenti
1983 1898 2081 1954 est
2123 1907 2317 1969 saepe

221 1989 546 2052 praeceps.
636 1973 738 2038 69.
780 1976 993 2054 Itaque
1036 1976 1439 2040 admissarius
1484 1977 1601 2041 iste
1644 1980 1822 2042 simui
1865 1986 2052 2056 atque
2082 1974 2319 2039 audivit

221 2059 597 2135 voluptatem
619 2077 653 2119 a
681 2057 1055 2136 philosopho
1083 2069 1245 2123 tanto
1274 2079 1462 2138 opere
1484 2063 1737 2137 laudari,
1767 2063 1912 2124 nihil
1955 2060 2316 2137 expiscatus

168 2221 183 2228 ,
220 2150 345 2205 est·
384 2142 475 2204 sic
509 2159 661 2206 suos
693 2160 918 2208 sensus
945 2143 1328 2221 voluptarios
1361 2163 1575 2209 omnes
1607 2147 1895 2221 incitavit,
1930 2146 2021 2208 sic
2049 2145 2127 2205 ad
2152 2144 2316 2206 illius

221 2227 380 2289 hanc
409 2226 746 2290 orationem
773 2225 1127 2303 adhinnivit,
1157 2238 1224 2291 ut
1246 2247 1368 2291 non
1395 2232 1745 2307 magistrum
1777 2230 2036 2306 virtutis,
2070 2229 2184 2290 sed
2207 2221 2315 2290 ati·

222 2320 453 2374 ctorem
498 2311 766 2374 libidinis
813 2329 850 2373 a
884 2330 954 2374 se
983 2313 1151 2374 illum
1189 2315 1499 2376 inventum
1531 2317 1945 2378 arbitraretur.
2035 2313 2311 2375 Graccus

223 2394 418 2471 primo
451 2395 824 2473 distinguere
857 2407 918 2459 et
946 2397 1222 2459 dividere
1265 2398 1369 2460 illa
1412 2416 1595 2475 quem
1625 2402 1704 2463 ad
1737 2401 1984 2462 modum
2026 2396 2306 2458 diceren-

225 2488 344 2541 tur:
385 2479 502 2543 iste
538 2480 830 2556 claudus»,
900 2498 1081 2558 quem
1149 2485 1225 2546 ad
1271 2485 1517 2546 modum
1547 2484 1746 2553 aiunt,
1789 2484 1971 2559 pilam
2013 2481 2307 2541 retinere:

130 2566 136 2572 '
223 2564 391 2640 quod
431 2573 759 2642 acceperat
836 2566 1181 2639 testificari,
1220 2567 1479 2627 tabellas
1514 2566 1843 2642 obsignare
1874 2564 2062 2638 velle,
2086 2563 2311 2639 Epicu·

222 2665 356 2709 rum
401 2649 710 2711 desertum
764 2648 991 2711 dicere.
1090 2647 1328 2709 Etenim
1386 2648 1533 2710 dicit
1571 2696 1588 2724 ,
1635 2659 1702 2711 ut
1746 2650 1997 2725 opinor,
2052 2661 2121 2706 se
2179 2646 2311 2706 nul·

223 2733 346 2793 lum
387 2732 617 2794 bonum
669 2731 1008 2808 intelligere
1076 2748 1270 2809 posse
1326 2730 1589 2807 demptis
1644 2731 1926 2808 corporis
1984 2727 2309 2805 voluptati-

222 2817 361 2876 bus·
446 2815 547 2881 70.
586 2814 742 2892 Quid
772 2818 1003 2879 multa?
1045 2816 1319 2878 Graecus
1355 2815 1551 2876 facilis
1582 2824 1643 2878 et
1673 2816 1853 2876 valde
1884 2819 2182 2876 venustus
2219 2813 2308 2875 ni-

222 2899 337 2961 mis
370 2917 621 2976 pugnax
649 2910 863 2963 contra
902 2900 1332 2976 imperatorem
1374 2902 1589 2976 popuii
1622 2898 1879 2963 Romani
1922 2915 2066 2961 esse
2096 2899 2309 2961 noluit.

221 2985 430 3046 XXIX.
461 2985 571 3047 Est
600 2993 801 3047 autem
833 2980 951 3058 hic,
983 2986 1061 3046 de
1087 3003 1210 3061 quo
1235 2986 1476 3061 loquor,
1509 2999 1632 3045 non
1655 2982 2054 3062 philosophia
2086 2985 2307 3060 solum,

233 3068 346 3129 sed
368 3065 546 3140 etiam
572 3065 795 3128 ceteris
818 3066 1053 3140 studiis,
1079 3083 1236 3141 quae
1261 3068 1704 3140 lere-[ceteros]
1726 3064 2065 3141 Epicureos
2090 3064 2284 3141 negli-

234 3165 382 3227 gere
395 3148 619 3223 dieunt,
636 3148 999 3228 perpolitus.
1033 3152 1254 3211 Poema
1270 3165 1456 3224 porro
1473 3148 1615 3210 lacit
1630 3147 1710 3210 ita
1722 3148 2026 3218 festivum,
2046 3146 2129 3208 ita
2141 3160 2287 3207 con-

234 3233 498 3307 cinnum,
525 3233 608 3295 ita
621 3237 889 3310 elegans,
916 3230 1061 3293 nihil
1086 3241 1152 3295 ut
1176 3233 1307 3293 fieri
1324 3230 1825 3308 possitargutius.
1859 3233 1924 3291 ln
1940 3247 2064 3307 quo
2077 3244 2284 3306 repre·

234 3316 464 3379 hendat
476 3333 615 3379 eum
628 3316 788 3390 hcet,
817 3316 870 3377 si
887 3316 988 3393 qui
1007 3319 1190 3390 volet,
1217 3316 1403 3377 modo
1418 3314 1647 3388 leviter,
1674 3330 1800 3374 non
1823 3322 1889 3374 ut
1915 3313 2280 3388 improbum,

146 3405 157 3412 '
238 3416 361 3461 non
376 3400 771 3472 utaudacem,
796 3417 915 3462 non
944 3408 1007 3461 ut
1030 3415 1349 3476 impurum
1365 3399 1477 3460 sed
1505 3397 1964 3464 utGraeculum,
1991 3393 2285 3454 utadsen-

242 3489 516 3555 tatorem‚
544 3491 610 3545 ut
625 3489 888 3560 poetam.
923 3484 1054 3544 Det
1060 3483 1184 3544 enit
1198 3491 1401 3544 autem
1420 3496 1533 3542 seu
1547 3474 2022 3613 potius¹incidit
2009 3489 2065 3530 m
2084 3471 2282 3532 istum,
