2514 3928
198 264 324 328 292
670 263 818 325 PRO
849 264 1055 326 REGE
1089 264 1480 326 DEIOTARO
1517 265 1821 328 ORATIO.
2207 276 2271 332 68

196 415 477 487 habebat,
509 424 569 476 te
593 416 858 476 solutum
883 417 1136 478 Romam
1174 416 1459 492 mittebat,
1498 415 1604 493 qui
1626 419 1842 481 eadem
1872 418 2086 495 scires,
2119 437 2271 499 quae

195 498 336 560 ilios
367 497 527 560 scire
562 497 764 560 dicis?

321 583 474 642 vlu.
503 581 759 658 Reliqua
781 600 928 659 pars
955 583 1373 647 accusationis
1403 585 1634 661 duplex
1666 583 1806 649 ruite
1838 603 1958 646 una
1989 602 2194 662 regem
2215 588 2270 647 in

195 665 467 741 speculis
500 665 694 727 ruisse
724 682 987 744 semper,
1022 685 1208 744 quum
1238 686 1276 728 a
1307 677 1364 729 te
1395 667 1597 729 animo
1629 678 1797 731 esset
1822 670 2055 740 alieno,
2088 671 2271 732 altera

194 749 528 811 exercitum
560 766 698 811 eum
731 759 944 813 contra
973 759 1033 812 te
1062 769 1350 828 magnum
1382 768 1800 828 comparasse.
1877 754 1967 814 De
2002 752 2270 815 exercitu

194 833 394 895 dicam
428 832 712 909 breviter,
745 842 810 896 ut
875 843 1100 897 cetera.
1186 836 1528 911 Numquam
1560 853 1669 897 eas
1699 834 1916 912 copias
1945 853 2057 897 rex
2094 836 2269 897 Deio-

193 924 360 978 tarus
392 918 631 992 habuit,
677 917 902 993 quibus
943 918 1171 997 inferre
1214 920 1441 980 bellum
1470 920 1702 995 populo
1732 920 2007 982 Romano
2040 931 2271 996 posset,

191 1001 305 1062 sed
336 1000 561 1076 quibus
592 999 750 1060 fines
766 1015 920 1060 suos
940 1001 1018 1062 ab
1034 1000 1511 1066 excursionibus
1528 1009 1591 1062 et
1605 1000 1941 1063 latrociniis
1957 1002 2270 1077 [hostium]

193 1092 460 1145 tueretur
488 1092 549 1144 et
578 1081 1047 1157 imperatoribus
1071 1084 1298 1145 nostris
1327 1085 1556 1145 auxilia
1586 1083 1864 1145 mitteret.
1925 1084 2131 1157 Atque
2159 1099 2265 1143 an-

192 1175 288 1228 tea
321 1164 569 1263 quidem
605 1162 872 1241 maiores
903 1163 1119 1242 copias
1166 1169 1331 1229 alere
1367 1174 1632 1242 poterat·
1674 1184 1834 1229 nunc
1875 1164 2159 1242 exiguas
2168 1164 2267 1226 vix

196 1249 349 1312 tueri
371 1257 594 1326 potest.
640 1246 740 1308 23.
757 1238 837 1311 At
866 1247 1124 1313 misitad
1151 1252 1479 1315 Caecilium
1517 1259 1732 1315 nescio
1766 1268 1980 1330 quem:
1999 1250 2110 1310 sed
2139 1265 2268 1323 eoS,

191 1350 351 1411 quos
393 1331 585 1406 misit,
630 1334 796 1409 quod
846 1334 936 1394 ire
977 1338 1334 1408 noluerunt,
1373 1332 1431 1394 in
1479 1334 1721 1397 vincula
1761 1331 2036 1394 coniecit.
2138 1334 2267 1395 Non

191 1434 422 1493 quaero
461 1434 646 1493 quam
680 1414 810 1478 veri
841 1417 1040 1479 simile
1081 1417 1160 1480 sit
1187 1427 1307 1480 aut
1319 1418 1613 1479 habuisse
1647 1434 1856 1494 regem
1889 1433 2049 1493 quos
2076 1416 2268 1478 mitte-

188 1509 280 1562 ret
302 1509 408 1563 aut
433 1517 565 1577 eoS,
620 1517 783 1579 quos
823 1503 1126 1574 misisset,
1173 1520 1299 1565 non
1330 1502 1646 1577 paruisse,
1675 1509 1801 1574 aut,
1838 1501 1938 1576 qui
1969 1497 2132 1561 dieto
2162 1517 2269 1562 au-

188 1585 428 1648 dientes
452 1586 511 1645 in
543 1594 708 1648 tanta
735 1604 803 1648 re
833 1603 955 1648 non
985 1587 1266 1661 ruissent,
1296 1602 1407 1646 eos
1444 1585 1685 1646 vinctos
1714 1583 1921 1660 potius
1946 1601 2129 1660 quam
2163 1600 2267 1646 ne·

193 1677 382 1731 catos.
471 1669 599 1730 Sed
642 1679 842 1731 tamen
887 1687 1073 1746 quum
1103 1671 1183 1730 ad
1212 1668 1539 1731 Caecilium
1569 1666 1868 1741 mittebat,
1897 1673 2096 1729 utrum
2127 1683 2256 1743 cau-

189 1769 318 1813 sam
354 1753 516 1813 illam
554 1753 775 1814 victam
804 1769 948 1814 esse
978 1753 1292 1815 nesciebat
1318 1769 1395 1813 an
1419 1752 1744 1814 Caecilium
1773 1750 1956 1813 istum
1986 1767 2268 1826 magnum

189 1835 496 1896 hominem
541 1836 834 1912 putabat?
864 1854 1047 1912 quem
1082 1840 1360 1912 profecto
1395 1837 1449 1897 is
1466 1866 1487 1910 ,·
1514 1834 1617 1911 qui
1641 1835 1865 1912 optime
1891 1843 2138 1897 nostros
2161 1835 2266 1913 ho-

188 1917 382 1980 mines
411 1920 610 1994 novit,
655 1923 753 1985 vel
798 1918 945 1997 quia
985 1937 1110 1983 non
1153 1927 1374 1985 nosset
1411 1921 1515 1983 vel
1562 1919 1616 1982 si
1655 1926 1888 1994 nosset,
1922 1927 2260 1981 contemne·

187 2011 297 2063 ret.
397 2000 499 2064 24.
556 2003 744 2065 Addit
802 2002 983 2068 etiam
1028 2002 1209 2078 illud,
1249 2001 1491 2077 equites
1537 2020 1658 2064 non
1702 2002 1967 2078 optimos
2004 2001 2269 2064 misisse.

190 2090 477 2161 VetereS,
526 2087 743 2158 cred0,
776 2086 1030 2147 Caesam
1075 2085 1221 2147 nihil
1250 2087 1332 2147 ad
1365 2085 1928 2163 tuumequitatum,
1967 2086 2081 2148 sed
2110 2085 2274 2147 misit

185 2186 266 2230 ex
293 2168 400 2244 iis,
440 2188 599 2246 quos
629 2169 867 2243 habuit,
901 2172 1153 2233 electos,
1204 2168 1308 2231 Ait
1340 2168 1551 2232 nescio
1590 2187 1770 2245 quern
1801 2186 1878 2231 ex
1907 2187 1982 2232 eo
2015 2186 2272 2231 numero

185 2268 436 2314 servum
483 2253 830 2315 iudicatum.
939 2255 1073 2315 Non
1118 2254 1410 2327 arbitror,
1456 2270 1579 2315 non
1614 2252 1856 2314 audiviz
1905 2254 2018 2314 sed
2063 2252 2124 2313 in
2170 2269 2272 2328 eu,

185 2334 366 2397 etiam
391 2335 444 2396 si
472 2336 821 2410 accidisset,
851 2340 1094 2413 culpam
1128 2336 1294 2412 regis
1323 2338 1549 2399 nullam
1583 2337 1777 2399 fuisse
1811 2336 2155 2399 arbitrarer.

311 2419 409 2479 IX.
460 2418 682 2481 Alieno
714 2428 917 2482 autem
959 2437 995 2481 a
1039 2429 1095 2482 te
1135 2421 1337 2482 animo
1384 2438 1506 2496 quo
1536 2422 1720 2482 modo
1760 2419 1911 2482 suit?
1962 2415 2269 2497 Speraviu

185 2504 393 2578 cred0,
418 2502 701 2565 difficiles
731 2503 837 2564 tibi
850 2505 1280 2565 Alexandreae
1305 2505 1435 2566 iore
1457 2504 1656 2566 exitus
1677 2513 1928 2580 propter
1950 2504 2276 2580 regionum

184 2595 457 2649 naturam
499 2598 559 2650 et
602 2587 894 2649 fluminis.
983 2590 1063 2649 At
1102 2605 1176 2649 eo
1229 2597 1502 2666 tempore
1546 2586 1684 2664 ipso
1728 2587 2052 2664 pecuniam
2082 2585 2275 2659 dedit,

187 2669 524 2733 exercitum
574 2670 755 2743 aluit,
804 2671 888 2743 ei,
938 2688 1123 2747 quem
1167 2671 1359 2732 Asiae
1403 2670 1829 2745 praefeceras,
1877 2667 1940 2728 in
1986 2669 2151 2728 nulla
2197 2683 2272 2727 re

188 2753 397 2816 defuit.
470 2754 600 2816 Tibi
632 2754 851 2818 victori
880 2772 1004 2817 non
1038 2756 1239 2817 solum
1270 2754 1349 2816 ad
1380 2752 1732 2831 hospitium,
1765 2752 1881 2813 sed
1914 2752 1994 2811 ad
2024 2749 2270 2827 pericu-

188 2836 314 2898 lum
346 2837 528 2900 etiam
560 2846 752 2916 atque
780 2841 862 2900 ad
881 2839 1078 2902 aciem
1106 2846 1357 2918 praesto
1389 2836 1518 2898 ruit.
1571 2834 1674 2899 25.
1702 2837 1992 2897 Secutum
2019 2842 2116 2895 est
2130 2834 2269 2894 bel·

188 2919 314 2981 lum
342 2921 723 2984 Africanum.
786 2925 1021 2984 Graves
1057 2924 1136 2984 de
1166 2930 1228 2983 te
1259 2936 1571 2983 rumores:
1617 2918 1722 2995 qui
1749 2916 1930 2981 etiam
1958 2916 2267 2979 furiosum

187 2999 357 3065 illum
389 3003 716 3067 caecilium
749 3003 1194 3067 excitaverunt.
1260 3005 1392 3079 Quo
1430 3013 1558 3066 tum
1588 3020 1698 3064 rex
1732 3010 1905 3079 [erga
1938 3009 2021 3077 te]
2053 3000 2268 3062 animo

191 3084 343 3148 suit?
400 3087 506 3163 qui
547 3087 941 3149 auctionatus
986 3088 1066 3150 sit
1109 3104 1381 3164 seseque
1438 3087 1710 3165 spoliare
1750 3085 2031 3147 maluerit
2075 3100 2270 3161 quam

190 3169 294 3230 tibi
338 3168 665 3245 pecuniam
708 3187 834 3231 non
867 3170 1352 3234 subministrare.
1425 3174 1510 3234 At
1554 3190 1663 3244 eo,
1708 3169 1932 3247 inquit,
1980 3179 2271 3246 tempore

188 3250 327 3328 ipso
371 3251 656 3314 Nicaeam
706 3254 1148 3330 Ephesumque
1201 3254 1480 3318 mittebat
1538 3256 1642 3332 qui
1696 3271 1981 3317 rumores
2022 3250 2271 3315 Africa-

192 3349 307 3395 nos
354 3333 717 3411 exciperent
760 3344 821 3399 et
860 3337 1142 3400 celeriter
1184 3340 1263 3401 ad
1308 3356 1381 3401 se
1409 3341 1733 3401 referrent.
1821 3339 2039 3415 Itaque
2070 3352 2271 3413 quum

190 3425 360 3479 esset
426 3415 482 3479 ei
546 3419 880 3482 nuntiatum
947 3420 1275 3486 Domitium
1343 3421 1662 3498 naufragio
1723 3421 1997 3498 perisse,
2073 3428 2134 3482 te
2200 3417 2275 3481 iu
