2514 3928
321 203 447 287 476
575 204 652 261 IN
683 201 762 265 M.
795 198 1204 260 ANTONIUM
1235 195 1524 257 ORATIO
1560 196 1986 256 PHILIPPICA
2020 196 2199 256 XIV.
2342 205 2433 263 178

319 351 586 427 GalliciS‚
617 351 843 413 Italicis
872 350 1053 412 bellis
1085 348 1233 410 clari
1265 358 1326 410 et
1360 349 1561 425 magni
1593 350 1853 421 fuerunt,
1897 365 2013 409 nee
2041 357 2270 410 tamen
2298 350 2429 414 unis

317 440 435 500 tale
461 453 658 512 genus
689 435 942 498 honoris
968 435 1254 496 tributum
1287 442 1401 494 est.
1446 436 1652 509 Atque
1673 432 1900 494 utinam
1932 432 2176 495 maiora
2212 450 2425 511 possc-

317 539 472 593 muS,
499 521 746 596 quando
774 518 1021 596 quidem
1044 536 1082 578 a
1106 518 1283 579 vobis
1309 516 1575 578 maxima
1598 518 1980 593 accepimus!
2008 519 2157 579 Vos
2182 519 2272 579 ab
2289 518 2426 582 urbe

317 607 615 666 furentem
649 603 985 667 Antonium
1025 601 1365 663 avertistis=
1411 618 1527 662 vos
1569 601 1771 663 redire
1811 601 2169 663 molientem
2202 620 2423 680 reppu·

317 688 493 750 listis.
579 687 708 749 Erit
766 688 951 765 igitur
1003 694 1321 747 exstructa
1383 688 1578 747 moles
1637 702 1826 761 opere
1881 686 2222 762 magnifico
2287 687 2419 748 inei·

316 788 553 848 saeque
594 773 857 844 litterae,
910 770 1158 831 divinae
1198 771 1437 833 virtutis
1493 778 1682 831 testes
1734 768 2190 846 sempiternae,
2262 787 2421 833 num·

318 873 628 933 quamque
699 858 777 917 de
846 854 1025 918 vobis
1101 872 1309 916 eorum
1334 900 1350 930 ,
1422 854 1527 931 qui
1600 863 1706 915 aut
1769 854 2070 915 videbunt
2148 863 2419 918 vestrum
2476 927 2485 936 ⁸

316 942 753 1003 monimentum
824 949 929 1001 aut
981 939 1252 1014 audient,
1306 940 1696 1015 grat1ssimus
1746 954 1951 999 sermo
2018 939 2419 1001 conticescet.

315 1027 404 1086 lta
445 1042 557 1100 pro
609 1023 847 1086 mortali
901 1022 1269 1084 condicione
1322 1025 1483 1084 vitae
1522 1021 2032 1084 immortalitatem
2075 1022 2241 1085 estis
2287 1040 2414 1086 con-
2488 1079 2489 1082 ,

316 1110 530 1169 secuti.
1425 1135 1430 1140 ·
2126 1133 2133 1136 -

332 1255 339 1261 ,
438 1193 592 1252 ΧΙΙΙ.
634 1190 736 1254 34.
787 1191 912 1252 Sed
943 1191 1265 1269 quoniam,
1300 1200 1510 1267 patres
1541 1189 1895 1266 conscripti,
1928 1189 2174 1276 glou-ige
2205 1208 2416 1254 munus

317 1276 566 1352 optimis
591 1283 650 1335 et
681 1275 1028 1337 fortissimis
1061 1275 1300 1338 civibus
1351 1275 1707 1338 monimenti
1743 1275 1979 1336 honore
2025 1275 2416 1350 persolvitur,
2490 1299 2493 1308 ·

316 1361 712 1421 consolemur
735 1375 945 1420 eorum
975 1360 1315 1435 proximos,
1348 1359 1576 1435 quibus
1597 1359 1830 1436 optima
1859 1367 1953 1419 est
1982 1356 2144 1420 hoec
2174 1360 2415 1436 quidem

315 1442 693 1506 consolatio:
741 1445 1130 1520 parentibu8‚
1183 1444 1353 1520 quod
1401 1453 1567 1505 tanta
1618 1443 1707 1504 rei
1773 1443 2061 1520 publicae
2111 1445 2418 1519 praesidio
2494 1469 2495 1482 ¹

315 1537 675 1605 genuerunt,
730 1528 969 1605 liberis,
1018 1529 1186 1606 quod
1232 1529 1546 1589 habebunt
1585 1528 1930 1590 domestica
1970 1530 2271 1605 exempla
2310 1530 2412 1589 vir·

315 1611 477 1685 tutiS,
511 1611 896 1690 conIugibus‚
936 1615 1106 1688 quod
1133 1614 1206 1674 iis
1244 1611 1392 1676 viris
1417 1612 1728 1684 carebunt,
1765 1629 1924 1688 quos
1947 1613 2209 1676 laudare
2243 1630 2413 1690 quam
2496 1613 2497 1672 l

316 1698 525 1771 lugere
564 1695 915 1771 praestabit,
950 1697 1255 1768 fratribuS,
1292 1697 1458 1773 quod
1488 1696 1551 1757 in
1586 1714 1659 1758 se
1686 1703 1753 1757 ut
1781 1712 2135 1772 corporum,
2184 1698 2279 1760 sie
2307 1696 2411 1757 vir·
2496 1711 2497 1784 ῃ

315 1787 507 1841 tutum
540 1779 1000 1843 similitudinem
1033 1798 1179 1843 esse
1211 1781 1545 1842 confident.
1631 1784 1840 1857 Atque
1869 1780 2103 1841 utinam
2134 1781 2239 1842 his
2295 1798 2411 1845 om·
2496 1791 2497 1804 ¹

311 1861 493 1925 nibus
520 1864 874 1940 abstergere
903 1864 1115 1928 fletum
1145 1864 1464 1926 sententiis
1496 1864 1727 1926 nostris
1748 1864 2182 1941 consultisque
2209 1882 2410 1941 posse·

313 1966 451 2010 mus
485 1949 581 2009 vel
612 1948 819 2026 aliqua
870 1947 1009 2012 talis
1041 1950 1117 2012 iis
1148 1948 1426 2011 adhiberi
1455 1948 1703 2026 publice
1751 1957 1968 2026 posset
2005 1950 2246 2026 oratio,
2301 1967 2411 2028 qua
2497 1919 2500 2079 Ι

314 2032 716 2109 deponerent
744 2050 1085 2096 maerorem
1140 2041 1331 2110 atque
1386 2035 1613 2097 luctum
1665 2035 2139 2111 gauderentque
2193 2033 2409 2113 potius,
2498 2082 2500 2091 .

316 2133 502 2191 quum
534 2119 732 2177 multa·
748 2124 809 2178 et
840 2118 1011 2179 varia
1048 2118 1474 2194 impenderent
1513 2117 1865 2180 hominibus
1906 2134 2143 2194 genera
2189 2118 2408 2187 mortis,

311 2199 373 2259 id
406 2216 635 2275 genuS,
670 2202 837 2276 quod
879 2211 1051 2265 esset
1095 2202 1599 2278 pulcherrimum,
1641 2202 1777 2264 suis
1828 2201 2133 2278 obtigisse
2180 2220 2409 2281 eosque

312 2300 427 2345 nec
471 2282 821 2346 inhumatos
865 2302 1012 2346 esse
1050 2303 1167 2347 nec
1210 2287 1526 2360 desertos,
1582 2287 1750 2363 quod
1793 2288 1998 2347 ta'rnen
2047 2288 2261 2363 ipsum
2305 2303 2405 2364 pro

311 2367 508 2444 pau-ia
537 2380 657 2428 non·
696 2369 1110 2447 miserandum
1145 2379 1410 2445 putatur,
1452 2386 1568 2432 nec
1612 2371 1917 2447 dispersis
1960 2371 2166 2433 bustis
2212 2370 2405 2433 humili

312 2453 627 2527 sepultura
668 2459 1003 2526 crematos,
1046 2454 1159 2514 sed
1202 2463 1525 2517 contectos
1565 2454 1830 2532 publicis
1879 2454 2180 2532 operibus
2233 2465 2405 2533 atquc

311 2536 667 2599 muneribus
704 2552 904 2613 euque
934 2537 1372 2614 exstructione,
1407 2555 1568 2615 quae
1598 2541 1678 2600 sit
1721 2539 1800 2600 ad
1830 2539 2191 2602 memoriam
2226 2546 2403 2602 aeter·

311 2620 512 2682 nitatis
555 2638 661 2681 ara
701 2620 977 2683 Virtutis.
1068 2621 1171 2684 35.
1230 2623 1421 2697 Quam
1474 2623 1555 2685 ob
1594 2639 1724 2683 rem
1777 2624 2109 2684 maximum
2152 2623 2402 2700 quidem

313 2705 612 2767 solacium
666 2704 780 2765 erit
840 2706 1329 2784 propinquorum
1395 2708 1614 2768 eodem
1680 2707 2056 2769 monimento
2113 2706 2403 2770 declarari

310 2798 372 2850 et
424 2789 704 2853 virtutem
754 2806 1005 2852 suorum
1063 2797 1123 2852 et
1152 2791 1368 2867 populi
1409 2790 1670 2853 Romani
1721 2792 2007 2866 pietatem
2053 2800 2118 2854 et
2159 2799 2402 2854 senatus

312 2873 494 2934 fidem
528 2882 587 2935 et
616 2872 1023 2936 crudelissimi
1061 2876 1417 2937 memoriam
1451 2875 1625 2937 belli=
1669 2874 1727 2935 in
1765 2893 1889 2952 quo
1926 2875 2045 2937 nisi
2089 2884 2264 2938 tanta
2304 2875 2401 2937 mi-

310 2956 479 3017 litum
537 2958 729 3020 virtus
795 2959 1164 3033 exstitisset,
1216 2959 1550 3036 parricidio
1602 2960 1683 3020 Μ.
1730 2959 1982 3022 Antonii
2028 2975 2258 3021 nomen
2299 2974 2398 3036 pe-

312 3040 439 3114 puli
484 3042 742 3102 Romani
786 3043 1140 3105 occidisset.
1229 3046 1437 3120 Atque
1479 3042 1657 3107 etiam
1704 3060 1966 3118 censeo,
2012 3054 2226 3121 patres
2267 3059 2399 3106 eou-

311 3123 557 3199 scripti‚
606 3142 768 3201 quae
810 3127 1084 3201 praemia
1130 3127 1418 3189 militibus
1465 3127 1855 3205 promisimus
1899 3145 2016 3190 nos
2056 3144 2127 3189 re
2167 3128 2398 3205 publicu

308 3217 674 3279 recuperata
750 3208 1115 3285 tributuros,
1180 3227 1253 3272 ea
1323 3212 1481 3273 vivis
1557 3211 2017 3289 victoribusque
2084 3214 2396 3286 cumulate,

217 3313 226 3321 ·
311 3303 496 3359 quum
570 3298 815 3363 tempus
885 3293 1146 3369 venerit,
1229 3296 1674 3371 persolvendae
1746 3296 1852 3373 qui
1913 3303 2116 3357 autem
2182 3313 2263 3357 ex
2312 3294 2397 3370 iis.

310 3368 533 3439 qulbus
568 3369 671 3429 illa
705 3372 1012 3445 promissa
1042 3387 1201 3451 sunt,
1233 3395 1348 3454 pro
1392 3381 1584 3455 patria
1628 3380 2004 3453 occiderunt,
2052 3394 2268 3441 eorum
2300 3395 2395 3455 pn·

297 3448 602 3533 *rentibus
632 3451 857 3525 liberiS,
891 3456 1288 3537 coniugibus,
1335 3463 1620 3524 fratribus
1652 3463 1867 3525 endem
1902 3463 2226 3525 tribuenda
2265 3477 2393 3523 een·-
