2514 3928
237 181 319 235 ιε,
863 166 1030 228 οΑΡ.
1068 175 1222 229 16-
1245 176 1333 230 is.
1396 173 1448 234 s.
1478 174 1732 231 38—43.
2207 121 2332 236 lia

231 322 349 385 Me
378 318 480 383 iiie
526 326 594 383 ut
635 318 1170 396 quinqueviratum
1198 317 1551 395 *acciperem
1581 321 1859 395 rogavit:
1904 321 2093 381 mein
2138 321 2332 383 tribus

233 407 368 467 sibi
413 402 930 469 coniunctissimis
973 402 1401 466 consularibus
1449 419 1594 466 esse
1634 402 1861 467 voluite
1902 401 2046 468 mihi
2075 404 2332 480 legatio·

233 505 392 554 nem
422 504 604 565 quam
637 487 885 562 venem,
930 496 1156 563 quanto
1186 504 1325 549 eum
1354 487 1592 551 honore
1620 488 1839 553 vetlem
1867 486 2098 551 detulit.
2165 488 2335 564 Quae

234 588 368 648 ego
400 571 603 635 omnia
632 588 757 637 non
778 571 1024 647 ‚ingrato
1057 572 1280 647 animo,
1312 572 1425 635 sed
1459 569 1868 635 obstinatione
1900 572 2164 647 quadam
2196 588 2332 633 sen·

236 654 475 719 tentiae
504 654 843 731 repudiavi.
895 655 1085 730 Quam
1117 656 1444 731 sapienter,
1478 671 1599 719 non
1633 655 1911 731 disputoz
1940 657 2144 719 multis
2175 656 2338 719 enim

235 756 371 801 non
401 739 711 816 probabo·
747 747 1101 805 constanter
1129 740 1376 816 quidem
1406 746 1468 804 et
1497 739 1733 803 fortiter
1763 746 1956 803 certe·
2003 739 2109 815 qui
2150 756 2338 814 quum

232 840 344 891 me
390 822 762 891 firmissimis
800 822 1036 901 opibus
1082 833 1296 887 eontra
1341 824 1549 887 scelus
1591 822 1980 889 inimieorum
2006 822 2240 887 munire
2280 828 2341 883 et

236 909 592 985 populares
633 895 900 984 im'petus
938 908 1228 989 populari
1272 906 1586 984 praesidio
1642 907 2011 985 propulsare
2066 922 2340 982 possem,

235 992 531 1068 quamvis
566 990 865 1068 exeipere
900 993 1239 1065 fortunam,
1280 991 1489 1054 subire
1517 991 1638 1053 vim
1670 999 1858 1067 atque
1898 990 2179 1054 iniuriam
2211 1006 2337 1052 ma·

233 1075 331 1138 lui
352 1091 548 1152 ¹quam
576 1082 686 1143 aut
716 1093 755 1134 a
784 1074 1007 1145 vestris
1036 1074 1442 1139 sanctissimis
1466 1074 1771 1138 mentibus
1795 1074 2100 1140 dissidere
2121 1082 2226 1137 aut
2260 1074 2341 1135 de

234 1176 386 1229 meo
431 1166 596 1221 statu
639 1156 967 1223 declinare.
1053 1156 1178 1218 Sed
1220 1174 1343 1219 non
1378 1158 1435 1219 is
1483 1160 1682 1220 solum
1713 1167 1922 1234 gratus
1949 1160 2145 1221 ‚debet
2172 1175 2337 1231 esse,

241 1240 360 1317 qui
395 1240 644 1314 aceepit
668 1239 1064 1310 beneficium,
1100 1255 1317 1303 >verum
1361 1239 1542 1303 etiam
1583 1242 1671 1314 is,
1721 1240 1821 1302 eui
1862 1251 2138 1317 potestas
2179 1240 2341 1303 acei-

243 1321 469 1400 piundi
519 1319 649 1383 suit.
719 1323 852 1397 Ego
888 1321 988 1385 ina
1015 1331 1384 1397 ornamenta,
1423 1321 1646 1398 quibus
1674 1322 1775 1384 ille
1806 1341 1905 1385 me
1936 1325 2208 1398 ornabat,
2238 1325 2340 1385 de·

245 1422 398 1478 cere
419 1421 519 1475 me
544 1412 606 1473 et
629 1405 959 1467 convenire
983 1404 1060 1471 iis
1082 1406 1290 1480 rebuS‚
1323 1422 1481 1481 quas
1512 1422 1845 1481 gesseram,
1869 1424 1992 1468 non
2021 1407 2339 1483 putabamz

244 1490 422 1561 illum
469 1486 715 1565 quidem
745 1488 942 1559 amieo
976 1488 1179 1553 animo
1208 1507 1306 1551 me
1334 1490 1563 1553 habere
1599 1490 1817 1551 eodem
1850 1491 1988 1551 loeo
2022 1507 2145 1566 quo
2180 1489 2343 1565 prin·

245 1573 454 1650 eipem
488 1589 715 1648 (avem,
758 1591 940 1637 suum
976 1590 1305 1649 generum,
1348 1573 1712 1639 sentiebam.
1799 1572 1901 1637 42.
1935 1573 2230 1635 Traduxit
2263 1573 2342 1634 ad

246 1657 537 1734 plebem
521 1655 828 1729 mimicum
854 1674 1073 1731 meum,
1106 1656 1242 1719 sive
1272 1657 1463 1722 iratus
1501 1655 1664 1732 mihi,
1697 1659 1864 1734 quod
1895 1673 1992 1721 me
2024 1673 2235 1719 secum
2263 1673 2341 1717 ne

246 1740 312 1802 in
340 1740 661 1813 benefieiis
695 1742 943 1818 quidem
972 1742 1219 1804 videbat
1249 1758 1440 1818 posse
1469 1740 1789 1817 coniungi,
1842 1741 1976 1805 sive
2022 1750 2340 1804 exoratus.

247 1825 339 1886 Ne
371 1824 527 1891 haee
558 1823 804 1900 quidem
837 1825 992 1887 fuit
979 1825 1214 1891 mim-ia.
1302 1827 1450 1891 Nam
1495 1833 1716 1901 postea
1758 1843 1854 1887 me
1885 1834 1951 1888 ut
1982 1825 2100 1886 sibi
2133 1841 2343 1888 essem

248 1911 490 1985 legatus
522 1911 874 1974 nonsoium
910 1909 1136 1985 suasit,
1177 1925 1388 1978 verum
1430 1910 1608 1973 etiam
1641 1910 1896 1987 rogavit.
1982 1909 2071 1971 Ne
2111 1909 2173 1971 id
2209 1907 2340 1987 qui-

252 1993 392 2054 dem
424 1993 671 2068 aceepit
712 2011 834 2056 non
867 2011 991 2071 quo
1024 1993 1289 2056 alienum
1325 2011 1463 2056 mea
1502 1993 1792 2069 dignitate
1822 1994 2180 2067 arbitrarer,
2227 1993 2338 2054 sed

255 2078 421 2152 quod
464 2084 693 2146 tantum
734 2077 822 2137 rei
866 2078 1149 2153 publicae
1192 2077 1450 2154 sceleris*
1487 2077 1842 2154 impendere
1890 2095 1928 2139 n
1974 2077 2337 2138 consulibus

256 2158 551 2237 proximis
584 2178 706 2222 non
739 2160 1120 2237 suspicabar.

377 2244 590 2304 XVIII.
635 2245 796 2319 Ergo
837 2246 1039 2312 adhue
1067 2244 1263 2321 magis
1296 2255 1393 2309 est
1421 2245 1562 2312 mihi
1600 2247 1934 2314 verendum
1964 2262 2043 2306 ne
2072 2261 2209 2306 mea
2235 2261 2336 2307 su·

257 2327 468 2405 perbia
514 2327 574 2389 in
608 2327 784 2402 ‚illius
830 2328 1220 2405 liberalitate,
1262 2347 1443 2407 quam
1478 2347 1555 2392 ne
1575 2329 1746 2394 iilius
1773 2328 1999 2396 iniuria
2026 2327 2085 2388 in
2122 2337 2337 2390 nostra

257 2410 519 2473 amicitia
559 2410 1060 2487 reprehendatur.
1162 2411 1266 2484 43.
1320 2414 1485 2473 Eece
1538 2412 1641 2473 illa
1689 2417 2061 2489 tempestas,
2137 2410 2337 2488 caligo

257 2495 557 2557 bonorum
599 2503 660 2557 et
701 2495 902 2558 subita
949 2506 1135 2572 atque
1179 2494 1519 2572 improvisa
1561 2498 1855 2571 formido,
1913 2495 2205 2566 tenebrae
2247 2493 2339 2556 rei

260 2578 556 2656 publicae,
585 2579 762 2640 ruina
786 2587 971 2656 atque
992 2578 1343 2640 incendium
1372 2578 1654 2653 civitatis,
1682 2589 1882 2642 terror
1901 2577 2163 2639 iniectus
2188 2577 2336 2638 Cae·

262 2660 380 2723 sari
402 2663 481 2723 de
504 2663 638 2725 eius
660 2661 834 2736 aeth,
866 2671 1064 2725 metus
1094 2661 1305 2724 caedis
1327 2661 1508 2722 bonis
1533 2664 1836 2736 omnibuS‚
1860 2662 2180 2723 consulum
2205 2676 2339 2723 sce-

259 2745 388 2818 Ιιιε,
419 2745 751 2823 cupiditas,
781 2755 1058 2822 egestas,
1101 2745 1379 2807 audacia.
1480 2744 1545 2805 Si
1577 2763 1697 2807 non
1729 2762 1866 2812 sum
1894 2744 2171 2818 adiutus,
2216 2761 2341 2806 non
2395 2811 2398 2812 ⁷

262 2829 504 2891 debuit=
548 2830 602 2893 si
633 2831 933 2905 desertus,
967 2829 1085 2891 sibi
1110 2831 1374 2892 fortasse
1402 2827 1698 2906 providit:
1728 2828 1782 2891 si
1817 2828 1995 2890 etiam
2022 2845 2341 2907 oppugna·
2373 2875 2376 2876 ν

262 2922 384 2987 ιιιε,
428 2923 492 2976 ut
522 2913 769 2991 quidam
806 2922 910 2976 aut
941 2921 1152 2990 putant
1196 2923 1303 2976 aut
1343 2914 1588 2988 volunt,
1633 2913 1861 2976 violata
1902 2912 2169 2976 amicitia
2211 2921 2370 2975 esu.-

262 2996 473 3073 aeeepi
499 2995 810 3059 iniuriamz
843 2996 1127 3058 inimicus
1158 3014 1302 3060 esse
1328 2997 1543 3072 debui,
1572 3015 1692 3062 non
1720 3014 1911 3076 nego=
1939 2998 2076 3072 sed,
2096 2996 2154 3061 si
2176 2996 2341 3058 idem

262 3079 357 3140 iiie
380 3089 503 3142 tum
540 3099 638 3143 me
670 3083 905 3143 salvum
952 3097 1095 3143 esse
1128 3081 1349 3155 voluit,
1375 3098 1561 3158 quum
1597 3100 1711 3145 vos
1742 3098 1841 3145 me
1861 3092 1930 3145 ut
1953 3080 2340 3154 carissimum

262 3163 444 3225 filium
477 3165 953 3239 desiderabatis,
993 3169 1056 3226 et
1079 3162 1131 3226 si
1162 3181 1280 3227 vos
1310 3164 1497 3227 iidem
1524 3166 1833 3243 pertinere
1866 3166 1947 3230 ad
1988 3180 2239 3240 eausam
2270 3163 2337 3221 ii·

263 3250 374 3308 lam
406 3250 743 3326 putabatis,
792 3251 1161 3312 voluntatem
1193 3247 1477 3312 Caesaris
1507 3266 1544 3311 a
1573 3251 1767 3312 salute
1796 3266 1935 3311 mea
1963 3265 2089 3309 non
2118 3247 2338 3318 abhor-

266 3347 393 3392 rere
433 3341 524 3408 et,
565 3332 621 3395 si
647 3332 809 3395 illius
852 3332 1179 3396 voluntatis
1208 3348 1501 3409 generum
1544 3332 1678 3396 eius
1705 3331 1905 3394 habeo
1938 3338 2189 3398 testem,
2232 3327 2346 3399 qui

169 3464 180 3474 .
265 3411 419 3477 idem
446 3417 676 3558 Itfiliam
704 3414 766 3477 in
800 3414 1174 3494 municipiis,
1219 3418 1520 3495 populum
1553 3413 1993 3546 Romanumgin
2029 3409 2340 3469 contione.

341 3515 450 3559 cxc,
543 3538 555 3555 .
593 3509 646 3563 a.

2265 3635 2297 3653 -1
