2514 3928
368 279 491 340 2136
640 278 718 337 IN
749 279 830 337 Μ.
863 278 1267 340 ANTONIUM
1299 276 1586 340 ORATIO
1617 277 2045 339 PHILIPPICA
2082 279 2203 339 XI.
2386 290 2449 341 135

367 452 531 505 recta
567 443 890 516 sententia,
921 464 999 506 ne
1032 446 1192 507 victa
1223 445 1473 522 quidem
1507 462 1698 507 causa
1727 445 2153 521 vituperanda
2195 456 2325 509 est.
2382 450 2448 509 Ad

360 529 481 588 ‘has
533 529 745 604 copias
799 532 1099 591 accedent
1145 530 1243 590 alii
1297 547 1509 607 reges,
1567 531 1747 591 etiam
1801 531 2076 591 dilectus
2137 533 2448 593 accedent

367 611 469 672 35.
501 613 715 687 Neque
741 630 888 672 vero
923 617 1157 675 classes
1189 616 1482 676 deerunt:
1516 613 1665 674 tanti
1694 613 1863 688 Tyrii
1886 614 2189 674 Cassium
2224 615 2449 676 faciunt

365 698 517 756 tanti
563 696 695 758 eius
738 696 796 756 in
842 697 1023 775 Syria
1051 715 1273 759 nomen
1310 705 1498 774 atque
1529 696 1836 758 Phoenice
1878 704 1992 757 est.
2073 698 2264 760 XIV.
2302 702 2449 760 Para·

361 789 493 841 tum
535 781 723 841 habet
755 780 1186 857 imperatorem
1225 783 1290 843 C.
1323 780 1633 848 Cassium,
1680 790 1889 857 patres
1923 781 2330 859 conscripti,
2376 800 2447 843 ret

365 864 615 941 publica
647 872 861 927 contra
889 867 1271 926 Dolabellam
1301 883 1417 926 nec
1440 873 1717 942 paratum
1751 866 1952 925 solum
1972 912 1985 935 ‚
2037 868 2164 926 sed
2207 867 2445 943 peritum

368 957 555 1024 atque
604 950 841 1010 fortem.
927 952 1185 1025 Magnas
1228 950 1332 1011 ille
1371 967 1473 1010 res
1515 948 1712 1025 gessit
1753 956 1895 1008 ante
1942 948 2198 1021 Bibuli,
2253 949 2443 1012 summi

366 1033 515 1104 viri,
557 1034 917 1105 adventum,
960 1050 1145 1107 quum
1175 1033 1537 1094 Parthorum
1570 1032 1984 1092 nobilissimos
2028 1034 2256 1094 duces
2293 1033 2441 1094 maxi

367 1134 625 1189 masque
670 1117 883 1190 copias
920 1117 1076 1177 fudit
1106 1115 1476 1193 Syriamque
1516 1115 1759 1177 immani
1803 1116 2191 1178 Parthorum
2242 1120 2439 1194 impetu

366 1199 666 1261 liberavit.
714 1200 1040 1259 Maximam
1068 1200 1202 1262 eius
1234 1208 1291 1259 el
1315 1199 1688 1276 singularem
1714 1201 1956 1259 laudem
1983 1204 2437 1275 praetermitto:

370 1282 553 1344 Cuius
588 1284 745 1343 enim
773 1283 1150 1359 praedicatio
1177 1285 1449 1344 nondum
1477 1284 1760 1345 omnibus
1790 1285 1967 1354 grata
1990 1292 2117 1357 est,
2151 1285 2331 1347 hanc
2350 1303 2437 1347 me

368 1368 600 1428 moriae
644 1368 847 1443 potius
899 1384 1080 1443 quam
1138 1367 1313 1429 vocis
1360 1366 1714 1429 testimonio
1775 1383 2272 1429 conservemus,
2364 1371 2433 1432 36.

366 1451 815 1522 Animadverti,
864 1459 1072 1527 patres
1112 1451 1475 1527 conscripti,
1527 1450 1814 1512 exaudivi
1857 1451 2077 1522 etiam,
2127 1452 2384 1516 nimium
2411 1470 2434 1512 a

369 1553 466 1595 me
493 1537 778 1615 Brutum,
824 1535 1074 1595 nimium
1103 1534 1378 1595 Cassium
1419 1534 1654 1596 ornari:
1703 1536 1915 1595 Cassio
1950 1551 2111 1597 vero
2147 1538 2433 1601 sententia

366 1636 505 1679 mea
564 1619 940 1680 dominatum
995 1627 1055 1679 et
1108 1619 1515 1694 principatum
1575 1617 1726 1679 dari.
1836 1619 2006 1692 Quos
2074 1636 2207 1696 ego
2271 1623 2432 1684 orno!

366 1720 591 1778 nempe
633 1721 775 1776 eos,
831 1703 933 1777 qui
974 1702 1092 1777 ipsi
1134 1711 1279 1763 sunt
1322 1710 1683 1764 ornamenta
1717 1702 1807 1763 rei
1854 1701 2165 1777 publicae.
2270 1705 2431 1781 Quidl

364 1788 437 1848 D.
470 1789 723 1848 Brutum
765 1803 971 1847 nonne
1014 1786 1298 1847 omnibus
1335 1786 1656 1848 sententiis
1700 1803 1949 1861 semper
1982 1787 2267 1849 ornavi?
2310 1792 2430 1849 Num

365 1871 549 1946 igitur
569 1870 1058 1947 reprehenditis?
1094 1874 1191 1931 An
1208 1870 1516 1931 Antonios
1540 1869 1748 1946 potius
1772 1886 2080 1943 ornarem,
2109 1887 2246 1932 non
2272 1874 2432 1934 modo

368 1971 614 2015 suarum
660 1956 1048 2026 familiarum,
1093 1956 1208 2017 sed
1243 1955 1501 2016 Romani
1538 1953 1802 2016 nominis
1835 1954 2068 2031 probra
2105 1964 2315 2032 atque
2356 1958 2433 2017 de·

370 2040 636 2100 decora?
680 2058 755 2100 an
801 2039 1204 2102 Censorinum
1242 2056 1486 2113 ornem,
1540 2040 1601 2101 in
1646 2041 1809 2100 bello
1853 2039 2135 2111 hostem,
2186 2041 2257 2101 in
2308 2056 2437 2118 pace

368 2126 715 2184 sectorem?
770 2127 867 2184 An
918 2132 1126 2185 cetera
1164 2139 1245 2185 ex
1288 2125 1507 2184 eodem
1550 2122 1869 2184 latrocinio
1913 2124 2252 2199 naufragia
2300 2124 2435 2187 colli·

366 2209 547 2282 gam?
589 2210 720 2284 Ego
760 2225 909 2270 vero
954 2208 1108 2268 istos
1147 2207 1283 2279 otii,
1329 2206 1734 2279 concordiae,
1777 2209 2009 2282 legum,
2047 2206 2432 2277 iudiciorum,

368 2290 664 2350 libertatis
690 2291 970 2352 inimicos
997 2299 1228 2352 tantum
1256 2291 1436 2352 abest
1456 2299 1526 2352 ut
1550 2306 1781 2362 ornem,
1813 2298 1882 2350 ut
1904 2290 2068 2350 effici
2095 2307 2232 2352 non
2262 2292 2432 2369 possit

371 2375 513 2447 quin
552 2391 663 2435 eos
705 2382 823 2434 tam
864 2375 1096 2436 oderim
1131 2392 1312 2450 quam
1343 2391 1471 2434 rem
1503 2375 1808 2450 publicam
1841 2372 2051 2449 diligo·
2133 2375 2245 2436 37.
2284 2379 2431 2439 Vide,

367 2458 593 2532 inquit,
627 2473 704 2518 ne
727 2465 1065 2520 veteranos
1098 2459 1400 2520 offendas.
1475 2461 1609 2520 Hoc
1642 2457 1799 2517 enim
1828 2460 1931 2517 vel
1960 2458 2244 2520 maxime
2278 2477 2431 2523 exau·

349 2542 493 2604 dic.
555 2543 687 2617 Ego
719 2551 919 2603 autem
955 2551 1286 2604 veteranos
1323 2541 1477 2603 tueri
1512 2543 1732 2613 debeo,
1772 2542 1887 2603 sed
1920 2557 2052 2614 eOS,
2094 2543 2335 2616 quibus
2365 2560 2430 2604 sa-

366 2626 526 2689 nitas
561 2634 674 2699 est,
710 2634 878 2687 certe
907 2625 1122 2687 timere
1151 2643 1273 2688 non
1310 2626 1530 2686 debeo.
1593 2627 1720 2687 Eos
1753 2643 1904 2686 vero
1942 2632 2322 2701 veteranos,
2356 2625 2430 2702 qui

366 2728 480 2788 pro
527 2727 595 2771 re
624 2711 867 2787 publica
908 2726 1076 2770 arma
1119 2716 1420 2786 ceperunt
1459 2709 1783 2785 secutique
1824 2716 1973 2769 sunt
2013 2708 2077 2768 C.
2120 2710 2429 2773 Caesarem

368 2803 684 2856 auctorem
708 2793 1149 2855 beneficiorum
1178 2801 1599 2869 paternorum,
1633 2792 1947 2868 hodieque
1974 2809 2106 2852 rem
2140 2796 2429 2868 publicam

368 2882 709 2941 defendunt
736 2894 874 2939 curn
907 2893 1130 2959 magno
1161 2874 1460 2953 periculo,
1494 2894 1616 2937 non
1649 2876 1809 2938 tucri
1839 2879 2078 2948 solum,
2117 2880 2239 2938 sed
2277 2880 2428 2940 etiam

367 2963 711 3024 commodis
743 2979 975 3039 augere
1002 2962 1224 3022 debeo·
1308 2959 1422 3036 Qui
1452 2968 1656 3021 autem
1688 2961 2032 3036 quiescunt,
2064 2967 2138 3019 ut
2166 2964 2427 3038 septima.

364 3053 437 3106 ut
475 3053 697 3105 octava
728 3046 921 3122 legio,
966 3045 1025 3105 in
1073 3061 1298 3121 magna
1337 3044 1534 3121 gloria
1581 3051 1644 3104 et
1680 3044 1863 3104 laude
1908 3046 2252 3119 ponendos
2286 3055 2428 3123 pulo.

315 3152 320 3158 ·
370 3128 639 3188 Comites
693 3144 846 3190 vero
898 3128 1181 3201 Antonii,
1238 3128 1388 3204 qui,
1426 3135 1760 3204 postquam
1811 3126 2117 3188 beneficia
2166 3128 2426 3191 Caesaris

369 3212 804 3284 comederunt,
836 3215 1150 3274 consulem
1178 3213 1567 3289 designatum
1600 3210 2077 3280 obsident,<huic
2109 3213 2255 3273 urbi
2287 3216 2423 3274 ferro

366 3294 616 3370 ignique
658 3295 1035 3369 minitantur,
1084 3297 1290 3359 Saxae
1330 3314 1403 3358 se
1457 3305 1516 3357 et
1557 3295 1769 3358 Cafoni
1812 3294 2204 3356 tradiderunt
2244 3299 2328 3358 ad
2368 3299 2425 3356 ia·

370 3379 544 3438 cinus
589 3380 1012 3455 praedamque
1053 3382 1245 3452 natiS,
1290 3398 1435 3442 num
1477 3379 1616 3456 quis
1661 3388 1762 3442 est
1790 3379 1895 3455 qui
1931 3381 2208 3442 tuendos
2236 3379 2428 3459 putet?

365 3463 531 3536 Ergo
581 3468 686 3521 aut
730 3461 877 3522 boni
919 3472 1091 3536 sunt,
1142 3482 1304 3542 quos
1351 3467 1532 3528 etiam
1569 3481 1824 3537 ornare,
1863 3471 1971 3525 aut
2012 3464 2249 3540 quieti,
2296 3480 2430 3543 quos

371 3560 750 3604 conservare
799 3546 1129 3621 debemus,
1186 3558 1293 3611 aut
1349 3549 1547 3627 impii,
1607 3566 1869 3626 quorum
1914 3557 2137 3611 contra
2181 3552 2437 3614 furorem
