2514 3928
229 187 379 282 ,202
785 187 939 249 PRO
971 188 1443 251 cN.1>LANcio
1479 188 1791 249 camo.
2233 196 2364 248 104

243 354 571 428 stratibus]
596 355 892 417 defensor
915 355 1131 417 salutis
1155 371 1331 416 meae
1351 374 1466 416 -2
1498 355 1598 416 cui
1631 363 1883 416 senatus
1917 371 2033 432 pro
2065 373 2170 416 me
2190 372 2361 431 gra·

240 439 373 498 tias
396 439 671 514 agendas
690 439 949 516 putavit,
975 439 1032 500 ei
1055 456 1171 515 ego
1196 456 1237 499 a
1257 456 1358 500 me
1377 440 1765 500 referendam
1782 441 2038 514 gratiam
2064 456 2193 501 non
2221 457 2359 516 pu-

246 529 419 582 tem?
465 523 674 596 Atque
705 523 859 584 haec
896 539 1084 599 quum
1120 521 1327 595 vides,
1366 539 1489 598 quo
1521 538 1621 583 me
1653 524 1896 583 tandem
1931 523 1990 584 in
2023 532 2086 585 te
2114 524 2353 584 animo

236 614 431 682 putas
454 619 619 678 esse,
652 603 1047 664 Laterensis?
1077 604 1266 663 ullum
1290 618 1434 665 esse
1458 610 1690 664 tantum
1718 600 2077 678 periculum,
2104 610 2366 664 tantum

240 689 555 761 laborem,
600 696 825 749 tantam
872 686 1325 748 contentionem
1361 702 1544 761 quam
1574 701 1690 760 ego
1721 702 1844 746 non
1873 687 2059 746 modo
2093 702 2219 761 pro
2248 703 2367 746 sa-

236 777 372 834 lute
415 779 545 844 tua,
591 773 705 832 sed
747 770 927 832 etiam
970 787 1083 846 pro
1129 769 1423 845 dignitate
1474 769 1863 844 defugerem?
1909 769 2042 843 Quo
2087 769 2362 844 quidem

236 856 431 918 etiam
461 855 658 930 magis
694 871 827 915 sum
864 871 987 914 non
1019 853 1219 915 dicam
1251 853 1442 914 miser
1485 889 1566 899 —
1617 869 1755 912 nam
1795 852 1918 915 hoc
1950 853 2202 928 quidem
2239 854 2361 914 ab·

244 941 456 1002 horret
483 955 520 998 a
549 938 768 999 virtute
793 939 1044 998 verbum
1057 970 1161 1012 ——,
1177 938 1296 998 sed
1328 945 1491 998 certe
1513 937 1835 1010 exercitus,
1863 953 1987 997 non
2013 936 2162 1011 quia
2186 938 2356 998 mul—

238 1023 327 1085 tis
360 1023 559 1083 debeo
588 1053 672 1065 -
710 1023 845 1081 leve
880 1023 1040 1082 enim
1076 1028 1171 1081 est
1204 1037 1362 1082 onus
1391 1019 1677 1081 beneficii
1698 1020 1892 1096 gratia
1911 1053 2014 1093 —,
2040 1022 2157 1081 sed
2192 1020 2357 1095 quia

245 1122 441 1181 saepe
471 1112 842 1166 concurrunt
874 1112 1130 1180 propter
1157 1106 1504 1180 aliquorum
1545 1105 1705 1166 bene
1737 1105 1816 1166 de
1853 1121 1950 1165 me
1985 1104 2354 1165 meritorum

244 1189 403 1250 inter
432 1187 609 1264 ipsos
640 1187 1098 1262 contentiones,
1130 1197 1196 1249 ut
1224 1190 1443 1250 eodem
1473 1198 1749 1264 tempore
1773 1189 1833 1248 in
1868 1204 2082 1249 omnes
2117 1204 2355 1249 verear

236 1272 462 1334 ne-vix
498 1272 734 1348 possim
770 1279 981 1348 gratus
1017 1272 1232 1334 videri.

371 1354 472 1418 79.
497 1356 622 1417 Sed
646 1374 760 1432 ego
792 1359 951 1420 haec
972 1358 1125 1418 meis
1160 1356 1537 1432 ponderibus
1566 1356 1951 1429 examinabo,
1983 1372 2105 1416 non
2131 1358 2344 1416 solum

235 1441 399 1518 quid
419 1440 642 1516 cuique
665 1440 941 1516 debeam,
977 1442 1089 1502 sed
1114 1440 1294 1501 ctiam
1331 1441 1479 1517 quid
1502 1440 1804 1514 cuiusque
1832 1438 2069 1500 intersit
2092 1447 2163 1513 flet
2186 1440 2344 1514 quid

244 1545 284 1590 a
323 1541 420 1586 mc
450 1525 755 1599 cuiusque
785 1534 1025 1600 tempus
1057 1531 1293 1599 poscat.
1334 1525 1597 1584 XXXIII.
1629 1523 1846 1598 Agitur
1876 1522 2140 1584 studium
2166 1530 2344 1584 tuum

138 1672 141 1673 γ
241 1612 348 1671 wel
383 1608 683 1682 etiam,‘si
718 1608 832 1682 vis,
865 1607 1264 1681 existimatio,
1308 1609 1444 1668 laus
1474 1607 1829 1668 aedilitatis=
1876 1614 1940 1667 at
1969 1606 2073 1666 Cn.
2104 1606 2340 1666 Plancii

247 1694 436 1767 salus,
466 1691 684 1769 patria,
712 1693 1010 1752 fortunae.
1093 1691 1346 1751 Salvum
1379 1701 1444 1752 tu
1471 1708 1569 1751 me
1602 1707 1745 1751 esse
1774 1691 2027 1765 cupisti=
2058 1689 2159 1749 hic
2193 1688 2339 1752 fecit

237 1775 430 1839 etiam
459 1783 528 1836 ut
557 1790 700 1835 esse
729 1790 1003 1850 possem.
1072 1772 1383 1834 Distineor
1410 1784 1610 1835 tamen
1641 1782 1701 1834 et
1729 1774 1989 1834 divellor
2017 1773 2238 1834 dolore
2272 1782 2338 1836 et

245 1860 307 1922 in
339 1875 529 1919 causa
562 1857 797 1933 dispari
832 1856 1064 1918 offendi
1106 1864 1166 1918 te
1201 1873 1240 1917 a
1283 1874 1379 1917 mc
1410 1859 1613 1928 doleo,
1646 1857 1789 1928 sed,
1822 1871 1920 1916 me
1955 1857 2095 1918 dius
2125 1856 2334 1931 fidiuS,

239 1944 436 2005 multo
470 1941 648 2003 citius
682 1957 878 2003 meam
909 1942 1166 2004 salutem
1203 1958 1319 2018 pro
1348 1948 1409 2003 te
1438 1941 1720 2004 abiecero
1754 1959 1936 2019 quam
1967 1941 2071 2002 Cn.
2100 1940 2335 2001 Plancii

238 2028 505 2089 salutem
532 2025 841 2092 tradidero
868 2026 1241 2089 contentioni
1267 2036 1428 2089 tuae.
1456 2026 1559 2090 80.
1582 2027 1837 2100 Etenim,
1864 2025 2117 2098 iudiceS,
2145 2043 2331 2100 quum

240 2111 534 2175 omnibus
583 2109 902 2172 virtutibus
933 2127 1032 2172 me
1076 2112 1383 2172 adfectum
1427 2128 1570 2172 esse
1605 2111 1824 2186 cupio,
1861 2118 2002 2171 tum
2046 2108 2194 2168 nihil
2235 2119 2335 2171 est

242 2195 420 2271 quod
454 2193 654 2254 malim
704 2211 888 2268 quam
926 2211 1027 2255 me
1065 2204 1126 2255 et
1154 2211 1297 2255 esse
1327 2199 1559 2270 gratum
1602 2199 1664 2256 e't
1692 2195 1904 2255 vide-ri.
1958 2195 2125 2255 Haec
2170 2192 2332 2253 enim

253 2283 352 2337 est
394 2292 517 2335 una
560 2275 754 2336 virtus
799 2291 922 2338 non
976 2279 1174 2340 solum
1205 2279 1501 2353 maxima,
1542 2279 1654 2339 sed
1698 2277 1880 2339 etiam
1921 2284 2112 2338 mater
2147 2276 2330 2337 virtu-

242 2368 376 2421 tum
408 2360 676 2420 omnium
708 2361 1098 2437 reliquarum.
1157 2362 1312 2436 Quid
1343 2372 1439 2424 est
1469 2362 1663 2439 pietas
1693 2362 1811 2422 nisi
1843 2363 2129 2423 voluntas
2158 2368 2331 2435 grata

244 2441 309 2503 in
347 2450 677 2518 parentes?
724 2445 829 2520 qui
859 2455 1000 2507 sunt
1026 2446 1173 2506 boni
1206 2447 1408 2517 civeS,
1449 2445 1554 2522 qui
1582 2445 1752 2518 belli,
1788 2445 1892 2520 qui
1917 2443 2083 2504 domi
2116 2444 2191 2503 de
2217 2461 2329 2518 pa-

242 2524 364 2588 tria
391 2527 550 2588 bene
579 2538 917 2602 merentes,
957 2530 1075 2589 nisi
1119 2530 1224 2605 qui
1264 2530 1494 2605 patriae
1542 2528 1848 2590 beneficia
1888 2528 2330 2589 meminerunt?

240 2611 355 2687 -qui
400 2613 612 2686 sancti,
636 2611 741 2689 qui
764 2612 1125 2687 religionum
1151 2616 1456 2687 colentes,
1492 2612 1610 2674 nisi
1656 2613 1759 2689 qui
1795 2611 2066 2673 meritam
2096 2611 2191 2671 dis
2220 2612 2326 2671 im-

246 2696 609 2758 mortalibus
638 2698 891 2772 gratiam
915 2698 1092 2759 iustis
1121 2698 1459 2759 honoribus
1494 2706 1556 2758 et
1588 2696 1840 2758 memori
1869 2705 2067 2757 mente
2095 2696 2322 2770 persol-

244 2788 442 2841 vunt?
480 2780 649 2854 Quae
693 2790 900 2858 potest
938 2798 1081 2843 esse
1128 2782 1288 2843 vitae
1331 2780 1676 2842 iucunditas
1722 2779 1977 2841 sublatis
2011 2777 2324 2839 amicitiis?

245 2879 413 2937 quac
445 2879 633 2938 porro
663 2865 928 2926 amicitia
959 2873 1167 2940 potest
1200 2880 1346 2925 csse
1373 2864 1531 2925 inter
1563 2865 1878 2940 ingratos?
1915 2861 2018 2925 81.
2056 2862 2200 2937 Quis
2230 2872 2321 2923 est

249 2953 530 3005 nostrum
561 2947 890 3009 liberaliter
911 2948 1210 3008 educatus
1247 2947 1345 3007 cui
1369 2965 1490 3009 non
1516 2949 1899 3022 educatores,
1932 2946 2030 3007 cui
2055 2963 2174 3007 non
2200 2962 2315 3005 ma·

247 3026 423 3103 gistri
459 3028 554 3088 sui
579 3036 764 3103 atque
793 3032 1114 3105 doctores,
1161 3030 1257 3090 cui
1298 3049 1421 3093 non
1467 3034 1641 3094 locus
1669 3031 1807 3107 ipse
1834 3038 2039 3092 mutus
2073 3032 2194 3103 ille,
2220 3030 2316 3090 ubi

248 3110 437 3172 alitus
463 3119 569 3171 aut
598 3111 819 3173 doctus
842 3121 955 3186 est,
988 3130 1125 3174 cum
1148 3124 1319 3190 grata
1347 3115 1775 3177 recordatione
1803 3116 1863 3174 in
1897 3123 2099 3175 mente
2122 3129 2314 3174 versc-

240 3201 385 3255 tur?
408 3193 593 3255 Cuius
616 3211 769 3271 opes
791 3203 994 3257 tantae
1017 3214 1160 3259 esse
1186 3209 1453 3274 possunt
1471 3209 1574 3261 aut
1593 3215 1881 3274 umquam
1906 3200 2149 3259 fuerunt
2168 3212 2314 3273 quae

251 3278 386 3338 sine
419 3279 740 3341 multorum
782 3278 1116 3342 amicorum
1157 3283 1380 3345 officiis
1421 3291 1585 3345 stare
1628 3284 1912 3358 possint?
1964 3298 2123 3356 quae
2165 3287 2314 3341 certe

251 3360 493 3424 sublata
534 3363 828 3425 memoria
867 3371 928 3425 et
954 3366 1148 3440 gratia
1176 3368 1344 3429 nulla
1384 3376 1627 3429 exstare
1657 3375 1939 3442 possunt.
2028 3364 2312 3439 Equidem

241 3443 395 3506 nihil
427 3454 544 3509 tam
574 3447 892 3526 proprium
926 3448 1187 3513 hominis
1224 3452 1505 3514 existimo
1550 3467 1731 3528 quam
1765 3467 1889 3512 non
1925 3450 2107 3509 modo
2141 3448 2311 3509 bene·
