2514 3928
319 242 442 305 432
575 243 656 302 m
684 245 765 303 M.
799 243 1205 305 ΑΝΤοΝιυΜ
1233 242 1518 305 onA‘no
1549 243 1979 305 PHILIPPch
2012 243 2120 304 ΧῙ.
2176 122 2493 330 q

319 408 599 469 derivare
634 424 820 469 curae
859 418 923 470 et
954 408 1344 485 cogitationis
1379 419 1542 471 tuae.
1633 408 1699 469 Si
1741 418 1943 469 autem
1975 410 2118 471 fieri
2161 423 2442 487 posset,

319 493 420 551 vel
445 494 656 566 plures
680 500 741 552 te
768 491 1008 553 animos
1030 492 1261 553 habere
1284 496 1528 564 vellem,
1561 508 1722 569 quos
1747 509 1964 553 omnes
1986 495 2074 554 ad
2096 495 2442 557 Mutinam

317 574 690 636 intenderes.
759 576 936 650 Quod
970 576 1260 650 quoniam
1300 575 1434 636 fieri
1471 593 1593 636 non
1628 583 1868 650 potest,
1911 578 2035 638 isto
2070 587 2139 639 te
2181 581 2437 650 animo,

319 673 503 733 quem
534 657 727 719 habes
749 659 1343 734 praestantissimum
1368 666 1555 736 atque
1580 658 1894 734 optimum,
1925 659 2079 720 nihil
2105 664 2436 723 volumus

318 742 437 802 nisi
465 742 545 802 de
572 743 763 803 Bruto
790 740 1079 817 cogitare.
1135 740 1237 802 23.
1264 743 1440 803 Facis
1469 750 1536 803 tu
1560 742 1623 804 id
1646 743 1891 817 quidem
1924 751 1988 803 et
2013 758 2099 804 eo
2133 745 2437 806 maxime

321 824 654 899 incumbis,
688 834 754 887 ut
781 825 1077 901 intelligo,
1118 826 1279 886 duas
1309 834 1511 886 tamen
1538 842 1660 897 res,
1706 842 1962 901 magnas
1996 830 2430 903 praesertim,

325 926 447 970 non
480 909 666 969 modo
695 924 883 984 agere
910 924 1034 969 uno
1064 914 1361 985 tempore,
1404 910 1519 970 sed
1543 926 1622 969 ne
1646 910 1976 987 cogitando
2004 909 2291 986 quidem
2321 928 2428 972 ex·

320 993 553 1067 plicare
584 992 909 1067 quisquam
937 997 1162 1066 potest.
1225 992 1487 1053 Incitare
1516 1000 1578 1053 et
1604 992 1985 1054 inflammare
2022 999 2223 1054 tuum
2258 995 2427 1056 istuc

321 1074 916 1150 praestantissimum
940 1075 1227 1146 studium,
1261 1092 1385 1136 non
1409 1076 1489 1136 ad
1512 1075 1691 1135 aliam
1714 1078 1835 1137 ulla
1871 1092 1950 1137 ex
1971 1083 2167 1151 parte
2193 1093 2424 1139 curam

315 1160 658 1222 transferre*
675 1157 993 1218 debemuS.

439 1244 512 1303 X.
562 1241 745 1303 Adde
794 1239 952 1303 istuc
1011 1255 1334 1301 sermones
1385 1238 1728 1311 hominum,
1786 1238 1947 1297 adde
2010 1239 2439 1317 suspitiones,

315 1326 478 1388 adde
507 1323 821 1386 invidiam.
907 1325 1147 1385 Imitare
1175 1338 1303 1396 me,
1349 1339 1533 1397 quem
1576 1333 1643 1384 tu
1677 1336 1925 1397 semper
1965 1322 2297 1384 laudastiz
2343 1323 2435 1400 qui

315 1410 673 1473 instructam
721 1417 1118 1484 ornatamque
1153 1422 1192 1466 a
1221 1415 1440 1468 senatu
1476 1405 1855 1483 provinciam
1883 1405 2199 1481 deposui,
2250 1416 2327 1469 ut
2354 1407 2432 1468 in·

318 1494 601 1557 cendium
627 1493 861 1570 patriae
883 1492 1117 1555 omissa
1141 1490 1306 1552 omni
1332 1489 1703 1567 cogitatione
1724 1489 2206 1565 restinguerem.
2243 1492 2430 1553 Nemo

317 1579 431 1641 erit
462 1587 705 1655 praeter
731 1594 920 1640 unum
952 1593 1069 1649 me,
1106 1575 1353 1651 quicum
1377 1575 1677 1651 protecto,
1707 1574 1762 1634 si
1795 1571 1940 1649 quid
1973 1573 2308 1636 interesse
2337 1584 2426 1638 tun

319 1672 627 1740 putasses,
662 1677 775 1738 pro
801 1677 1038 1724 summa
1058 1658 1462 1721 familiaritate
1485 1667 1694 1720 nostra
1719 1655 2297 1732 communicasse&
2332 1658 2425 1736 qui

320 1748 528 1807 credat
549 1755 609 1807 te
632 1744 819 1807 invito
847 1743 1226 1821 provinciam
1249 1742 1357 1804 tibi
1382 1759 1528 1804 esse
1552 1744 1883 1804 decretam.
1927 1742 2133 1814 Hane,
2163 1760 2422 1819 quaeso,

319 1846 433 1907 pro
463 1839 566 1890 tua
595 1828 890 1905 singulari
921 1828 1227 1905 sapientia
1256 1826 1522 1904 reprime
1549 1828 1772 1888 lamam
1803 1833 1991 1901 atque
2014 1825 2209 1904 effice
2244 1844 2327 1888 ne
2349 1827 2420 1898 id,

320 1914 487 1991 quod
517 1925 637 1974 non
671 1929 872 1987 curaS,
902 1928 1130 1989 cupere
1162 1910 1431 1972 videare.
1489 1907 1591 1973 24.
1628 1911 1802 1987 Quod
1838 1908 2087 1987 quidem
2126 1926 2209 1971 eo
2246 1911 2422 1973 vehe-

321 1997 580 2060 mentius
608 1997 716 2059 tibi
752 1998 1153 2059 laborandum
1182 2005 1307 2067 est,
1352 1996 1497 2073 quia
1542 1996 1601 2056 in
1645 1996 1923 2057 eamdem
1952 1996 2193 2057 cadere
2222 1997 2420 2073 suspi-

323 2085 548 2144 tionem
602 2083 870 2158 collega,
920 2082 1011 2141 vir
1051 2079 1460 2153 clarissimuS‚
1517 2097 1640 2141 non
1682 2088 1908 2156 potest.
1992 2077 2165 2140 Nihil
2204 2081 2421 2143 horum

321 2165 464 2236 scit,
507 2165 657 2226 nihil
699 2161 1069 2241 suspicatur.
1154 2165 1392 2225 Bellum
1436 2163 1622 2238 gerit=
1666 2164 1727 2224 in
1768 2164 1903 2224 acie
1946 2171 2098 2224 statx
2157 2165 2243 2225 de
2287 2183 2421 2228 san·

319 2248 503 2325 guine
544 2259 605 2311 et
642 2250 721 2310 de
765 2249 982 2324 spiritu
1023 2249 1325 2310 decertem
1372 2256 1510 2309 ante
1538 2247 1918 2324 provinciam
1950 2247 2070 2308 sibi
2099 2247 2417 2312 decretam

319 2332 526 2393 audiet
555 2350 739 2407 quam
770 2331 1037 2409 potuerit
1064 2340 1310 2408 tempus
1343 2331 1400 2392 ei
1434 2332 1524 2393 rei
1554 2334 1762 2394 datum
1790 2330 2118 2409 suspicari.
2179 2334 2417 2396 Vereor

319 2432 398 2485 ne
428 2415 735 2479 exercitus
772 2432 1021 2494 quoque
1051 2416 1267 2492 nostri,
1299 2417 1403 2492 qui
1433 2433 1553 2478 non
1587 2417 1848 2479 dilectus
1877 2416 2285 2494 necessitate,
2314 2419 2412 2481 sed

320 2499 684 2562 voluntariis
715 2499 936 2563 studiis
968 2518 1039 2562 se
1074 2501 1154 2561 ad
1176 2517 1305 2562 rem
1329 2501 1637 2577 publicam
1661 2503 2068 2574 contulerunt,
2097 2503 2412 2565 tardentur

319 2583 557 2658 animiS,
586 2583 642 2645 si
678 2584 1014 2662 quidquam
1049 2585 1215 2647 aliud
1248 2603 1285 2646 a
1314 2584 1497 2647 nobis
1525 2584 1642 2646 nisi
1669 2586 1748 2648 de
1777 2582 2027 2647 instanti
2055 2585 2228 2648 bello
2256 2586 2410 2663 cogi·

317 2678 506 2731 tatum
537 2671 854 2745 putabunt.
944 2669 1119 2745 Quod
1152 2668 1206 2731 si
1238 2669 1595 2745 provinciae
1623 2670 1984 2732 consulibus
2023 2672 2409 2745 expetendae

320 2753 632 2827 videntur,
679 2755 839 2816 sicut
870 2771 1063 2830 saepe
1103 2753 1307 2815 multis
1340 2752 1699 2815 clarissimis
1730 2754 1878 2814 viris
1907 2753 2226 2828 expetitae
2258 2766 2408 2829 sunt,

316 2839 556 2901 reddite
586 2838 756 2915 prius
786 2837 967 2900 nobis
995 2839 1281 2912 Brutum,
1309 2838 1512 2899 lumen
1542 2846 1602 2900 et
1630 2838 1825 2900 decus
1856 2836 2154 2898 civitatis:
2198 2837 2310 2915 qui
2335 2839 2407 2902 ita

317 2923 792 2985 conservandus
836 2931 962 2997 est,
1011 2930 1080 2984 ut
1117 2920 1179 2982 id
1222 2921 1494 2997 signum,
1548 2924 1717 2999 quod
1754 2924 1833 2984 de
1878 2923 2052 2983 caelo
2087 2921 2405 2999 delapsum

315 3006 551 3066 Vestae
590 3006 891 3069 custodiis
932 3005 1303 3068 continetur=
1358 3024 1482 3083 quo
1530 3007 1704 3068 salvo
1745 3005 1901 3068 salvi
1949 3022 2169 3067 sumus
2213 3008 2400 3070 futuri.

316 3088 487 3147 Tunc
518 3090 616 3148 vel
646 3090 705 3149 in
740 3093 976 3152 caelum
1008 3107 1141 3164 vos,
1173 3090 1226 3151 si
1256 3091 1392 3151 fieri
1417 3091 1699 3167 potuerit,
1729 3089 1997 3152 humeris
2032 3089 2269 3153 nostris
2304 3093 2400 3154 tol·

321 3171 548 3231 lemus=
594 3172 946 3245 provincias
989 3182 1153 3236 certe
1190 3175 1585 3250 dignissimas
1613 3173 1795 3236 vobis
1824 3173 2206 3249 ‘deligemusz
2248 3191 2399 3237 nunc
2458 3196 2459 3203 ¹

323 3254 490 3326 quod
543 3253 743 3329 agitur
801 3272 1077 3334 agamus.
1163 3257 1383 3334 Agitur
1432 3269 1633 3322 autem
1685 3258 1942 3320 liberine
1990 3257 2274 3321 vivamus
2328 3275 2396 3321 an

321 3343 575 3396 mortem
628 3338 955 3400 obeamus:
1024 3359 1185 3417 quae
1240 3354 1406 3407 certe
1456 3342 1736 3406 servituti
1792 3343 2234 3418 anteponenda
2292 3352 2396 3406 est.

320 3413 423 3475 25.
466 3418 667 3493 Quid?
715 3421 769 3482 si
811 3421 990 3482 etiam
1020 3427 1366 3489 tarditatem
1391 3430 1592 3490 adfert
1631 3428 1751 3491 ista
1786 3425 2087 3490 sententia
2117 3427 2202 3489 ad
2228 3428 2387 3493 Dola

320 3496 541 3562 bellam
569 3505 1111 3580 persequendum?
1183 3510 1439 3584 Quando
1471 3510 1631 3573 enim
1664 3511 1869 3575 veniet
1898 3513 2161 3575 consuli
2216 3514 2313 3576 An
2342 3512 2395 3576 id

901 3656 932 3670 φ·-
