2514 3928
534 320 699 380 CAP.
726 329 792 382 11
809 327 991 382 —13.
1033 325 1086 387 S.
1109 328 1178 382 27
1202 329 1382 383 ——32
1886 322 2016 385 109

0 481 101 532 ,τω
125 469 338 533 amittit
364 473 549 547 longo
580 470 897 533 intervallo
927 469 1288 532 viriditatem
1304 479 1334 531 ’ἒ
1367 472 1501 548 Qua
1518 489 1588 534 re
1612 474 1664 533 si
1695 474 1797 549 qui
1822 475 2003 535 homi·

0 574 63 616 m
91 571 212 616 non
245 555 521 630 diligunt,
553 555 699 615 nihil
734 565 830 617 est
860 556 1029 631 quod
1061 572 1199 617 eum
1225 557 1303 616 de
1342 557 1657 632 provincia
1689 557 2013 619 devocent.

0 640 17 699 l
34 641 293 715 gloriam
306 640 628 712 devocant,
658 639 739 699 ad
753 639 1141 715 triumphum,
1157 641 1236 700 ad
1249 642 1732 715 gratulationem,
1750 641 1830 701 ad
1846 659 2010 702 sum-

0 740 88 783 1m
116 722 412 784 honorem
448 731 717 797 senatuS,
750 726 1053 800 equestris
1085 723 1319 785 ordinis
1350 725 1631 800 gratiam,
1665 726 1878 800 populi
1913 742 2009 786 ca·

0 814 176 867 atem.
265 805 366 868 30.
412 807 536 868 Sed
576 808 628 868 si
658 808 758 868 ille
787 809 903 868 hac
935 816 1054 869 tam
1087 807 1313 869 eximia
1345 809 1588 870 fortuna
1621 816 1874 884 propter
1903 811 2012 868 uti-

0 898 153 950 atem
181 891 272 950 rei
293 892 577 967 publicae
609 891 723 952 frui
755 909 877 953 non
911 901 1217 969 properat,
1250 900 1313 954 ut
1342 891 1547 954 omnia
1576 892 1677 950 illa
1708 891 2012 961 conficiat,

0 975 81 1034 tid
114 990 229 1051 ego
259 983 509 1038 senator
541 977 745 1037 facere
777 977 994 1052 debeo,
1028 993 1227 1052 quem,
1270 976 1451 1037 etiam
1484 977 1538 1037 si
1566 976 1667 1036 ille
1698 975 1860 1036 aliud
1891 977 2014 1034 vel·

0 1066 37 1134 t,
67 1060 157 1118 rei
185 1059 470 1135 publicae
505 1063 829 1121 consulere
859 1067 1208 1136 oporteret?

49 1142 181 1217 Ego
216 1160 365 1205 vero
398 1145 488 1204 sic
519 1143 807 1218 intelligo,
844 1153 1046 1220 patres
1070 1144 1423 1221 conscripti,
1460 1161 1575 1205 nos
1599 1144 1715 1206 hoc
1737 1150 2015 1219 tempore

29 1226 365 1302 provinciis
409 1228 816 1287 decernendis
862 1236 1196 1302 perpetuae
1235 1229 1409 1303 pacis
1458 1228 1690 1288 habere
1728 1237 2015 1303 oportere

0 1312 242 1371 tionem.
330 1311 484 1369 Nam
528 1309 669 1383 quis
710 1310 832 1370 hoc
875 1327 995 1369 non
1025 1311 1237 1383 sentit,
1281 1309 1486 1369 omnia
1515 1311 1634 1369 alia
1662 1327 1804 1370 esse
1834 1311 2014 1372 nobis

0 1410 127 1454 .cua
149 1394 227 1452 ab
255 1393 419 1452 omni
443 1391 716 1466 periculo
741 1396 925 1466 atque
949 1393 1129 1450 etiam
1159 1390 1509 1465 suspitione
1548 1393 1733 1452 belli?
1760 1392 1862 1455 31.
1890 1395 2015 1452 Iam

0 1494 34 1536 u
65 1492 238 1536 mare
267 1473 548 1534 videmus
586 1475 734 1534 illud
765 1475 1144 1547 immensum,
1177 1475 1354 1534 cuius
1396 1477 1639 1534 fervore
1669 1492 1790 1535 non
1820 1478 2017 1536 solum

0 1557 217 1620 aritimi
249 1573 500 1630 cursus,
543 1558 656 1617 sed
699 1557 884 1618 urbes
915 1559 1094 1618 etlam
1124 1565 1186 1619 et
1213 1556 1350 1618 viae
1384 1558 1677 1618 militares
1706 1558 1825 1618 iam
1855 1567 2019 1619 tene·

0 1651 175 1717 intur,
206 1643 428 1702 virtute
459 1642 560 1703 Cn.
592 1641 866 1717 Pompeii
896 1641 987 1702 sic
1017 1658 1056 1702 a
1086 1641 1317 1718 populo
1346 1643 1626 1702 Romano
1666 1641 1743 1701 ab
1776 1641 2019 1702 Oceano

0 1743 135 1803 ¹que
181 1726 262 1787 ad
304 1725 575 1787 ultimum
605 1727 859 1788 Pontum
902 1733 1211 1801 tamquam
1251 1743 1439 1787 unum
1481 1725 1747 1800 aliquem
1781 1733 2019 1801 portum

0 1820 122 1872 tum
144 1818 205 1871 et
226 1811 505 1871 clausum
532 1810 721 1872 teneri
738 1833 754 1866 ε
783 1812 1064 1872 nationes
1090 1827 1216 1885 eaS,
1243 1826 1405 1886 quae
1430 1826 1683 1871 numero
1709 1810 2020 1871 hominum

27 1895 411 1956 multitudine
433 1895 571 1972 ipsa
598 1902 880 1971 poterant
902 1895 959 1954 in
990 1894 1345 1972 provincias
1377 1902 1621 1956 nostras
1650 1895 2016 1966 redundare,

0 2013 6 2040 ι
39 1980 116 2039 ab
144 1979 364 2041 eodem
397 1995 540 2040 esse
576 1980 794 2056 partim
822 1981 1054 2041 recisas
1072 2026 1086 2054 ,
1133 1981 1350 2056 partim
1378 1995 1723 2055 repressaS,
1751 1989 1819 2041 ut
1848 1980 2019 2052 Asia,

0 2062 443 2139 taerimperium
473 2072 652 2124 antea
681 2072 956 2125 nostrum
986 2065 1375 2137 terminabat,
1417 2079 1580 2125 nunc
1610 2064 1802 2125 tribus
1840 2063 2020 2124 novis

0 2147 269 2209 ¹ov1nciis
300 2148 438 2222 ipsa
468 2149 762 2223 cingatur.
841 2148 1098 2209 Possum
1128 2148 1207 2208 de
1238 2147 1403 2208 omni
1430 2147 1714 2223 regione,
1746 2148 1826 2208 de
1857 2148 2020 2208 omni

0 2248 165 2293 mere
196 2231 465 2292 hostium
498 2231 721 2293 dicere.
766 2232 942 2293 Nulla
970 2247 1123 2306 gens
1156 2239 1252 2292 est
1284 2247 1446 2306 quae
1475 2247 1597 2292 non
1634 2240 1737 2293 aut
1764 2232 1847 2291 ita
1878 2231 2016 2290 sub·

0 2333 52 2376 ta
83 2315 188 2388 sit,
227 2322 295 2377 ut
324 2316 427 2374 vix
454 2325 683 2388 exstet,
715 2325 820 2376 aut
851 2316 934 2376 ita
962 2316 1216 2390 domita,
1249 2324 1316 2374 ut
1345 2313 1641 2390 quiescat,
1673 2322 1777 2374 aut
1803 2315 1886 2375 ita
1915 2331 2019 2388 pa-

2 2410 84 2469 ta,
119 2407 184 2460 ut
214 2400 468 2460 victoria
499 2407 708 2462 nostra
737 2400 1117 2475 imperioque
1147 2400 1421 2460 laetetur.
1463 2398 1618 2459 XIII.
1648 2398 1750 2462 32.
1784 2398 2023 2459 Bellum

0 2484 258 2557 illicum,
302 2492 509 2560 patres
552 2483 914 2561 conscripti,
960 2483 1024 2544 C.
1067 2484 1329 2544 Caesare
1367 2484 1736 2558 imperatore
1782 2491 2024 2558 gestum

2 2577 59 2640 t,
100 2576 280 2628 antea
321 2574 552 2629 tantum
590 2570 776 2630 modo
817 2570 1151 2643 repulsum.
1255 2567 1516 2643 Semper
1564 2568 1699 2627 illas
1743 2567 2023 2627 nationes

0 2651 128 2710 »stri
159 2650 561 2727 imperatores
589 2652 943 2713 refutandas
976 2651 1180 2727 potius
1210 2652 1372 2713 bello
1405 2667 1589 2727 quam
1620 2649 2023 2710 lacessendas

0 2744 321 2796 [taverunt.
407 2738 554 2812 lpse
595 2736 695 2796 ille
724 2736 789 2797 C.
823 2736 1084 2807 MariuS,
1129 2734 1303 2794 cuius
1351 2734 1558 2795 divina
1587 2741 1773 2809 atque
1804 2732 2026 2791 eximia

0 2827 130 2879 rtus
159 2818 395 2893 magnis
429 2820 640 2896 populi
668 2818 929 2881 Romani
958 2820 1219 2879 luctibus
1254 2818 1693 2892 funeribusque
1722 2815 2023 2886 subvenit,

0 2902 267 2963 fluentes
307 2902 368 2963 in
393 2905 622 2964 Italiam
651 2904 961 2964 Gallorum
989 2902 1286 2963 maximas
1311 2899 1526 2976 copias
1550 2899 1864 2975 repressit,
1902 2916 2024 2958 non

0 3003 71 3047 se
100 2987 180 3046 ad
213 3002 423 3048 eorum
456 2988 641 3048 urbes
670 2989 983 3063 sedesque
1007 2986 1367 3062 penetravit.
1413 2984 1599 3044 Modo
1624 2982 1723 3044 ille
1752 3000 2024 3054 meorum

0 3073 233 3142 borum,
266 3067 695 3147 periculorum,
725 3071 1120 3132 consiliorum
1143 3070 1373 3141 socius,
1410 3070 1473 3130 C.
1494 3068 1868 3145 Pomptinus,
1903 3069 2025 3128 for·

0 3153 213 3215 tsimus
254 3156 376 3228 vir,
435 3165 635 3217 ortum
676 3162 930 3231 repente
971 3154 1194 3215 bellum
1237 3154 1636 3229 Allobrogum
1680 3162 1867 3231 atque
1910 3153 2028 3212 hac

0 3241 242 3299 elerata
295 3240 716 3301 coniuratione
757 3239 1082 3300 excitatum
1126 3238 1376 3314 proeliis
1421 3237 1600 3312 fregit
1638 3254 1875 3314 eosque
1916 3238 2025 3295 do-

0 3322 106 3396 uit,
134 3323 237 3398 qui
261 3324 677 3397 lacessierant‚
700 3331 762 3383 et
783 3339 859 3382 ea
874 3321 1127 3384 victoria
1151 3330 1472 3383 contentus
1497 3338 1565 3381 re
1594 3322 1841 3396 publica
1864 3327 2028 3378 metu

0 3414 194 3468 >erata
227 3408 472 3483 quievit.
1952 3482 1957 3488 ⁴

24 3485 380 3552 C.Caesaris
426 3493 606 3567 longe
636 3492 816 3552 aliam
856 3489 1038 3551 video
1080 3490 1275 3551 fuisse
1316 3490 1630 3549 rationem.
1701 3486 1833 3552 Non
1866 3496 2032 3556 enlm

0 3573 60 3635 bi
89 3578 293 3635 solum
326 3591 463 3635 cum
491 3575 586 3651 iis,
619 3592 778 3651 quos
808 3575 926 3634 iam
950 3582 1217 3634 armatos
1251 3582 1465 3633 contra
1488 3570 1782 3644 populum
1803 3565 2028 3621 Romal-
2084 3567 2093 3573 ·

2491 1838 2514 1972 ΑΙ..

2487 2141 2514 2237 ἢν·
2489 1988 2514 2079 ΙΙΙ

2471 2856 2514 3015 *ur
2474 2303 2514 2798 {Iuturnam-21
