2514 3928
268 205 396 270 176
823 205 973 267 PRO
1006 206 1118 269 CN.
1147 201 1477 265 PLANOtO
1506 202 1815 264 ORATIO.
2281 215 2352 270 78

261 356 464 430 dices,
498 372 535 415 a
570 356 765 428 vobis,
799 363 865 416 ut
896 354 1069 417 cuius
1097 354 1519 416 misericordia
1554 357 1724 417 salus
1746 369 1883 416 mea
1914 355 2222 416 custodita
2253 356 2350 432 sit,

266 440 330 499 ei
361 455 480 500 vos
508 445 769 498 vestram
798 437 1277 499 misericordiam
1306 455 1404 499 me
1428 439 1799 515 deprecante
1825 437 2119 513 tribuatis.
2162 438 2350 514 Equi—

269 525 414 584 dem
446 523 526 581 ad
554 522 825 596 reliquos
861 523 1136 594 labores,
1183 538 1342 598 quos
1383 521 1441 581 in
1484 522 1600 581 hac
1632 536 1822 582 causa
1848 521 2115 582 maiores
2152 523 2353 583 susci·

274 606 376 687 pio
407 622 588 682 quam
631 603 690 664 in
763 605 1010 679 ceteris,
1052 604 1230 666 etiam
1272 604 1429 665 hanc
1470 603 1808 665 molestiam
1843 606 2134 678 adsume,
2183 607 2353 681 quod

264 687 418 752 mihi
442 705 567 757 non
600 691 796 749 solum
826 687 1078 765 procu.
1108 689 1353 749 Plancio
1382 688 1706 757 dicendum
1745 695 1867 760 est,
1898 689 2075 751 cuius
2104 704 2222 765 ego
2253 706 2355 751 sa-

268 780 460 835 autem
482 787 605 833 non
638 787 822 832 secus
848 788 923 832 ac
944 788 1142 832 meam
1163 770 1317 834 tueri
1340 772 1557 845 debeo,
1586 772 1701 832 sed
1724 771 1902 832 etiam
1929 788 2041 847 pro
2072 787 2170 834 me
2192 772 2206 830 i
2214 789 2352 848 pso,

266 858 352 918 de
383 872 506 932 quo
530 864 922 916 accusatores
957 856 1131 930 plura
1155 869 1352 930 paene
1375 871 1559 931 quam
1582 855 1661 916 de
1684 872 1752 916 re
1776 872 2011 930 reoque
2045 854 2353 916 dixerunt.

271 942 348 1005 11.
374 938 433 1000 4.
461 939 854 1012 Quamquam,
887 937 1143 1013 iudiceS,
1167 939 1220 998 si
1251 936 1400 1014 quid
1423 946 1519 1000 est
1544 937 1603 998 in
1627 953 1724 998 me
1747 937 1887 1013 ipso
1911 938 1996 999 ita
2018 939 2351 1013 reprehen-

268 1039 445 1095 sum,
487 1030 552 1081 ut
591 1019 653 1081 id
694 1022 770 1081 ab
814 1021 933 1081 hoc
963 1019 1301 1082 seiunctum
1350 1020 1458 1095 sit,
1500 1038 1624 1082 non
1668 1037 1765 1080 me
1804 1019 1870 1083 id
1904 1038 2125 1099 magno
2159 1038 2356 1096 opere

269 1105 628 1166 conturbat=
675 1120 795 1163 non
828 1102 986 1163 enim
1034 1103 1215 1165 timeo
1247 1121 1355 1178 ne,
1406 1103 1549 1179 quia
1581 1121 1831 1180 perraro
1873 1104 2027 1180 grati
2072 1105 2354 1166 homines

272 1185 671 1264 reperiantur,
699 1185 951 1259 idcirco,
990 1204 1172 1263 quum
1198 1204 1293 1249 me
1317 1186 1562 1248 nimium
1583 1197 1821 1263 gratum
1844 1187 1932 1247 illi
1956 1204 2100 1251 esse
2130 1189 2351 1262 dicant,

271 1270 339 1332 id
381 1269 527 1332 mihi
557 1268 949 1333 criminosum
977 1287 1120 1332 esse
1161 1270 1382 1355 possit.
1472 1271 1637 1346 Quae
1663 1287 1813 1333 vero
1843 1271 1926 1332 ita
1960 1279 2103 1334 sunt
2128 1269 2348 1347 agitata

269 1356 354 1416 ab
392 1354 539 1429 illis,
584 1363 650 1416 ut
680 1362 786 1417 aut
818 1355 1033 1415 merita
1074 1353 1180 1414 Cn.
1221 1353 1449 1416 Plancii
1491 1370 1637 1429 erga
1678 1370 1774 1414 me
1813 1354 2050 1419 minora
2082 1371 2227 1419 esse
2260 1355 2352 1417 di-

271 1446 484 1500 cerent
513 1455 696 1515 quam
726 1454 763 1498 a
785 1436 1049 1512 meipso
1078 1439 1607 1513 praedicarentur,
1644 1445 1747 1500 aut
1767 1437 1826 1497 si
1856 1446 2067 1499 essent
2094 1454 2353 1511 summa,

276 1531 572 1600 negarent
601 1538 676 1584 ea
703 1530 903 1585 tamen
940 1522 1025 1583 ita
1051 1521 1251 1596 magni
1285 1531 1349 1582 ut
1394 1537 1508 1597 ego
1552 1529 1825 1597 putarem
1859 1521 2149 1595 ponderis
2179 1522 2350 1596 apud

277 1622 392 1667 vos
425 1621 569 1668 esse
599 1606 852 1687 debere,
893 1603 1047 1669 haec
1086 1604 1229 1663 mihi
1264 1611 1408 1665 sunt
1440 1604 1785 1678 tractanda,
1821 1602 2091 1677 iudIceS,
2134 1613 2195 1665 et
2224 1620 2354 1665 mo·

272 1689 445 1761 dice,
477 1705 555 1749 ne
589 1686 737 1763 quid
767 1687 906 1762 ipse
937 1686 1271 1761 offendam,
1306 1695 1365 1748 et
1391 1696 1517 1748 tum
1547 1688 1843 1763 denique,
1875 1704 2062 1763 quum
2092 1703 2354 1763 respon·

276 1773 424 1831 dero
457 1770 845 1842 criminibuS,
898 1785 975 1830 ne
1018 1787 1139 1830 non
1182 1777 1303 1833 tam
1345 1769 1693 1832 innocentia
1719 1787 1864 1837 reus
1898 1787 2012 1837 sua
2041 1788 2226 1847 quarn
2255 1787 2348 1831 re·

272 1853 632 1915 cordatione
662 1868 933 1914 meorum
973 1861 1317 1928 temporum
1347 1851 1643 1927 defensus
1673 1869 1816 1914 esse
1845 1854 2142 1917 videatur.

399 1934 458 2000 5.
505 1936 627 2002 Sed
676 1933 901 1998 mihi-in
950 1953 1139 2000 causa
1182 1937 1350 1999 facili
1374 1945 1562 2015 atque
1600 1936 1904 2014 explicata
1951 1935 2353 2014 perdifficilis,

273 2020 530 2093 iudice&
565 2029 626 2081 et
659 2020 892 2081 lubrica
918 2019 1297 2083 defensionis
1328 2020 1481 2082 ratio
1512 2020 1894 2097 proponitur.
1956 2022 2106 2086 Nam
2143 2019 2199 2086 si
2223 2030 2353 2083 tan-

275 2114 401 2168 tum
429 2103 614 2167 modo
645 2103 790 2168 mihi
821 2119 1082 2165 necesse
1114 2112 1282 2166 esset
1310 2112 1521 2165 contra
1551 2104 1942 2168 Laterensem
1974 2101 2213 2178 dicere,
2262 2112 2354 2170 ta-

272 2206 414 2250 men
462 2188 525 2248 id
571 2187 773 2263 ipsum
817 2195 994 2254 esset·
1028 2187 1084 2247 in
1125 2196 1290 2249 tanto
1333 2205 1453 2249 usu
1493 2195 1704 2249 nostro
1749 2195 2037 2264 tantaque
2086 2185 2354 2258 amicitia

274 2272 617 2331 molestum.
703 2273 899 2332 Vetus
945 2278 1041 2332 est
1085 2270 1245 2332 enim
1298 2273 1398 2332 lex
1444 2268 1545 2332 illa
1587 2272 1785 2336 iustae
1810 2288 2120 2347 veraeque
2148 2270 2357 2331 amici·

274 2354 424 2427 tiae,
457 2371 616 2430 quae
660 2354 805 2415 mihi
837 2371 976 2417 cum
1006 2352 1108 2416 illo
1140 2353 1256 2415 iam
1289 2355 1393 2416 diu
1426 2363 1550 2434 est,
1594 2363 1659 2420 ut
1698 2353 1859 2417 idem
1900 2355 2077 2422 amici
2109 2370 2357 2429 semper

278 2435 483 2505 velint,
528 2453 729 2513 neque
753 2446 849 2500 est
869 2439 1057 2500 ullum
1093 2436 1395 2500 amicitiae
1421 2437 1643 2502 certius
1666 2438 1977 2501 vinculum
2003 2455 2186 2514 quam
2208 2452 2339 2497 con·

278 2538 506 2584 sensus
550 2519 623 2583 'et
664 2520 931 2596 societas
975 2521 1370 2583 consiliorum
1406 2522 1891 2583 etvoluntatum.
1977 2521 2123 2586 Mihi
2151 2527 2355 2583 autem

274 2622 396 2668 non
426 2604 489 2666 id
520 2604 695 2667 estin
723 2606 840 2665 hac
873 2621 938 2664 re
966 2605 1494 2680 molestissimum,
1537 2613 1748 2667 contra
1774 2603 1943 2666 illum
1973 2604 2204 2677 dicere,
2242 2605 2355 2665 sed

271 2692 460 2752 multo
493 2689 637 2751 illud
670 2687 892 2766 magiS,
931 2690 1098 2764 quod
1126 2691 1186 2750 in
1217 2707 1293 2751 ea
1324 2706 1515 2750 causa
1544 2696 1752 2751 contra
1781 2687 2110 2750 dicendum
2140 2696 2254 2759 est,
2293 2688 2352 2749 in

276 2791 397 2849 qua
438 2776 740 2849 quaedam
783 2773 1094 2835 hominum
1128 2772 1402 2848 ipsorum
1431 2771 1673 2834 videtur
1717 2772 1999 2834 facienda
2027 2788 2173 2834 esse
2201 2787 2350 2836 con—

270 2856 480 2917 tentio.
516 2857 576 2918 6.
600 2854 844 2930 Quaerit
865 2856 1025 2916 enim
1052 2855 1401 2917 Laterensis
1435 2865 1620 2933 atque
1650 2856 1771 2917 hoc
1801 2874 1928 2917 uno
1959 2854 2221 2918 maxime
2250 2872 2349 2916 ur-

268 2946 391 3012 get,
427 2955 548 3013 qua
578 2956 647 2999 se
673 2939 908 3010 virtute,
941 2955 1062 3013 qua
1088 2939 1270 2999 laude
1294 2939 1595 3015 PlanciuS,
1626 2956 1748 3016 qua
1771 2938 2061 3016 dignitate
2097 2954 2355 3014 supera·

275 3020 364 3083 rit.
411 3022 516 3092 Ita,
557 3022 608 3081 si
646 3022 799 3082 cedo
832 3020 991 3082 illius
1026 3021 1412 3096 ornamentiS,
1447 3042 1607 3099 quae
1636 3025 1823 3085 multa
1851 3032 1913 3085 et
1940 3040 2161 3099 magna
2191 3031 2355 3095 sunt,

274 3121 393 3164 non
439 3105 636 3165 solum
680 3104 859 3164 huius
901 3103 1209 3180 dignitatis
1250 3104 1484 3170 iactura
1523 3106 1804 3168 facienda
1847 3115 1972 3179 est,
2021 3107 2136 3172 sed
2172 3104 2355 3166 etiam

275 3186 611 3263 largitionis
650 3187 1004 3262 recipienda
1046 3186 1309 3265 suspitio
1368 3198 1502 3251 esta
1546 3191 1639 3254 sin
1681 3190 1845 3252 hunc
1891 3189 1977 3251 illi
2010 3198 2359 3263 'anteponm

268 3270 716 3334 contumeliosa
737 3271 1017 3334 habenda
1039 3282 1134 3335 est
1157 3273 1348 3334 oratio
1374 3284 1434 3336 et
1461 3273 1787 3335 dicendum
1816 3282 1913 3336 est
1942 3272 2022 3344 id,
2059 3274 2226 3347 quod
2251 3270 2359 3334 ille

273 3371 369 3413 me
398 3352 656 3429 flagitat,
700 3356 1095 3417 Laterensem
1135 3374 1173 3418 a
1201 3357 1446 3418 Plancio
1479 3356 1767 3433 dignitate
1795 3374 1938 3419 esse
1968 3365 2352 3432 superatum.

269 3437 359 3498 Ita
385 3449 490 3500 aut
510 3438 862 3511 amicissimi
889 3440 1152 3503 hominis
1177 3440 1543 3503 existimatio
1570 3441 1939 3503 offendenda
1961 3447 2072 3515 est,
2106 3438 2162 3500 si
2184 3439 2356 3501 illam
