2514 3928
204 315 210 320 ,
261 259 325 311 35
891 216 1059 310 cap,
1090 256 1323 310 21-23.
1354 251 1405 324 ς.
1428 253 1665 309 48—53.
2206 251 2322 313 133

252 419 485 496 gienda
509 416 792 479 civitate?
828 416 927 476 51.
952 416 1064 477 Hic
1085 424 1150 476 tu
1175 416 1282 479 Cn.
1300 414 1574 511 Pompeii
1596 417 1965 479 beneficium
1989 421 2089 479 vel
2117 417 2323 494 potius

258 502 544 564 iudicium
572 510 633 563 et
649 504 873 562 factum
896 500 1203 565 infirmare
1223 498 1486 572 conariS,
1513 501 1777 574 quireeit
1800 504 1968 578 quod
1986 504 2048 563 C.
2053 498 2320 564 Marium

261 587 488 650 fecisse
522 574 826 657 audierat,
876 585 1022 646 fecit
1055 585 1223 660 quod
1254 585 1333 643 Ρ.
1380 585 1698 660 Crassum,
1744 588 1916 662 quod
1958 588 2023 648 L.
2069 586 2321 657 Sullam,

263 673 434 746 quod
464 673 530 747 Q.
552 672 882 742 Metellum,
919 669 1184 744 quodM.
1212 669 1508 740 Crassum,
1542 670 1712 742 quod
1737 670 2006 746 denique
2035 671 2323 732 domesti-

262 772 404 816 cum
436 762 776 826 auctorem,⁴
799 760 1038 830 patrem
1068 768 1267 826 suum,
1301 753 1506 813 facere
1530 753 1812 815 viderat?
1840 755 2055 829 Neque
2088 771 2235 816 vero
2260 755 2325 816 id

258 841 320 900 in
344 854 469 900 uno
509 839 790 904 Cornelio
829 837 990 898 fecit.
1072 839 1224 897 Nam
1267 842 1329 895 et
1362 836 1728 897 Gaditanum
1759 839 2209 900 Hasdrubalem
2244 854 2327 899 ex

256 925 420 985 bello
445 924 546 984 illo
573 924 865 983 Africano
903 929 962 982 et
994 920 1390 981 Mamertinos
1427 921 1617 982 Ovios
1657 930 1717 982 et
1752 923 2054 998 quosdam
2081 923 2324 984 Uticen-

259 1025 364 1068 ses
389 1007 840 1083 etSaguntinos
854 1005 1080 1067 Fabios
1096 1004 1353 1065 'civitate
1375 1005 1645 1066 donavit.
1691 1006 1926 1068 Etenim
1951 1023 2138 1082 quum
2164 1016 2325 1068 cete-

258 1093 342 1151 ris
366 1091 655 1167 praemiis
678 1090 1021 1165 dig-nisum,
1049 1089 1284 1164 quisuo
1299 1089 1513 1148 labore
1537 1091 1888 1165 etpericulo
1905 1101 2180 1154 nostram
2195 1108 2325 1152 rem

257 1173 566 1247 publicam
616 1172 984 1243 defendunt,
1030 1179 1155 1230 tum
1201 1180 1367 1231 certe
1397 1170 1742 1248 dignissimi
1772 1183 1914 1235 sunt
1944 1174 2048 1249 qui
2086 1173 2333 1235 civitate

256 1273 333 1314 ea
390 1256 727 1322 donentur,
796 1271 906 1328 pro
956 1271 1078 1327 qua
1120 1253 1393 1337 pericula
1432 1272 1505 1314 ac
1551 1255 1669 1314 tela
1715 1256 2047 1320 subierunt.
2124 1260 2334 1334 Atque

259 1339 516 1410 utinam,
535 1335 893 1411 quiubique
919 1345 1060 1396 sunt
1084 1344 1575 1410 propugnatores
1600 1336 2047 1413 huluslmperu
2077 1348 2334 1414 possent

259 1421 319 1479 in
350 1419 510 1479 hanc
543 1419 843 1480 civitatem
879 1421 1087 1479 venire
1116 1428 1176 1479 et
1204 1426 1417 1478 contra
1450 1427 1907 1494 oppugnatores
1938 1420 2029 1480 rei
2053 1422 2333 1496 publicae

260 1505 341 1564 de
365 1502 610 1563 civitate
631 1503 1052 1564 exterminari!
1077 1503 1292 1579 Neque
1316 1503 1472 1563 enim
1498 1503 1598 1564 ille
1626 1520 1902 1564 summus
1927 1507 2111 1579 poeta
2127 1515 2335 1566 noster

255 1586 616 1647 Hannibalis
688 1588 847 1647 illam
907 1585 1101 1662 magis
1167 1588 1654 1649 cohortationem
1715 1604 1897 1664 quam
1954 1603 2331 1650 communem

255 1671 709 1747 imperatoriam
744 1671 932 1732 voluit
962 1689 1132 1732 essee
1167 1673 1407 1734 Hostem
1433 1676 1540 1748 qui
1555 1672 1758 1747 feriet,
1787 1677 1915 1746 erit,
1950 1671 2160 1748 inquit,
2190 1675 2338 1734 mihi

252 1756 797 1835 Karthaqim·ensis,
821 1759 1083 1832 quisquis
1107 1760 1246 1830 erit,
1273 1758 1486 1817 cuiatis
1504 1759 1644 1817 siet.
1724 1803 1740 1818 .
1777 1757 2018 1818 Habent
2047 1758 2164 1818 hoc
2198 1760 2334 1817 leve

257 1848 316 1898 et
362 1856 610 1915 semper
650 1840 1019 1900 habuerunt:
1077 1841 1291 1915 itaque
1336 1849 1397 1902 et
1431 1841 1600 1903 cives
1630 1841 1905 1916 undique
1937 1841 2127 1902 fortes
2164 1843 2333 1904 viros

254 1923 609 1986 asciverunt
640 1931 700 1986 et
729 1923 1042 1985 hominum
1073 1923 1434 2000 ignobilium
1467 1924 1746 1988 virtutem
1776 1942 2082 2004 persaepe
2112 1925 2331 1989 nobili-

254 2007 396 2069 tatis
429 2008 682 2069 inertiae
713 2012 1148 2084 praetulerunt.

379 2092 590 2152 XXIII.
634 2092 735 2153 52.
763 2093 1018 2154 Habetis
1047 2092 1481 2168 imperatorum
1510 2101 1883 2154 summorum
1917 2104 1978 2155 et
2005 2094 2329 2170 sapientis-

255 2174 547 2238 simorum
578 2176 910 2250 hominum‚
946 2177 1424 2239 clarissimorum
1451 2176 1734 2249 virorum,
1770 2177 2330 2254 interpretationem

253 2258 403 2320 iuris
435 2276 508 2320 ac
544 2262 891 2322 foederum:
937 2262 1097 2321 dabo
1129 2261 1308 2323 etiam
1339 2261 1635 2335 iudicum,
1670 2261 1777 2337 qui
1805 2262 1948 2324 huic
1982 2261 2332 2339 quaestioni

253 2345 679 2420 praefuerunt,
723 2346 883 2406 dabo
922 2345 1192 2406 universi
1238 2346 1451 2422 populi
1486 2345 1776 2419 Romani,
1821 2347 1980 2408 dabo
2014 2345 2329 2409 sanctissi-

255 2445 418 2488 mum
477 2437 537 2489 et
581 2428 1099 2505 sapientissimum
1155 2429 1445 2491 iudicium
1504 2430 1682 2491 etiam
1736 2440 2005 2494 senatus.
2083 2430 2329 2492 Iudices

257 2529 441 2584 quum
483 2529 631 2587 prae
665 2530 734 2573 se
764 2516 1337 2590 ferrentpalamque
1361 2516 1758 2590 loquerentur
1789 2515 1936 2589 quid
1960 2522 2171 2576 essent
2194 2516 2329 2588 lege

252 2594 439 2670 Papia
471 2596 549 2656 de
582 2596 658 2657 M.
696 2597 910 2658 Cassio
951 2598 1326 2659 Mamertinis
1353 2598 1772 2673 repetentibus
1803 2597 2155 2668 iudicaturi,
2200 2597 2328 2656 Ma-

254 2678 492 2740 mertini
513 2679 762 2755 publice
784 2690 1078 2757 suscepta
1101 2698 1293 2743 causa
1317 2680 1695 2743 destiterunt.
1740 2680 1949 2759 Multi
1935 2698 1997 2740 m
2024 2681 2117 2741 civ
2125 2680 2327 2740 itatem

259 2761 491 2836 recepti
517 2776 595 2825 ex
616 2760 826 2826 liberis
853 2759 1315 2832 foederatisque
1341 2758 1591 2831 populis
1612 2767 1789 2817 sunt:
1823 2774 2003 2818 nemo
2031 2777 2324 2835 umquam

260 2854 356 2905 est
378 2847 456 2906 de
481 2844 727 2905 civitate
749 2852 1099 2920 accusatus»,
1127 2842 1299 2917 quod
1320 2849 1426 2902 aut
1445 2841 1712 2916 populus
1739 2842 1961 2904 fundus
1979 2844 2177 2905 factus
2198 2862 2322 2909 non

260 2937 430 2989 esset
466 2938 571 2990 aut
613 2930 782 3005 quod
826 2929 1077 2989 foedere
1116 2928 1377 2990 civitatis
1433 2928 1757 2988 mutandae
1787 2925 1884 2988 ius
1917 2925 2332 3003 impediretur.

258 3011 360 3075 53.
391 3014 657 3075 Audebo
691 3013 871 3074 etiam
900 3013 1020 3074 hoc
1051 3014 1455 3084 contendere,
1504 3029 1835 3087 numquam
1868 3028 2011 3074 esse
2044 3013 2334 3073 condem-

258 3105 463 3159 natum
511 3113 692 3172 quem
733 3104 1045 3158 constaret
1085 3098 1162 3158 ab
1215 3097 1584 3172 imperatore
1625 3105 1836 3158 nostro
1870 3096 2113 3158 civitate
2143 3097 2333 3156 dona-

258 3191 402 3243 tum.
470 3180 838 3257 Cognoscite
867 3196 1029 3242 nunc
1064 3182 1276 3257 populi
1304 3178 1565 3242 Rom'ani
1594 3180 1881 3243 iudicium
1910 3181 2115 3243 multis
2145 3181 2333 3240 rebus

257 3265 684 3341 interpositum
735 3273 921 3339 atque
974 3264 1034 3325 in
1086 3264 1368 3325 maximis
1419 3264 1625 3325 causis
1676 3282 1743 3325 re
1791 3265 1930 3340 ipsa
1977 3272 2162 3339 atque
2213 3279 2332 3326 usu

258 3350 742 3425 comprobatum.
812 3349 959 3410 Cum
988 3349 1219 3410 Latinis
1261 3348 1545 3410 omnibus
1578 3349 1799 3409 foedus
1831 3364 1972 3407 esse
2003 3346 2189 3407 ictum
2222 3346 2332 3418 Sp.

258 3433 470 3494 Cassio
498 3433 791 3495 Postumo
817 3432 1092 3494 Cominio
1123 3432 1484 3493 consulibus
1517 3431 1655 3506 quis
1684 3431 1964 3505 ignorat?
2000 3428 2168 3500 quod
2200 3424 2333 3498 qui-

258 3517 395 3576 dem
431 3534 630 3592 nuper
656 3516 714 3577 in
755 3518 1039 3577 columna
1074 3519 1267 3578 aenea
1288 3515 1668 3576 meminimus
1688 3521 1832 3587 post
1849 3518 2048 3569 rostra
2072 3504 2327 3563 incisum
