2514 3928
239 332 300 383 ιι
613 389 626 408 ,
787 281 794 286 ’
840 324 1001 384 cAP.
1040 333 1298 387 10—13.
1343 332 1395 393 ς.
1427 334 1690 389 25—32.
2188 329 2311 391 309

237 472 434 533 Credo
471 472 631 533 enim
662 490 808 546 νος,
839 474 1079 536 nobiles
1111 473 1410 547 homines
1453 494 1671 552 magna
1707 480 2008 555 quaedam
2030 483 2307 556 spectan-

234 562 346 628 teS‚
373 571 496 616 non
524 556 864 632 pecuniam,
891 566 959 618 ut
982 559 1227 633 quidam
1252 559 1432 619 nimis
1456 561 1687 621 creduli
1717 564 2124 637 suspicantur,
2153 582 2312 641 quae

234 654 481 715 semper
510 639 588 699 ab
621 633 995 715 amplissimo
1030 658 1282 717 quoque
1331 642 1797 719 clarissimoque
1827 657 2174 723 contempta
2199 657 2310 721 est,

241 739 366 783 non
412 739 570 799 opes
614 723 918 786 violentas
975 731 1037 785 et
1092 728 1323 801 populo
1369 726 1649 786 Romano
1705 726 1950 788 minime
1994 731 2309 789 serendam

241 806 607 881 potentiam,
660 809 773 869 sed
819 807 1135 869 caritatem
1180 809 1406 870 civium
1453 816 1521 870 et
1559 810 1818 885 gloriam
1849 812 2306 887 concupivisse.

235 886 345 947 Est
367 898 567 951 autem
612 887 804 964 gloria
847 888 980 948 laus
1023 897 1187 949 recte
1225 888 1530 950 factorum
1574 904 2055 964 magnorumque
2089 889 2147 949 in
2183 907 2306 951 rem

234 972 540 1049 publicam
575 970 947 1046 meritorum,
978 989 1140 1048 quae
1176 990 1365 1047 quum
1393 972 1607 1049 optimi
1637 972 1938 1047 cuiusque
1967 981 2092 1032 tum
2130 973 2308 1040 etiam

234 1056 628 1119 multitudinis
655 1056 998 1116 testimonio
1022 1057 1476 1131 comprobatur.
1517 1056 1619 1121 30.
1651 1057 1947 1127 Dicerem,
1976 1056 2305 1128 Dolabella,

234 1140 339 1216 qui
362 1149 528 1201 recte
554 1142 849 1201 sactorum
874 1139 1106 1201 fructus
1130 1150 1316 1215 esset,
1341 1140 1542 1202 uisite
1566 1148 1809 1216 praeter
1873 1149 2114 1201 ceteros
2136 1142 2278 1216 paul

234 1223 426 1300 lisper
455 1239 598 1283 esse
633 1230 951 1298 expertum
984 1224 1270 1286 viderem.
1338 1223 1731 1310 Quempotes
1760 1224 2072 1286 recordari
2101 1224 2160 1284 in
2190 1224 2307 1287 vita

232 1306 514 1366 illuxisse
543 1305 648 1366 tibi
681 1304 840 1365 diem
871 1305 1184 1366 laetiorem
1217 1323 1397 1381 quam
1441 1324 1626 1381 quum
1663 1307 1910 1383 expiato
1944 1310 2099 1382 foro,
2127 1308 2308 1369 dissi·

233 1398 377 1463 pato
410 1405 717 1450 concursu
750 1387 1090 1463 impiorum,
1125 1390 1504 1463 principibus
1528 1390 1785 1451 sceleris
1809 1407 2008 1465 poena
2030 1392 2308 1464 adfectiS‚

231 1474 409 1548 [urbe
426 1472 710 1533 incendio
747 1480 808 1533 et
848 1470 1058 1532 caedis
1101 1480 1266 1532 metu
1288 1474 1567 1545 liberata]
1598 1481 1658 1533 te
1704 1473 1947 1534 domum
1980 1476 2308 1550 recepisti?

235 1556 421 1618 Cuius
454 1553 718 1629 ordinis,
766 1554 942 1616 cuius
972 1555 1243 1631 generiS,
1282 1556 1456 1616 cuius
1491 1556 1757 1631 denique
1795 1557 2071 1618 fortunae
2101 1558 2304 1620 studia

233 1649 359 1702 tum
392 1639 557 1700 laudi
588 1647 649 1700 et
670 1638 1056 1714 gratulationi
1098 1647 1239 1699 tuae
1271 1656 1342 1699 se
1385 1656 1507 1700 nou
1551 1640 1939 1701 obtulerunt?
1974 1639 2128 1715 Quin
2159 1641 2301 1706 mihi

234 1724 435 1798 etiam,
465 1738 588 1799 quo
622 1732 873 1784 auctore
903 1732 961 1783 te
992 1724 1049 1782 in
1066 1722 1160 1783 his
1186 1724 1375 1784 rebus
1401 1723 1487 1784 uti
1508 1722 1968 1796 arbitrabantur,
1994 1732 2054 1784 et
2082 1724 2307 1798 gratias

236 1806 380 1869 boni
416 1806 528 1866 viri
574 1808 836 1881 agebant
871 1816 931 1868 et
960 1815 1060 1867 tuo
1094 1808 1336 1868 nomine
1376 1808 1850 1882 gratulabantur.
1936 1808 2304 1879 Recordare,

236 1908 490 1968 quaeSO,
519 1892 855 1963 Dolabella,
888 1907 1264 1951 consensum
1294 1890 1460 1952 illum
1493 1891 1726 1966 theatri,
1756 1908 1942 1968 quum
1969 1907 2183 1953 omnes
2207 1907 2305 1952 ea—

235 1993 365 2036 rum
399 1991 600 2036 rerum
630 1976 817 2048 obliti,
854 1984 1106 2051 propter
1136 1993 1290 2051 quas
1323 1977 1564 2037 fuerant
1602 1975 1708 2037 tibi
1730 1962 1969 2049 offensi,
2000 1975 2305 2052 significa·

238 2068 376 2119 rent
422 2074 492 2118 se
526 2059 827 2120 beneficio
863 2076 1025 2120 novo
1058 2060 1410 2121 memoriam
1447 2061 1669 2121 veteris
1716 2059 1950 2122 doloris
1977 2059 2304 2121 abiecisse.

233 2140 336 2203 31.
373 2142 554 2201 Hanc.
580 2150 671 2213 tu,
713 2142 774 2200 P.
805 2143 1122 2204 Dolabella
1164 2176 1247 2188 —-
1290 2159 1508 2218 magno
1539 2145 1764 2220 loquor
1792 2159 1929 2205 cum
1958 2145 2174 2204 dolore
2203 2177 2305 2216 -,

234 2225 393 2284 hanc
423 2232 503 2298 tu,
537 2223 803 2299 inquam,
835 2225 1084 2303 potuisti
1116 2242 1316 2302 aequo
1340 2227 1542 2288 animo
1574 2236 1797 2289 tantam
1826 2226 2175 2304 dignitatem
2203 2229 2305 2288 de—

237 2315 515 2385 ponere?
555 2309 709 2368 XIII.
757 2310 846 2370 Tu
874 2317 1107 2382 autem,
1144 2310 1224 2369 M.
1257 2311 1515 2383 Antoni,
1550 2345 1630 2356 —-
1651 2312 1973 2373 absentem
2005 2313 2164 2371 enim
2195 2328 2305 2388 ap·
2342 2318 2347 2319 ’

235 2393 397 2466 pello
417 2424 504 2436 —
536 2410 723 2454 unum
753 2392 920 2454 illum
950 2392 1109 2454 diem
1128 2440 1143 2467 ,
1179 2411 1302 2469 quo
1327 2394 1387 2456 in
1420 2395 1575 2456 aede
1603 2395 1858 2457 Telluris
1889 2405 2140 2458 senatus
2178 2397 2303 2466 suit,

236 2491 356 2536 non
393 2475 675 2538 omnibus
703 2475 800 2538 his
832 2477 1173 2559 mensibus,
1220 2479 1443 2554 quibus
1487 2487 1544 2540 te
1588 2480 1832 2553 quidam
1868 2481 2117 2542 multum
2143 2497 2181 2540 a
2209 2496 2306 2540 me

203 2558 665 2622 'dissentientes
695 2561 937 2624 beatum
969 2569 1209 2637 putant,
1253 2563 1625 2639 anteponis?
1666 2562 1831 2636 Quae
1862 2564 1972 2625 fuit
2000 2563 2191 2625 oratio
2228 2564 2304 2624 de

232 2644 609 2708 concordia?
642 2651 874 2719 quanto
899 2651 1070 2704 metu
1092 2641 1324 2704 veteris
1347 2643 1511 2727 mali,
1536 2649 1765 2716 quanta
1785 2639 2198 2701 sollicitudine
2222 2641 2298 2697 ci—

233 2731 397 2791 vitas
425 2737 553 2790 tum
574 2744 612 2787 a
633 2735 697 2790 te
720 2728 978 2789 liberata
1002 2735 1113 2800 cst,
1141 2743 1330 2803 quum
1354 2728 1653 2801 collegam
1682 2732 1847 2784 tuum
1871 2721 2171 2798 depositis
2195 2720 2303 2781 ini·

209 2808 476 2874 ‘micitiis
500 2812 729 2874 oblitus
760 2811 1177 2887 auspiciorum
1208 2828 1245 2871 a
1267 2817 1330 2870 te
1362 2811 1503 2886 ipso
1535 2824 1772 2884 augure
1801 2806 2014 2883 populi
2042 2806 2301 2867 Romani

238 2897 653 2959 nuntiatorum
676 2896 781 2957 illo
809 2895 1069 2973 primum
1093 2895 1193 2956 die
1223 2897 1527 2969 collegam
1549 2891 1657 2952 tibi
1689 2907 1833 2952 esse
1857 2890 2126 2964 voluisti,
2158 2897 2302 2950 tuus

235 2997 464 3058 parvus
481 2981 716 3042 filiusin
731 2979 1090 3056 Capitolium
1110 2986 1220 3040 ate
1241 2980 1467 3039 missus
1483 2977 1654 3053 pacis
1671 2977 1858 3037 obses
1874 2975 2002 3035 fuit.
2041 2973 2141 3035 32.
2170 2975 2300 3050 Quo

237 3072 493 3126 senatus
517 3065 618 3125 die
636 3063 874 3134 laetior,
899 3081 1023 3138 quo
1052 3066 1322 3139 populus
1349 3065 1708 3123 Romanus?
1737 3059 1843 3134 qui
1866 3059 2112 3133 quidem
2138 3063 2304 3121 nulla

229 3143 288 3204 in
326 3143 612 3206 contione
646 3161 932 3220 umquam
976 3143 1350 3218 frequentior
1381 3142 1506 3206 fuit.
1593 3144 1741 3203 Tum
1772 3144 2040 3220 denique
2071 3142 2300 3203 liberati

232 3243 342 3303 per
369 3228 539 3290 viros
568 3226 937 3289 fortissimos
963 3227 1338 3301 videbamur,
1376 3226 1536 3303 quia,
1559 3238 1624 3288 ut
1646 3226 1728 3287 illi
1752 3230 2090 3298 voluerunt,
2125 3227 2299 3287 liber·

233 3319 409 3371 tatem
457 3327 578 3387 pax
618 3311 1129 3387 consequebatur.
1218 3311 1522 3385 Proximo,
1558 3313 1770 3384 altero,
1801 3310 1996 3385 tertio,
2039 3310 2303 3384 denique

231 3394 483 3468 reliquis
544 3395 892 3456 consecutis
939 3394 1157 3455 diebus
1194 3409 1326 3454 non
1371 3393 1809 3456 intermittebas
1855 3411 2033 3468 quast
2075 3394 2301 3454 donum

233 3476 485 3551 aliquod
525 3477 749 3539 cotidie
790 3479 1031 3539 adferre
1061 3478 1152 3538 rei
1184 3478 1494 3554 publicae=
1539 3477 1862 3538 maximum
1907 3485 2108 3536 autem
2138 3473 2301 3540 illud,

234 3561 400 3632 quod
437 3559 765 3621 dictaturae
794 3578 1012 3621 nomen
1050 3560 1368 3623 sustulisti.
1445 3563 1609 3620 Haec
1640 3559 1836 3618 inusta
1868 3566 1965 3617 est
1987 3573 2025 3616 a
2054 3563 2130 3627 te,
2164 3572 2200 3612 a
2223 3563 2296 3619 tc,
