2514 3928
301 219 424 293 418
581 231 655 287 ιΝ
682 230 763 287 Μ.
793 227 1197 287 ANTONIUM
1234 227 1519 288 oaA‘no
1551 227 1977 288 rmuppch
2007 230 2084 288 x.
2309 241 2405 292 120

306 398 441 441 cum
471 389 732 453 utroque
775 379 1073 438 certabat:
1118 378 1172 437 is
1210 386 1519 452 tamquam
1548 377 1970 437 extruderetur
1997 393 2036 436 a
2062 388 2310 440 senatu
2342 381 2400 439 iu

303 461 724 523 Maeedoniam
756 470 817 520 et
842 477 962 520 non
994 468 1206 520 contra
1237 459 1661 534 prohiberetur
1695 458 2024 535 proficisci,
2053 462 2144 521 ita
2168 478 2398 522 cucur-

301 546 392 610 rit.
469 543 568 605 11.
604 544 770 617 Quae
803 549 1154 618 tempestaS,
1184 543 1247 602 di
1274 543 1675 604 immortales!
1721 558 1879 616 quae
1913 540 2189 617 flamma,
2234 562 2401 620 quae

303 621 574 701 vastitas,
607 644 766 703 quae
797 626 989 701 pestis
1025 623 1317 686 Graeciae
1347 626 1589 697 ruisset,
1620 624 1740 685 nisi
1769 624 2157 687 incredibilis
2189 644 2278 688 ac
2312 628 2398 688 di-

304 712 443 771 vina
483 711 674 771 virtus
718 709 973 770 furentis
1014 708 1276 769 hominis
1322 718 1604 769 conatum
1647 717 1832 783 atque
1860 708 2399 786 audacIam-com·

304 795 673 871 pressisset?
759 793 925 865 Quae
965 793 1244 852 celeritas
1275 790 1378 851 illa
1403 791 1615 853 Bruti!
1653 807 1813 866 quae
1841 801 2018 851 cura!
2068 810 2248 866 quae
2279 795 2400 854 vir·

304 888 428 939 tus!
488 874 618 937 Etsi
666 892 743 935 ne
779 876 840 934 C.
884 874 1130 949 quidem
1165 873 1417 935 Antonii
1455 874 1734 936 celeritas
1779 878 2247 938 contemnenda
2285 887 2399 951 est,

303 977 485 1038 quam
527 958 645 1019 nisi
683 958 744 1018 in
783 958 880 1017 via
914 958 1185 1018 caducae
1226 957 1595 1019 hereditates
1633 958 2082 1030 retardassent,
2134 962 2397 1022 volasse

301 1059 469 1116 eum,
500 1058 621 1101 non
656 1040 769 1101 iter
800 1041 1022 1100 fecisse
1052 1037 1313 1101 diceres.
1399 1040 1576 1100 Alios
1602 1043 1682 1101 ad
1713 1037 2026 1115 negotium
2064 1043 2393 1116 publicum

183 1119 192 1124 ’
300 1127 387 1188 ire
423 1141 610 1200 quum
639 1123 949 1198 cupimuS,
995 1125 1095 1182 vix
1138 1125 1408 1184 solemus
1442 1124 1797 1184 extrudere·
1841 1123 2005 1183 hunc
2043 1126 2393 1188 retinentes

300 1207 691 1269 extrusimus.
779 1209 861 1267 At
889 1206 1036 1281 quid
1078 1205 1135 1267 ei
1167 1223 1305 1267 cum
1334 1207 1708 1282 Apollonia?
1750 1206 1898 1281 quid
1933 1223 2072 1266 cum
2110 1208 2391 1285 Dyrrha·
2462 1281 2463 1288 ἵ

301 1289 480 1352 chio?
532 1290 680 1367 quid
723 1306 861 1349 cum
909 1288 1198 1368 Illyrico?
1253 1290 1401 1365 quid
1442 1306 1579 1350 cum
1617 1289 1679 1349 P.
1713 1288 1939 1350 Vatinii
1984 1289 2389 1365 imperatoris
2462 1291 2463 1306 ¹

298 1373 613 1437 exercitu?
698 1373 1114 1447 Succedebat,
1163 1380 1231 1433 ut
1271 1372 1408 1448 ipse
1457 1372 1726 1447 dicebat,
1775 1373 2132 1435 Hortensio.
2231 1375 2385 1438 Certi

298 1459 455 1520 fines
482 1456 900 1528 Macedoniae,
936 1464 1100 1517 certa
1130 1456 1445 1528 condicio,
1472 1464 1695 1530 certus»,
1728 1456 1782 1516 si
1814 1458 1998 1516 modo
2033 1466 2179 1518 erat
2205 1459 2386 1531 ullus,
2462 1475 2463 1526 ζ

298 1542 636 1602 exercitus:
681 1555 817 1600 cum
849 1538 1093 1616 Illyrico
1125 1555 1277 1600 vero
1320 1547 1385 1599 et
1415 1555 1555 1599 cum
1581 1538 1807 1599 Vatinii
1845 1538 2204 1613 legionibus
2243 1543 2385 1618 quid

297 1632 429 1686 erat
465 1623 780 1685 Antonio?
865 1620 964 1682 12.
1009 1624 1090 1683 At
1126 1639 1205 1683 ne
1241 1621 1432 1682 Bruto
1475 1620 1753 1697 quidem:
1803 1621 1867 1682 id
1908 1622 2071 1683 enim
2116 1625 2385 1687 fortasse

301 1706 606 1783 quispiam
634 1706 949 1781 improbus
984 1704 1220 1766 dixerit.
1301 1704 1525 1765 Omnes
1554 1706 1848 1779 legioneS,
1885 1713 2108 1767 omnes
2143 1709 2381 1783 copiae,

300 1806 459 1865 quae
487 1788 715 1865 ubique
743 1797 913 1860 sunt,
944 1788 1036 1849 rei
1066 1788 1348 1864 publicae
1377 1797 1549 1849 sunt:
1593 1805 1705 1848 nec
1733 1788 1891 1848 enim
1934 1804 2049 1849 eae
2076 1790 2381 1865 legiones,

301 1888 457 1948 quae
468 1871 883 1932 M.Ant0nium
896 1870 1290 1945 reliquerunt,
1304 1871 1553 1932 Antonii
1570 1872 1775 1946 potius
1792 1889 1974 1946 quam
1986 1871 2080 1931 rei
2094 1874 2382 1947 publicae

300 1954 492 2017 fuisse
520 1954 814 2016 dicentur.
890 1954 1081 2015 Omne
1103 1954 1264 2016 enim
1287 1962 1349 2014 et
1370 1954 1674 2015 exercitus
1699 1963 1760 2015 et
1779 1953 2017 2030 imperii
2042 1955 2147 2016 ius
2174 1957 2383 2019 amittit

297 2039 382 2110 is,
437 2037 540 2113 qui
595 2055 670 2098 eo
730 2039 987 2114 imperio
1043 2045 1103 2098 et
1158 2038 1431 2100 exercitu
1483 2055 1612 2097 rem
1668 2037 2003 2119 publicam.
2037 2050 2381 2117 oppugnat.

294 2123 399 2183 VI.
445 2121 620 2196 Quod
667 2123 721 2181 si
761 2122 901 2196 ipsa
940 2138 1044 2181 res
1086 2123 1332 2197 publica
1374 2119 1667 2191 iudicaret
1706 2130 1811 2182 aut
1838 2121 2111 2184 si'omne
2145 2123 2252 2185 ius
2285 2126 2381 2185 de-

299 2203 479 2265 cretis
521 2203 654 2265 eius
696 2210 1089 2277 statueretur,
1132 2203 1481 2265 Antonione
1513 2220 1591 2264 an
1618 2205 1806 2266 Bruto
1848 2205 2135 2279 legiones
2170 2208 2380 2283 populi

299 2286 553 2347 Romani
588 2286 1007 2347 adiudicaret?
1050 2290 1247 2348 Alter
1273 2288 1595 2348 advolarat
1618 2287 1820 2349 subito
1855 2289 1935 2348 ad
1963 2287 2379 2364 direptionem
2444 2352 2453 2365 ,

284 2376 659 2445 pestemque
705 2368 1047 2443 sociorum,
1092 2378 1185 2442 ut,
1230 2386 1620 2446 quocumque
1650 2370 1792 2443 iret,
1848 2371 2053 2432 omnia
2086 2383 2378 2446 vastaret,

296 2450 602 2528 diriperet,
638 2453 923 2528 auferret,
951 2454 1223 2514 exercitu
1252 2452 1470 2528 populi
1496 2453 1755 2513 Romani
1784 2463 1996 2515 contra
2024 2454 2250 2531 ipsum
2280 2475 2375 2533 pst

297 2537 507 2612 pulum
534 2537 872 2598 Romanurn
916 2544 1202 2598 uteretur.
1288 2538 1461 2596 Alter
1499 2553 1634 2596 eam
1663 2538 1860 2611 legem
1901 2538 2023 2598 sibi
2061 2548 2377 2613 statuerat,

295 2629 377 2693 ut,
411 2635 800 2696 quocumque
827 2617 1122 2692 venisset,
1150 2621 1256 2680 lux
1286 2619 1535 2680 venisse
1570 2619 1871 2695 quaedam
1895 2626 1956 2680 et
1974 2637 2137 2695 spes
2166 2624 2377 2687 salutis
2446 2658 2453 2675 ·

288 2702 620 2764 videretur.
680 2703 958 2778 Denique
986 2703 1138 2762 alter
1163 2703 1244 2762 ad
1273 2701 1664 2762 evertendam
1696 2702 2175 2777 rem-publicam
2208 2723 2377 2782 prae-

292 2785 451 2848 sidia
481 2787 843 2863 quaerebat,
872 2786 1025 2845 alter
1053 2786 1133 2845 ad
1162 2785 1666 2846 conservandam.
1750 2786 1877 2846 Nec
1915 2801 2064 2848 vero
2098 2805 2233 2851 nos
2266 2790 2379 2851 hoc

291 2869 486 2944 magis
524 2870 887 2931 videbamus
917 2885 1098 2944 quam
1136 2867 1260 2943 ipsi
1291 2867 1539 2933 milites:
1581 2885 1619 2928 a
1650 2867 1873 2944 quibus
1921 2877 2087 2931 tanta
2119 2870 2190 2931 in
2229 2874 2378 2935 iudi-

289 2951 491 3012 cando
526 2952 853 3027 prudentia
883 2968 1005 3013 non
1032 2961 1162 3013 erat
1191 2952 1576 3026 postulanda.
1663 2949 1764 3013 13.
1802 2953 1949 3013 Cum
1977 2969 2069 3011 vu
2102 2955 2377 3018 cohorti·

287 3035 409 3095 bus
452 3049 596 3095 esse
637 3035 1004 3111 Apolloniae
1046 3033 1256 3096 scribit
1297 3034 1658 3108 Antonium,
1715 3034 1818 3110 qui
1865 3035 1982 3096 iam
2008 3043 2119 3096 aut
2148 3049 2378 3115 captus

289 3125 388 3177 est
414 3148 499 3160 -—
530 3117 697 3191 quod
728 3118 792 3180 di
819 3121 1027 3181 duint!
1050 3153 1137 3165 —-
1166 3125 1272 3179 aut
1303 3127 1470 3185 certe
1509 3118 1695 3180 homo
1727 3117 2117 3180 verecundus
2148 3120 2219 3181 in
2250 3122 2380 3185 ffi-

291 3196 615 3258 cedoniam
655 3216 778 3260 non
823 3202 1091 3267 accedit
1132 3219 1210 3262 ne
1239 3198 1731 3264 contra'senatus
1762 3202 2109 3263 consultum
2142 3205 2380 3269 fecisse
2458 3262 2459 3265 ,

282 3278 589 3340 videatur.
656 3281 928 3343 Dilectus
956 3268 1246 3345 habitus
1227 3302 1291 3344 in
1320 3284 1684 3346 Macedonia
1711 3295 1806 3346 est
1833 3301 2073 3346 summo
2109 3285 2188 3359 Q.
2221 3288 2380 3351 Hor·
2442 3360 2449 3373 Ι

289 3361 469 3421 tensii
495 3363 697 3424 studio
722 3371 783 3424 et
808 3364 1137 3426 industria·
1169 3367 1344 3429 cuius
1367 3368 1635 3440 animum
1655 3369 1964 3466 egregi-um
1987 3367 2382 3449 dignumque

290 3441 429 3518 ipso
466 3451 528 3504 et
563 3444 899 3506 maioribus
932 3448 1064 3509 eius
1106 3466 1184 3510 ex
1213 3451 1387 3512 Bruti
1422 3451 1635 3514 litteris
1662 3452 2018 3528 perspicere
2050 3451 2380 3528 potuistis.
