2514 3928
172 208 240 263 49
736 199 903 260 GAP.
938 159 1206 262 44-46ζ
1239 197 1298 267 ς.
1330 208 1660 263 iis—119.
2117 200 2241 264 347

169 349 306 413 1-16.
354 349 531 423 Quod
578 348 633 410 si
677 366 799 410 non
853 349 1072 411 metuis
1130 348 1297 410 viros
1349 354 1537 412 fortes
1594 349 2002 427 egregiosque
2055 349 2245 426 cives,

165 434 412 510 quoda
453 447 717 508 corpore
759 440 864 493 tuo
914 432 1313 509 prohibentur
1357 435 1569 506 armiS,
1614 432 1698 495 tui
1727 443 1816 508 te,
1862 433 2008 495 mihi
2043 436 2246 510 crede,

164 515 394 579 diutius
425 533 546 576 non
583 516 796 575 ferent.
840 516 1009 590 Quae
1040 524 1136 577 est
1164 524 1367 577 autem
1402 516 1526 577 vita
1555 516 1690 577 dies
1714 525 1774 579 et
1797 527 2010 579 noctes
2034 517 2247 579 timere

162 618 202 661 a
245 599 421 661 suis?
462 598 591 658 Nisi
630 614 778 659 vero
822 607 930 661 aut
967 598 1302 660 maioribus
1348 599 1540 660 habes
1571 599 1886 662 beneficiis
1921 600 2242 677 obligatos,

166 699 352 759 quam
392 681 494 742 ille
535 682 841 756 quosdam
883 682 1095 744 habuit
1132 698 1212 742 ex
1253 680 1361 757 iis,
1407 698 1445 741 a
1487 681 1711 757 quibus
1741 690 1836 744 est
1867 682 2246 759 interfectuS,

165 774 269 827 aut
300 774 362 827 tu
394 781 463 826 es
495 765 619 825 ulla
643 782 709 825 re
741 783 880 828 cum
910 783 985 827 eo
1021 766 1495 842 comparandus.
1536 764 1672 826 Fuit
1699 766 1759 825 iu
1790 765 1892 826 illo
1920 765 2243 842 Ingenium,

163 849 350 921 ratio,
383 849 703 923 memoria,
733 849 995 921 litterae,
1030 863 1206 925 cura,
1237 847 1545 925 cogitatiO,
1576 848 1919 925 diligentiae
1954 864 2058 909 res
2085 849 2243 911 bello

160 941 460 1011 gesserat,
493 934 775 1009 quamvis
799 932 886 994 rei
915 933 1197 1009 publicae
1219 932 1641 1009 calamitosas,
1655 941 1717 995 at
1735 941 1938 995 tamen
1956 947 2212 1007 magnas
2228 955 2244 988 ε

161 1015 407 1079 multos'
438 1019 637 1079 anuos
686 1033 948 1093 regnare
973 1015 1357 1090 meditatus,
1426 1033 1650 1093 magno
1702 1016 1943 1091 labore,
2007 1016 2244 1091 magnis

163 1100 453 1178 periculis
498 1101 669 1177 quod
704 1100 1001 1176 cogitarat
1025 1100 1350 1161 effeceratz
1393 1099 1768 1174 muneribuS,
1816 1099 2243 1173 monumenti&

160 1182 519 1259 congiariiS,
568 1185 768 1259 epulis
809 1182 1251 1244 multitudinem
1294 1182 1632 1260 imperitam
1675 1184 2036 1246 delenieratz
2093 1200 2243 1245 suos

163 1265 487 1344 praemiis,
545 1265 939 1328 adversarios
980 1265 1341 1327 clementiae
1385 1266 1595 1342 specie
1637 1267 2011 1329 devinxerat.
2087 1266 2243 1342 Quid

160 1350 392 1412 multa?
432 1350 713 1410 attulerat
751 1350 871 1409 iam
907 1350 1137 1410 liberae
1181 1348 1408 1410 civitati
1452 1349 1668 1424 partim
1699 1359 1861 1412 metu
1892 1350 2106 1425 partim
2138 1366 2244 1425 pa-

161 1432 373 1495 tientia
413 1432 918 1494 consuetudinem
960 1432 1289 1493 serviendi.
1375 1433 1583 1494 XLVI,
1627 1429 1768 1492 117.
1798 1430 1958 1493 'Cum
1987 1432 2090 1493 illo
2125 1448 2241 1507 ego

161 1526 220 1577 te
249 1514 607 1578 dominandi
632 1515 964 1592 cupiditate
989 1517 1272 1596 conferre
1299 1531 1575 1591 possum,
1636 1515 1861 1577 ceteris
1884 1532 2031 1577 vero
2058 1516 2244 1575 rebus

160 1601 333 1661 nullo
378 1599 565 1660 modo
608 1602 1057 1675 comparandus
1099 1616 1189 1659 es.
1247 1599 1375 1660 Sed
1416 1614 1496 1658 ex
1525 1597 1800 1674 plurimis
1829 1597 2036 1674 malis,
2082 1614 2240 1674 quae

163 1683 243 1743 ab
288 1682 390 1745 illo
433 1682 523 1743 rei
561 1683 843 1760 publicae
888 1691 1029 1746 sunt
1067 1682 1300 1757 inusta,
1328 1682 1466 1743 'hoc
1498 1690 1697 1743 tamen
1727 1681 1874 1742 boni
1905 1689 2030 1754 est,
2077 1682 2245 1757 quod

121 1765 375 1842 ‘didicit
435 1766 555 1828 iam
616 1769 889 1844 populus
936 1769 1250 1829 Romanus
1300 1772 1611 1841 ,quantum
1674 1764 1898 1841 cuique
1949 1765 2248 1835 crederet,

162 1851 390 1928 quibus
465 1867 535 1912 se
607 1850 1062 1926 committeret,
1106 1867 1144 1910 a
1224 1848 1450 1926 quibus
1525 1858 1790 1911 caveret.
1889 1849 2056 1909 Haec
2120 1863 2241 1908 non

160 1937 450 2011 cogitas?
475 1952 682 2013 neque
705 1933 996 2011 intelligis
1030 1932 1181 1995 satis
1234 1948 1378 1994 esse
1430 1930 1576 1993 viris
1635 1930 1892 1994 fortibus
1948 1930 2243 1993 didicisse

166 2035 354 2096 quam
406 2019 485 2080 sit
533 2036 599 2079 re
659 2020 962 2094 pulcrum,
1019 2017 1321 2078 beneficio
1373 2024 1639 2092 gratum,
1697 2018 1858 2076 fama
1906 2016 2239 2092 gloriosum

159 2111 491 2180 tyrannum
556 2101 882 2162 occidere?
957 2117 1066 2172 an,
1148 2117 1336 2176 quum
1401 2100 1566 2161 illum
1631 2098 1913 2161 homines
1974 2115 2100 2159 non
2156 2106 2245 2160 tu·

161 2185 372 2260 lerint,
451 2193 511 2246 te
574 2185 812 2246 ferent?
913 2183 1052 2248 118.
1130 2183 1411 2245 Certatim
1469 2183 1759 2259 posthac,
1831 2181 1977 2242 mihi
2040 2182 2243 2254 crede,

160 2269 244 2329 ad
298 2267 418 2328 hoc
460 2285 623 2346 opus
670 2275 943 2329 curretur
985 2283 1187 2344 neque
1229 2266 1578 2328 occasionis
1623 2267 1873 2328 tarditas
1922 2273 2241 2342 exspecta-

159 2350 341 2416 bitur.

207 2502 208 2505 Ἴ
286 2435 583 2512 Respice,
629 2451 895 2512 quaeso,
939 2428 1271 2510 aliquando
1313 2451 1441 2494 rem
1483 2426 1817 2510 publicam,
1859 2433 1943 2494 M.
1979 2431 2241 2493 Antoni·

165 2517 388 2596 quibus
435 2527 604 2580 ortus
650 2518 769 2590 sis,
813 2535 933 2580 non
980 2519 1346 2615 quibuscum
1377 2518 1552 2579 vivas
1586 2516 1941 2579 considera.
1984 2532 2241 2587 mecum,

159 2612 227 2664 ut
268 2603 472 2663 voles·
527 2601 661 2663 redi
704 2619 843 2663 cum
885 2619 953 2664 re
1006 2601 1248 2677 publica
1298 2601 1359 2661 in
1405 2600 1680 2677 gratiam.
1753 2599 1879 2660 Sed
1930 2601 2008 2659 de
2064 2606 2121 2659 te
2180 2607 2241 2658 tu

159 2685 423 2747 videris:
469 2702 587 2762 ego
630 2688 709 2747 de
752 2701 849 2746 me
893 2686 1031 2763 ipso
1064 2676 1421 2762 profitebor.
1492 2683 1751 2746 Derendi
1779 2697 1905 2742 rem
1936 2679 2244 2758 publicam

157 2769 552 2844 adolescens,
587 2786 709 2832 non
732 2769 1013 2832 deseram
1039 2785 1269 2830 senex·
1302 2766 1645 2844 contempsi
1669 2764 1959 2827 Catilinae
1982 2761 2242 2840 gladios,

159 2869 285 2914 non
316 2853 744 2952 pertimescam
774 2861 948 2915 tuosz·
976 2853 1130 2928 Quin
1158 2853 1338 2915 etiam
1360 2867 1592 2928 corpus
1619 2850 1875 2911 libenter
1899 2846 2239 2920 obtulerim,

160 2937 218 2997 si
260 2937 720 3011 repraesentari
753 2945 946 2998 morte
990 2953 1126 2997 mea
1154 2936 1413 2997 libertas
1431 2933 1693 3000 civitatis
1727 2939 1959 3030 potest·
2005 2930 2149 2994 119.
2180 2939 2246 2993 ut

159 3017 492 3094 aliquando
538 3021 719 3083 dolor
759 3019 976 3101 populi
1013 3019 1272 3082 Romani
1315 3018 1538 3095 pariat,
1585 3018 1756 3093 quod
1795 3016 1913 3077 iam
1956 3017 2061 3077 diu
2106 3031 2244 3091 par-

163 3099 334 3165 turit!
373 3102 611 3165 Etenim
642 3102 698 3166 si
723 3103 948 3165 abhinc
973 3120 1172 3165 annos
1205 3119 1401 3179 prope
1433 3101 1644 3177 viginti
1674 3101 1794 3162 hoc
1829 3099 1972 3177 ipso
2002 3098 2063 3160 in
2092 3107 2242 3160 tem-

159 3187 266 3262 plo
297 3187 516 3262 negavi
549 3204 741 3264 posse
768 3186 1024 3250 mortem
1051 3189 1430 3248 immaturam
1457 3201 1603 3248 esse
1635 3185 1971 3256 consulari,
2009 3189 2241 3257 quanto

165 3268 366 3330 verius
400 3287 563 3332 nunc
600 3272 840 3347 negabo
872 3271 1051 3334 seni?
1093 3271 1237 3330 Mihi
1271 3285 1449 3341 vero,
1485 3276 1694 3344 patres
1725 3229 2086 3342 conscripti,
2119 3264 2240 3323 iam

162 3350 344 3412 etiam
383 3355 672 3430 optanda
695 3371 860 3417 mors
907 3364 1032 3438 est,
1076 3355 1397 3430 perfuncto
1426 3350 1656 3413 rebus’
1641 3352 1747 3424 liS,
1793 3366 1948 3426 quas
1977 3348 2244 3439 adeptus

164 3451 300 3496 sum
333 3453 615 3515 quasque
643 3439 844 3515 gessi.-
873 3440 1007 3501 Duo
1041 3439 1224 3499 modo
1241 3436 1407 3496 haec
1443 3443 1613 3512 opto,
1640 3448 1848 3505 unum,
1884 3439 1951 3499 ut
1972 3426 2245 3488 moriens
