2514 3928
0 142 5 145 μ
166 130 207 139 --
223 132 819 146 „nm-...mm

676 343 842 403 CAP.
873 351 1136 406 54—56.
1179 350 1230 410 s.
1263 353 1593 420 115—120.
2084 345 2168 407 45
2196 372 2207 382 ·

96 496 237 554 dem
276 503 336 555 et
364 495 703 571 palmarum
729 494 992 557 intentus
1024 505 1085 555 et
1115 495 1572 557 maledictorum
1599 497 1925 558 clamorem
1952 514 2167 560 omnes

96 579 519 654 profuderunt.
565 577 705 641 118.
754 578 877 639 Sed
911 579 1058 654 quid
1084 596 1199 654 ego
1232 578 1447 654 populi
1468 580 1726 640 Romani
1755 582 2019 640 animum
2048 581 2162 641 vir·

96 671 411 737 tutamque
452 678 863 724 commemoro
906 663 1240 722 libertatem
1284 663 1402 724 iam
1445 679 1522 722 ex
1557 664 1839 725 diuturna
1868 665 2165 728 servitute

95 744 512 821 dispicimus,
566 745 623 805 in
655 762 730 806 eo
766 746 1043 819 homine,
1095 745 1192 807 cui
1224 755 1349 806 tum
1383 746 1613 821 petenti
1648 745 1768 806 iam
1798 748 2166 809 aedilitatem

97 845 175 889 ne
233 827 566 890 histriones
630 829 876 905 quidem
928 845 1135 889 coram
1204 829 1443 890 sedenti
1496 839 1945 905 pepercerunt?
2016 833 2164 893 Nam

97 928 284 988 quum
326 920 611 988 ageretur
656 921 891 989 togata,
948 912 1286 984 SimulanS,
1341 921 1406 974 ut
1448 912 1702 989 opinor,
1755 922 2002 974 caterva
2041 924 2167 977 tota

93 1001 436 1064 clarissima
493 998 906 1059 concentione
959 997 1022 1056 in
1081 1013 1195 1058 ore
1243 997 1467 1074 impuri
1524 999 1788 1060 hominis
1842 999 2167 1061 imminens

94 1086 451 1148 contionata
503 1090 629 1143 est:
693 1083 886 1161 Huic,
951 1080 1101 1150 Tite,
1158 1088 1262 1142 tua
1304 1091 1442 1158 post
1471 1087 1788 1160 principia
1830 1091 2006 1159 atque
2045 1087 2177 1144 exi-

91 1180 185 1233 tus
211 1173 456 1232 vitiosae
488 1171 644 1228 vitae
677 1208 908 1226 ......
935 1165 1205 1226 Sedebat
1249 1166 1664 1237 exanimatus,
1712 1175 1774 1229 et
1802 1167 1887 1242 is,
1931 1167 2036 1243 qui
2064 1184 2173 1228 an-

98 1263 198 1314 tea
250 1268 567 1314 cantorum
618 1252 902 1314 convicio
956 1251 1276 1314 contiones
1335 1255 1645 1316 celebrare
1704 1271 1854 1315 suas
1907 1255 2164 1328 solebat,

99 1344 422 1397 cantorum
460 1337 737 1412 ipsorum
779 1337 1039 1398 vocibus
1086 1335 1461 1397 eiiciebatur.
1543 1337 1620 1398 Et
1670 1337 1955 1413 quoniam
2009 1340 2166 1400 sacta

99 1419 332 1480 mentio
365 1428 461 1480 est
489 1421 799 1493 ludorum,
840 1437 919 1480 ne
947 1420 1093 1481 illud
1126 1421 1372 1497 quidem
1404 1422 1902 1496 praetermittam,
1943 1421 2002 1480 in
2038 1440 2164 1483 ma·

100 1520 224 1578 gna
259 1503 546 1563 varietate
577 1502 1008 1565 sententiarum
1037 1519 1369 1579 numquam
1405 1505 1593 1564 ullum
1626 1502 1819 1564 fuisse
1853 1506 2073 1579 locum,
2105 1507 2163 1567 in

107 1602 232 1662 quo
267 1585 498 1662 aliquid
532 1604 567 1648 a
599 1591 782 1662 poeta
810 1587 1034 1650 dictum
1067 1590 1289 1650 cadere
1324 1587 1383 1648 in
1420 1596 1662 1662 tempus
1689 1596 1963 1648 nostrum
2000 1587 2166 1649 vide-

103 1679 272 1732 retur
313 1672 481 1746 quod
529 1680 634 1732 aut
680 1673 975 1748 populum
1022 1675 1375 1733 universum
1412 1673 1648 1747 fugeret
1674 1679 1779 1731 aut
1813 1687 1932 1732 non
1966 1672 2167 1747 expri-

100 1763 295 1816 meret
341 1755 479 1831 ipse
525 1764 714 1818 actor.
790 1755 933 1820 119.
990 1758 1093 1829 Et,
1127 1771 1393 1832 quaeso,
1444 1755 1563 1816 hoc
1605 1754 1665 1815 in
1698 1757 1866 1828 loco,
1909 1754 2168 1827 iudices,

100 1856 177 1899 ne
210 1856 333 1914 qua
374 1839 618 1901 levitate
652 1857 751 1902 me
795 1842 1043 1903 ductum
1085 1841 1164 1900 ad
1206 1839 1519 1901 insolitum
1548 1855 1742 1914 genus
1772 1838 2016 1899 dicendi
2049 1839 2168 1901 labi

98 1923 355 2001 putetiS,
391 1923 444 1986 si
473 1926 552 1986 de
583 1924 814 2000 poetis,
850 1926 928 1985 de
959 1923 1387 2000 liistrionibuS,
1439 1924 1517 1985 de
1545 1924 1704 1985 ludis
1734 1922 1790 1982 in
1823 1923 2048 1985 iudicio
2080 1926 2165 1987 lo·

96 2024 272 2085 quar.

267 2092 424 2149 LVI.
480 2093 614 2166 Non
648 2099 936 2152 sumtum
980 2090 1263 2166 ignaruS,
1315 2092 1583 2166 iudiceS,
1642 2108 1998 2166 causarum,
2043 2110 2163 2152 non

97 2185 224 2236 tam
260 2173 539 2234 insolens
569 2176 627 2232 in
661 2173 969 2247 dicendo.
1004 2184 1071 2235 ut
1106 2176 1269 2236 omni
1311 2193 1391 2236 ex
1434 2192 1661 2251 genere
1695 2178 2029 2237 orationem
2058 2193 2165 2236 au-

96 2274 307 2334 cuper!
340 2266 401 2319 et
445 2273 659 2317 omnes
700 2257 974 2332 undique
1013 2256 1313 2319 flosculos
1368 2275 1609 2334 carpam
1653 2268 1838 2336 atque
1884 2259 2166 2319 delibem.

69 2342 247 2403 ·Scio
281 2339 430 2418 quid
468 2341 739 2417 gravitas
789 2349 1022 2414 vestra,
1081 2341 1228 2418 quid
1270 2342 1424 2402 haec
1462 2344 1819 2415 advocatio,
1870 2341 2018 2419 quid
2068 2342 2170 2402 ille

96 2434 476 2497 conventuS‚
518 2424 662 2501 quid
696 2424 960 2501 dignitas
990 2426 1053 2485 P.
1085 2424 1301 2501 Sestii,
1332 2424 1479 2501 quid
1514 2425 1767 2502 periculi
1796 2426 2169 2503 magnitudO,

103 2509 252 2585 quid
281 2518 484 2583 aetam,
522 2510 667 2585 quid
697 2510 900 2571 honos
924 2526 1098 2573 meus
1129 2512 1420 2587 postulet.
1466 2510 1590 2572 Sed
1615 2510 1759 2571 mihi
1785 2509 2021 2587 sumpsi
2049 2511 2169 2571 hoc

101 2594 239 2654 loco
276 2592 614 2655 doctrinam
663 2594 989 2670 quamdam
1029 2595 1360 2669 iuventuti,
1425 2594 1530 2671 qui
1571 2603 1782 2656 essent
1823 2595 2169 2671 optimates.

100 2678 166 2736 In
222 2694 297 2737 ea
346 2679 716 2752 explicanda
761 2680 1303 2741 demonstrandum
1346 2688 1604 2740 estnon
1649 2695 1793 2741 esse
1835 2680 2191 2754 populares.

99 2777 317 2821 omncs
346 2778 456 2822 eos
474 2808 488 2833 ‚
526 2760 632 2837 qui
665 2770 967 2837 putentur.
1011 2764 1082 2823 Id
1110 2762 1395 2823 facillime
1419 2779 1799 2839 consequar,
1822 2763 1875 2822 si
1897 2758 2168 2823 universi

102 2844 317 2919 popuii
345 2845 637 2906 iudicium
669 2862 881 2906 verum
914 2856 976 2908 et
1014 2846 1437 2922 incorruptum
1472 2855 1532 2907 et
1570 2846 1622 2908 si
1664 2846 1910 2906 intimos
1941 2862 2167 2906 sensus

97 2927 361 2988 civitatis
386 2945 779 3005 expressero.
837 2927 979 2994 120.
1013 2930 1169 3005 Quid
1208 2930 1317 2990 fuit
1346 2929 1521 3003 illud,
1555 2932 1722 3007 quod
1750 2928 1990 2991 recenti
2013 2946 2168 2991 nun-

94 3011 181 3071 tio
235 3013 314 3072 de
338 3011 441 3073 illo
474 3021 726 3073 senatus
764 3016 1078 3091 consulto,
1106 3016 1277 3091 quod
1309 3016 1532 3075 factum
1562 3023 1660 3076 est
1686 3014 1743 3074 in
1771 3015 1996 3091 templo
2027 3012 2165 3076 Vir·

103 3094 274 3168 tutis,
309 3098 387 3155 ad
418 3097 598 3158 ludos
630 3111 1042 3173 scaenamque
1077 3100 1346 3175 perlat0‚
1376 3115 1682 3160 consessu
1713 3097 1975 3174 maximo
2003 3114 2168 3159 sum·

101 3196 239 3240 mus
267 3179 485 3240 artifex
516 3190 578 3241 et
609 3179 956 3243 mehercule
989 3199 1238 3258 semper
1266 3182 1529 3258 partium
1561 3182 1619 3242 in
1661 3200 1731 3243 re
1764 3181 2008 3257 publica
2043 3191 2164 3242 tam

105 3279 286 3337 quam
322 3263 381 3323 in
415 3280 643 3325 scaena
671 3263 1066 3340 optimarum,
1095 3266 1255 3326 flens
1286 3275 1346 3327 et
1373 3266 1602 3326 recenti
1631 3266 1857 3328 laetitia
1887 3272 1948 3325 et
1975 3264 2165 3324 mixto

94 3346 318 3408 dolore
357 3363 432 3407 ac
462 3348 770 3409 desiderio
802 3347 952 3421 mei,
1003 3348 1126 3424 egit
1163 3350 1243 3409 ad
1278 3349 1570 3425 populum
1602 3351 1941 3410 Romanum
1976 3348 2165 3407 multo

94 3430 485 3504 gravioribus
515 3429 720 3491 verbis
746 3449 945 3492 meam
975 3448 1242 3504 causam,
1282 3449 1462 3507 quam
1494 3441 1734 3505 egomet
1764 3432 1841 3491 de
1866 3446 1960 3504 me
1984 3442 2166 3502 agere

100 3513 489 3588 potuissem?
534 3514 765 3575 Summi
801 3515 959 3578 enim
996 3518 1216 3590 poetae
1262 3514 1569 3590 ingenium
1620 3530 1742 3573 non
1791 3514 1988 3571 solum
2035 3516 2165 3597 arte

94 3613 234 3674 sua,
259 3597 373 3659 sed
397 3596 575 3658 etiam
598 3599 812 3659 dolore
836 3598 1234 3675 exprimebat.
1291 3595 1443 3669 Quia
1471 3593 1667 3652 enims
1689 3594 1793 3664 qui
1816 3606 1941 3647 rem
1958 3587 2125 3657 publae
2142 3614 2165 3620 -
