2514 3928
125 309 201 364 ω
738 297 903 357 ΟΑΡ.
934 306 1166 359 8—10.
1212 304 1264 365 s.
1308 307 1575 360 ηιμ-32.
1646 297 1650 301 “
2084 299 2221 364 273

127 446 438 524 victorias»,
468 457 878 522 monumenta,
903 465 1171 520 munera,
1203 447 1547 525 triumphos
1568 450 1889 511 audientes
1913 458 1974 511 et
2001 452 2210 526 legen-

131 551 221 594 .es
251 542 410 594 tuos.
498 532 599 592 29.
633 531 754 591 Sed
788 530 904 591 nisi
928 533 1082 592 haec
1108 532 1255 592 urbs
1288 532 1553 593 stabilita
1584 532 1701 593 tuis
1733 531 2006 594 consiliis
2037 542 2097 596 et
2118 534 2209 595 in-

127 615 353 679 stitutis
384 614 528 688 erit,
578 615 896 690 vagabitur
925 616 1105 676 modo
1146 621 1317 676 tuum
1352 631 1575 675 nomen
1620 615 1801 691 longe
1830 625 2015 691 atque
2053 619 2208 682 late.-

124 700 341 761 sedem
370 698 648 760 stabilem
683 705 743 759 et
770 699 1139 760 domicilium
1174 707 1404 760 certum
1436 714 1560 758 non
1587 697 1852 759 habebit.
1905 699 2033 761 Erit
2053 699 2209 762 inter

124 799 241 845 eos
271 782 483 857 etiam,
520 781 622 857 qui
654 792 1001 858 nascentur,
1033 781 1192 845 sicut
1218 783 1378 843 inter
1407 798 1522 843 nos
1555 780 1682 855 fuit,
1714 798 1935 858 magna
1966 782 2205 845 dissen-

124 868 251 941 sio,
297 884 483 942 quum
524 864 624 925 alii
657 865 942 928 laudibus
985 868 1064 926 ad
1106 869 1341 928 caelum
1383 882 1483 926 res
1524 873 1662 927 tuas
1691 874 1902 942 gestas
1933 865 2208 941 efferent,

122 949 225 1010 alii
260 952 521 1010 sortasse
549 947 780 1025 aliquid
812 950 1141 1026 requirent,
1175 949 1365 1027 idque
1409 950 1507 1010 vel
1534 949 1882 1024 maximum,
1917 949 2034 1009 nisi
2064 950 2208 1011 belli

124 1032 323 1093 civilis
348 1032 695 1094 incendium
722 1034 920 1096 salute
944 1037 1175 1111 patriae
1209 1032 1590 1108 restinxeriS,
1616 1033 1856 1095 utillud
1880 1033 1986 1094 fati
2012 1034 2207 1094 fuisse

122 1116 437 1191 videatur,
475 1117 595 1177 hoc
643 1116 904 1178 consilii.
993 1117 1171 1178 Servi
1201 1116 1382 1192 igitur
1409 1118 1483 1178 iis
1517 1116 1696 1178 etiam
1726 1116 2063 1188 iudicibuS,
2099 1116 2202 1193 qui

123 1199 330 1260 ‘uultis
360 1207 504 1275 post
532 1198 798 1260 saeculis
829 1201 907 1260 de
940 1208 1000 1262 te
1033 1201 1387 1261 iudicabunt
1417 1211 1478 1261 et
1500 1201 1745 1277 quidem
1769 1202 1931 1262 haud
1965 1200 2096 1262 scio
2127 1218 2202 1260 an

124 1280 540 1357 incorruptius
590 1299 772 1357 quam
818 1299 951 1343 nos.
1037 1285 1185 1343 Nam
1217 1291 1280 1344 et
1306 1284 1441 1344 sine
1468 1299 1676 1344 amore
1712 1292 1772 1343 et
1801 1283 1937 1344 sine
1973 1284 2205 1359 cupidi-

125 1373 248 1426 tate
289 1372 349 1425 et
386 1381 601 1426 rursus
644 1363 778 1424 sine
823 1365 965 1426 odio
1010 1373 1070 1426 et
1115 1365 1250 1426 sine
1278 1365 1508 1425 invidia
1541 1365 1913 1427 iudicabunt.
1999 1365 2102 1427 30.
2139 1368 2207 1426 Id

122 1456 327 1510 autem
357 1447 534 1509 etiam
568 1446 620 1507 si
653 1455 773 1508 tum
807 1448 887 1507 ad
912 1456 1004 1524 te,
1033 1458 1098 1510 ut
1132 1448 1379 1524 quidam
1415 1449 1571 1509 falso
1603 1456 1841 1523 putant,
1872 1464 1993 1509 non
2023 1448 2206 1525 perti·

123 1530 324 1606 nebit,
365 1547 527 1592 nune
558 1540 721 1592 certe
761 1529 1023 1607 pertinet
1076 1549 1219 1593 esse
1249 1541 1307 1593 te
1335 1533 1544 1606 talem,
1586 1540 1652 1592 ut
1677 1539 1812 1592 tuas
1840 1532 2057 1593 laudes
2100 1533 2196 1592 ob·

127 1623 453 1678 scuratura
483 1615 644 1675 nulla
677 1632 967 1690 umquam
1002 1616 1081 1676 sit
1111 1614 1361 1677 oblivi0.

243 1700 315 1760 X.
350 1699 647 1760 Diversae
677 1699 1023 1760 voluntates
1051 1698 1273 1760 civium
1306 1701 1550 1759 fuerunt
1581 1697 2035 1771 distractaeque
2056 1714 2201 1758 sen«.

127 1781 370 1844 tentiae.
406 1783 537 1843 Non
564 1780 723 1843 enim
753 1781 1029 1843 consiliis
1061 1784 1261 1844 solum
1297 1791 1357 1844 et
1389 1781 1630 1855 studiis,
1661 1783 1776 1842 sed
1803 1780 1989 1842 armis
2025 1780 2204 1842 etiam

123 1874 186 1927 et
216 1865 434 1928 castris
469 1865 954 1927 dissidebamus:
987 1875 1116 1928 erat
1145 1865 1304 1926 enim
1336 1864 1681 1926 obscuritas
1719 1867 2038 1940 quaedam,
2073 1874 2202 1925 erat

125 1959 429 2012 certamen
463 1949 617 2011 inter
639 1950 1017 2011 clarissimos
1041 1951 1264 2011 duces:
1298 1946 1467 2011 multi
1491 1947 1847 2011 dubitabant
1869 1949 2014 2024 quid
2047 1949 2202 2024 opti·
2236 1991 2239 1997 -

125 2051 289 2094 mum
314 2039 499 2106 esset,
528 2034 696 2093 multi
730 2032 879 2107 quid
904 2032 1021 2093 sibi
1044 2032 1381 2108 expediret,
1416 2032 1584 2094 multi
1611 2030 1756 2108 quid
1783 2032 2046 2106 deceret,
2078 2048 2201 2093 non

125 2116 274 2177 ”uili
319 2114 499 2176 etiam
547 2114 695 2190 quid
734 2114 959 2176 liceret.
1048 2114 1148 2177 31.
1188 2116 1511 2177 Perfuncta
1552 2132 1652 2176 res
1682 2113 1928 2192 publica
1962 2123 2059 2176 est
2087 2115 2208 2176 hoe

130 2200 355 2262 misero
386 2196 673 2272 fatalique
704 2197 895 2258 bello=
943 2198 1090 2260 vicit
1120 2198 1204 2272 is,
1250 2198 1353 2275 qui
1385 2215 1506 2259 non
1538 2200 1776 2261 fortuna
1805 2197 2208 2260 inflammaret

126 2280 337 2344 odium
368 2297 563 2355 suum,
594 2281 704 2342 sed
737 2279 1001 2342 bonitate
1022 2280 1264 2354 leniret,
1300 2298 1413 2342 nee
1438 2283 1541 2357 qui
1571 2299 1806 2356 omneS,
1840 2280 2064 2356 quibus
2086 2280 2204 2342 ira-

126 2375 228 2427 tus
270 2373 466 2439 esset,
509 2365 763 2426 eosdem
806 2363 985 2424 etiam
1028 2363 1243 2426 exsilio
1268 2374 1372 2427 aut
1409 2374 1604 2428 morte
1632 2364 1853 2442 dignos
1884 2364 2201 2427 iudicaret.

123 2451 314 2509 Arma
342 2448 420 2508 ab
453 2446 590 2509 aliis
622 2446 853 2524 posita,
896 2448 974 2508 ab
1010 2449 1144 2510 aliis
1179 2458 1388 2526 erepta
1424 2457 1584 2511 sunt
1671 2450 1950 2525 Ingratus
1980 2457 2075 2511 est
2112 2448 2196 2509 in·

126 2534 451 2607 iustusque
482 2529 667 2605 civis,
714 2530 819 2606 qui
860 2548 1162 2593 armorum
1200 2535 1470 2608 periculo
1504 2532 1793 2593 liberatus
1824 2531 2088 2594 animum
2117 2541 2203 2593 ta·

126 2632 264 2676 men
299 2614 521 2702 retinet
554 2623 883 2688 armatum,
913 2625 979 2676 ut
1001 2614 1180 2677 etiam
1212 2616 1315 2676 ille
1344 2617 1558 2677 melior
1587 2615 1684 2690 sit,
1718 2614 1823 2692 qui
1848 2615 1906 2676 in
1943 2614 2077 2676 acie
2107 2630 2204 2675 ce-

122 2699 304 2773 cidit,
316 2675 455 2774 qui
497 2698 555 2760 in
588 2715 776 2759 causa
805 2698 1064 2759 animam
1100 2699 1388 2775 profudit.
1479 2700 1646 2773 Quae
1675 2699 1834 2759 enim
1871 2695 2208 2775 pertinacia

123 2781 525 2859 quibusdam,
570 2783 784 2843 eadem
834 2780 970 2842 aliis
1014 2782 1356 2844 constantia
1398 2780 1594 2842 videri
1637 2789 1860 2879 potest.
1945 2779 2046 2842 32.
2081 2780 2207 2841 Sed

119 2866 243 2928 iam
288 2863 489 2925 omnis
532 2865 722 2926 fracta
769 2864 1077 2926 dissensio
1120 2873 1216 2926 est
1264 2863 1480 2948 armis,
1539 2862 1843 2925 exstincta
1901 2864 2229 2940 aequitate⁴

119 2949 404 3011 victoris.
452 2956 642 3009 restat
663 2956 728 3009 ut
758 2964 972 3009 omnes
1007 2965 1193 3012 unum
1225 2935 1442 3023 velint,
1489 2946 1593 3024 qui
1624 2948 1808 3009 modo
1840 2949 2068 3010 habent
2099 2948 2212 3008 ali-

123 3032 276 3109 quid
313 3049 434 3094 non
469 3034 667 3093 solum
702 3030 1070 3129 sapientiae,
1114 3034 1228 3093 sed
1277 3031 1456 3093 etiam
1488 3030 1783 3093 sanitatis.
1867 3031 1998 3093 Nisi
2031 3039 2120 3103 te,
2141 3032 2204 3091 C.

122 3117 370 3189 Caesar,
403 3118 579 3178 salvo
611 3125 671 3177 et
700 3114 759 3175 in
787 3114 905 3177 ista
934 3114 1251 3189 sententia,
1287 3133 1408 3192 qua
1438 3132 1622 3191 quum
1660 3122 1838 3177 antea
1868 3124 1992 3178 tum
2022 3115 2208 3176 hodie

123 3202 222 3260 vel
252 3198 517 3260 maxime
547 3215 702 3260 usus
738 3216 825 3273 eS,
855 3206 1137 3259 manente
1173 3199 1331 3260 salvi
1355 3215 1649 3260 essenon
1683 3215 2035 3274 possumus.
2077 3197 2209 3273 Qua

119 3300 192 3343 re
239 3299 454 3345 omnes
498 3290 587 3358 te,
640 3283 745 3359 qui
793 3282 944 3344 haec
976 3284 1149 3343 salva
1180 3299 1325 3344 esse
1355 3284 1669 3355 volumuS,
1713 3291 1774 3344 et
1802 3283 2114 3344 hortamur
2147 3287 2209 3340 et

124 3366 560 3440 obsecramuS,
592 3373 657 3427 ut
685 3365 850 3426 vitae
900 3375 1039 3427 tuae
1070 3373 1131 3426 et
1162 3365 1341 3428 saluti
1365 3369 1687 3439 consulas
1711 3382 2052 3441 omnesque
2081 3361 2209 3433 tibi,

124 3455 193 3509 ut
234 3465 345 3523 pro
379 3449 516 3510 aliis
549 3448 729 3511 etiam
771 3450 991 3527 loquar
1042 3450 1209 3525 quod
1252 3451 1331 3510 de
1362 3466 1458 3510 me
1491 3448 1628 3526 ipse
1661 3448 1877 3521 sentio,
1917 3443 2209 3521 quoniam

127 3532 653 3677 ειιῐοεεεῧειξᾳιιίᾱ
684 3539 861 3609 putas
899 3533 1067 3609 quod
1098 3533 1439 3595 cavendum
1475 3531 1581 3612 sit,
1564 3530 1976 3673 ,ιιοιΙιΒιιιοᾱο
2023 3538 2212 3584 excu-

212 3630 305 3674 cxc
