2514 3928
215 244 335 308 134
585 244 733 305 PRO
762 264 829 305 μ.
863 242 1241 305 CORNELIO
1272 243 1530 302 BALBO
1563 242 1869 303 ORATIO.
2212 251 2286 305 36

211 410 272 460 et
308 396 715 474 perscriptum
754 395 966 457 fuisse.
1011 395 1142 470 Quo
1174 395 1361 456 modo
1393 394 1575 472 igitur
1599 396 1666 455 L.
1688 394 2010 457 Cossinius
2041 395 2284 469 Tiburs,

209 491 383 558 pater
422 480 605 543 huius
646 480 872 556 equitis
913 480 1201 552 Romani,
1249 479 1460 555 optimi
1503 488 1690 556 atque
1734 478 2105 541 ornatissimi
2148 480 2280 552 viri,

210 568 492 627 damnato
515 565 580 624 T.
607 564 830 640 caelin,
862 581 986 640 quo
1009 564 1193 625 modo
1225 581 1304 625 ex
1335 564 1550 624 eadem
1585 563 1828 625 civitate
1854 565 1919 624 T.
1944 562 2280 638 coponius,

211 648 365 710 civis
409 649 547 710 item
592 665 828 710 summa
869 650 1089 710 virtute
1137 655 1199 708 et
1243 647 1534 723 dignitate
1575 682 1660 691 —
1701 656 1963 725 nepotes
2002 648 2067 707 T.
2113 657 2175 710 et
2213 647 2281 709 C.
2339 664 2342 665 ⁷
2377 724 2382 725 ἶ

212 733 523 808 Coponios
554 734 751 794 nostis
795 768 864 777 —
893 735 1176 794 damnato
1214 731 1279 791 C.
1313 734 1601 805 Masone,
1655 731 1809 795 civis
1838 733 2155 794 Romanus
2185 742 2283 794 est

210 819 450 880 factus?
487 815 587 880 54.
619 819 713 877 An
747 817 955 893 lingua
984 825 1044 878 et
1071 815 1317 890 ingenio
1349 816 1624 891 patefieri
1647 816 1848 878 aditus
1871 817 1948 878 ad
1974 815 2279 879 civitatem

212 901 432 977 potuit,
480 918 663 962 manu
708 909 768 964 et
806 901 1026 962 virtute
1067 916 1191 960 non
1234 901 1474 976 potuit?
1512 917 1670 961 anne
1712 901 1790 962 de
1824 899 2003 962 nobis
2036 900 2282 961 trahere

211 986 412 1061 spolia
454 983 785 1046 foederatis
819 984 1072 1055 licebat,
1118 984 1197 1044 de
1222 983 1505 1045 hostibus
1536 1001 1658 1046 non
1692 985 1954 1046 licebat?
1996 1001 2075 1045 an
2112 984 2277 1060 quod

211 1067 474 1144 adipisci
520 1074 804 1144 poterant
844 1066 1143 1141 dicendo,
1191 1067 1256 1127 id
1305 1067 1398 1128 eis
1454 1070 1785 1145 pugnando
1836 1067 2098 1145 adsequi
2152 1085 2275 1129 non

208 1153 471 1214 licebat?
508 1168 585 1213 an
628 1151 974 1213 accusatori
1005 1151 1269 1212 maiores
1301 1152 1494 1213 nostri
1524 1152 1756 1216 maiora
1789 1153 2063 1228 praemia
2093 1168 2277 1228 quam

209 1235 486 1296 bellatori
515 1252 660 1298 esse
690 1237 1056 1298 voluerunt?

331 1320 545 1381 XXIV.
591 1319 769 1395 Quod
810 1319 864 1381 si
905 1320 1308 1383 acerbissima
1339 1323 1474 1397 lege
1509 1318 1771 1381 Servilia
1802 1320 2110 1396 principes
2141 1318 2276 1392 viri,

206 1402 560 1479 gravissimi
591 1413 654 1467 et
683 1404 1123 1481 sapientissimi
1154 1406 1347 1479 cives,
1381 1405 1540 1466 hanc
1569 1403 1817 1474 LatiniS,
1847 1403 1911 1464 id
1940 1412 2037 1467 est
2065 1403 2274 1464 foede.-

206 1489 382 1562 ratiS,
422 1489 582 1549 viam
611 1490 691 1549 ad
722 1488 1024 1552 civitatem
1061 1489 1275 1565 populi
1304 1489 1480 1552 iussu
1510 1496 1720 1565 patere
1748 1488 1917 1565 passi
1954 1497 2127 1561 sunt,
2168 1504 2276 1549 ne·

208 1589 329 1648 quc
370 1573 465 1634 ius
506 1581 603 1634 est
649 1573 767 1634 hoc
812 1573 1255 1649 reprehensum
1286 1571 1519 1634 Licinia
1558 1581 1618 1633 et
1641 1572 1843 1633 Mucia
1877 1574 2041 1649 lege,
2085 1589 2275 1647 quum

207 1656 567 1731 praesertim
596 1671 794 1731 genus
825 1655 1028 1732 ipsum
1058 1656 1473 1719 accusationis
1509 1665 1571 1717 et
1604 1673 1824 1718 nomen
1858 1667 1919 1718 et
1949 1656 2085 1718 eius
2109 1654 2275 1716 modi

208 1739 572 1814 praemium,
617 1740 783 1814 quod
827 1756 1006 1802 nemo
1042 1739 1304 1816 adsequi
1334 1748 1550 1817 posset
1576 1740 1694 1801 nisi
1727 1758 1804 1802 ex
1835 1737 2139 1804 senatoris
2172 1755 2272 1800 ca·

203 1823 497 1896 lamitate,
542 1838 745 1899 neque
787 1823 1058 1885 senatori
1102 1841 1306 1900 neque
1331 1826 1497 1887 bono
1534 1824 1819 1901 cuiquam
1850 1823 2029 1885 nimis
2060 1823 2271 1885 iucun-

206 1908 348 1968 dum
391 1922 533 1969 esse
564 1916 811 1983 posset,
856 1907 1253 1971 dubitandum
1287 1909 1398 1971 fuit
1434 1907 1578 1986 quin
1613 1927 1735 1986 quo
1773 1908 1834 1971 in
1864 1924 2089 1986 genere
2117 1905 2273 1970 iudi-

208 2008 342 2051 cum
375 1990 647 2067 praemia
675 2000 807 2053 rata
835 2002 1074 2074 essent,
1107 1993 1164 2054 in
1198 1994 1419 2055 eodem
1450 1993 1674 2055 iudicia
1704 1996 2136 2071 imperatorum
2168 2009 2272 2052 va-

206 2078 439 2136 lerent?
480 2092 623 2135 num
652 2076 877 2137 fundos
907 2076 1088 2153 igitur
1117 2079 1316 2140 factos
1351 2079 1618 2156 populos
1641 2078 1890 2140 Latinos
1913 2078 2274 2139 arbitramur

205 2167 312 2221 aut
342 2159 637 2221 Serviliae
667 2159 787 2236 legi
816 2170 921 2223 aut
988 2162 1229 2236 ceteris,
1262 2163 1485 2237 quibus
1509 2161 1739 2223 Latinis
1767 2161 2115 2224 hominibus
2142 2168 2272 2222 erat

203 2243 587 2320 propositum
620 2243 826 2320 aliqua
855 2261 936 2306 ex
970 2262 1038 2306 re
1060 2245 1398 2323 praemium
1422 2245 1729 2308 civitatis?
1769 2245 1871 2308 55.
1905 2243 2273 2321 cognoscite

203 2343 364 2388 nunc
396 2326 685 2388 iudicium
716 2337 986 2405 senatus,
1019 2332 1185 2405 quod
1220 2347 1470 2406 semper
1499 2328 1726 2392 iudicio
1749 2338 1845 2392 est
1865 2331 2079 2408 populi
2105 2344 2268 2389 com-

205 2411 549 2486 probatum.
622 2412 811 2473 Sacra
851 2412 1116 2487 CereriS‚
1160 2414 1429 2489 iudices,
1487 2431 1724 2477 summa
1768 2416 2035 2476 maiores
2078 2412 2269 2475 nostri

200 2493 497 2571 religione
541 2496 758 2558 confici
801 2495 1296 2574 caerimoniaque
1343 2500 1696 2572 voluerunt,
1739 2515 1899 2576 quae
1943 2514 2128 2574 quum
2170 2513 2269 2556 es·

203 2588 343 2640 sent
371 2581 698 2656 adsumpta
728 2581 805 2641 de
829 2580 1087 2643 Graecia
1114 2591 1175 2645 et
1203 2600 1317 2660 per
1335 2582 1602 2643 Graecas
1622 2587 1833 2643 curata
1862 2586 2007 2639 sunt
2026 2593 2274 2653 semper

203 2665 560 2726 sacerdotes
590 2672 652 2727 et
674 2664 908 2726 Graeca
941 2664 1143 2728 omnia
1173 2667 1500 2728 nominata.
1539 2665 1662 2727 Sed
1689 2682 1877 2741 quum
1893 2664 2076 2740 illam,
2108 2679 2270 2739 quae

203 2748 503 2811 Graecum
532 2748 682 2811 illud
712 2766 956 2812 sacrum
984 2760 1355 2813 monstraret
1381 2752 1437 2812 el
1469 2751 1726 2825 faceret,
1761 2767 1840 2811 ex
1874 2749 2126 2810 Graecia
2161 2746 2268 2806 dc-

206 2832 492 2908 ligerent,
538 2841 741 2895 tamen
785 2851 964 2897 sacra
1011 2852 1123 2912 pro
1175 2834 1412 2896 civibus
1455 2835 1654 2895 civem
1689 2835 1892 2896 facere
1922 2835 2269 2904 voluerunt,

201 2924 267 2975 ut
294 2915 448 2978 deos
476 2915 851 2981 immortales
882 2918 1136 2981 scientia
1170 2918 1495 2994 peregrina
1523 2927 1584 2980 et
1612 2928 1893 2989 externa,
1925 2925 2127 2980 mente
2156 2915 2266 2976 do·

201 2999 456 3060 mestica
494 3008 555 3061 et
598 3001 761 3062 civili
806 3011 1172 3078 precaretur.
1239 3004 1367 3063 Has
1399 3003 1756 3065 sacerdotes
1789 3002 1970 3063 video
2010 3003 2136 3065 rere
2164 3006 2272 3059 aut

201 3084 636 3158 Neapolitanas
665 3094 772 3146 aut
797 3086 1122 3148 Velienses
1164 3086 1390 3159 fuisse,
1438 3087 1885 3148 foederatarum
1913 3086 2047 3146 sine
2078 3079 2268 3144 dubio

200 3166 528 3229 civitatum.
571 3167 743 3231 Mitto
777 3177 1014 3232 vetera:
1046 3170 1327 3247 proxime
1361 3170 1501 3231 dico
1530 3179 1672 3232 ante
1695 3169 1996 3234 civitatem
2018 3166 2266 3229 Velien-

198 3250 373 3312 sibus
437 3252 637 3314 datam
699 3254 779 3315 de
832 3263 1087 3317 senatus
1140 3254 1440 3316 sententia
1500 3254 1562 3315 C.
1608 3253 1919 3315 Valerium
1962 3253 2269 3324 Flaccum,

198 3345 539 3408 praetorem
581 3338 910 3410 urbanum,
957 3336 1309 3401 nominatim
1352 3339 1433 3399 ad
1473 3340 1769 3414 populum
1799 3339 1878 3399 de
1913 3335 2271 3412 Calliphana

199 3418 520 3492 Veliense‚
550 3428 618 3482 ut
644 3437 720 3481 ea
748 3420 903 3483 civis
930 3422 1209 3483 Romana
1233 3431 1438 3495 esset,
1468 3422 1715 3484 tulisse=
1772 3439 1917 3482 num
1947 3419 2270 3496 igitur-aut

200 3502 427 3566 fundos
468 3504 666 3568 factos
694 3504 1025 3567 Velienses
1064 3515 1170 3568 aut
1207 3507 1593 3568 sacerdotem
1622 3504 1785 3566 illam
1816 3505 2013 3566 civem
2040 3504 2262 3564 Roma·

2491 730 2495 803 ἲ
