2514 3928
231 187 328 249 280
832 185 980 246 PRO
1011 186 1092 245 Μ.
1125 185 1401 246 CAELIO
1436 185 1742 247 ORATIO.

238 336 347 401 25.
383 339 543 413 Ergo
572 337 727 396 'haee
768 345 1226 409 removeantur,
1269 345 1336 398 ut
1361 337 1723 413 aliquando,
1776 337 1838 397 in
1873 335 2098 412 quibus
2128 354 2311 399 causa

241 421 468 494 nititur,
498 421 579 480 ad
613 436 689 480 ea
720 418 1056 480 veniamus.

369 507 469 567 XI.
513 503 929 563 Animadverti
960 504 1150 578 enim,
1192 504 1462 576 iudicem,
1492 502 1689 565 audiri
1718 521 1754 564 a
1787 503 1965 564 vobis
1994 521 2195 565 meum
2231 507 2312 563 sa-

240 589 568 660 miliarem,
607 588 674 646 L.
706 585 1107 662 Herennium,
1158 595 1513 664 perattente.
1572 589 1637 647 In
1682 604 1805 662 quo
1837 587 1954 648 etsi
1984 605 2206 663 magna
2235 604 2313 647 ex

238 681 419 748 parte
464 670 710 746 ingenio
752 670 886 730 eius
928 678 990 731 et
1037 673 1282 732 dicendi
1331 688 1558 746 genere
1609 672 1875 745 quodam
1927 671 2314 745 tenebamini,

240 766 445 816 tamen
491 771 611 815 non
656 771 987 828 numquam
1016 757 1277 815 verebar
1303 772 1382 815 ne
1424 756 1525 815 illa
1556 751 1857 816 subtiliter
1881 754 1959 815 ad
1993 754 2316 815 criminan-

236 841 390 900 dum
428 837 676 898 inducta
720 839 914 897 oratio
947 840 1023 898 ad
1059 839 1300 900 animos
1332 847 1573 900 vestros
1601 837 1831 899 sensim
1868 855 1941 898 ae
1972 837 2187 906 leniter
2215 854 2309 897 ac-

238 923 510 982 cederet.
595 921 760 982 Dixit
808 920 967 981 enim
1019 924 1205 983 multa
1250 924 1329 982 de
1368 921 1638 995 luxurie,
1687 922 1874 982 multa
1916 922 1995 982 de
2046 920 2315 992 libidine,

244 1008 435 1066 multa
463 1007 541 1064 de
574 1003 733 1064 vitiis
765 1004 1115 1079 iuventutiS,
1145 1008 1333 1066 multa
1357 1007 1434 1066 de
1462 1004 1754 1076 moribus,
1786 1012 1847 1065 et
1871 1006 1973 1080 qui
1997 1004 2056 1065 in
2081 1004 2342 1079 reliqua.

247 1090 370 1150 vita
413 1087 573 1148 mitis
619 1097 788 1148 esset
828 1097 888 1149 et
927 1090 988 1148 in
1028 1089 1142 1149 bac
1175 1090 1473 1150 suavitate
1505 1088 1920 1159 humanitatiS‚
1967 1106 2089 1163 qua
2122 1104 2314 1164 prope

242 1173 365 1233 iam
407 1172 785 1232 delectantur
827 1188 1071 1245 omneS‚
1114 1173 1349 1234 versari
1397 1172 1773 1248 periucunde
1818 1172 2070 1244 soleret,
2116 1171 2226 1231 luit
2254 1171 2311 1229 in

242 1258 359 1316 hac
385 1272 571 1314 causa
596 1254 897 1330 pertristis
925 1255 1170 1332 quidam
1199 1265 1471 1331 patruuS,
1496 1272 1738 1328 censor,
1762 1256 2077 1330 magisterz
2111 1253 2313 1314 obiur-

242 1339 414 1415 gavit
442 1338 522 1397 Μ,
560 1339 845 1412 Caelium,
878 1339 1036 1401 sicut
1066 1340 1365 1400 neminem
1395 1357 1685 1415 umquam
1715 1355 1969 1415 parens=
2020 1340 2206 1399 multa
2237 1339 2314 1398 de

241 1422 680 1484 incontinentia
710 1423 1298 1499 intemperantiaque
1329 1422 1634 1484 disseruit.
1696 1422 1853 1496 Quid
1883 1422 2195 1498 quaeritiS,
2226 1422 2313 1482 iu·

241 1508 418 1567 dices
433 1514 462 1564 ‘3
490 1506 884 1580 ignoscebam
908 1508 1087 1567 vobis
1112 1516 1338 1568 attente
1364 1507 1773 1579 audientibuS,
1794 1515 2123 1581 propterea
2147 1505 2314 1581 quod

240 1598 491 1666 egomet
521 1599 641 1649 tam
673 1589 843 1651 triste
873 1591 1020 1651 illud
1051 1599 1112 1650 et
1140 1599 1260 1651 tam
1304 1607 1591 1666 asperum
1620 1607 1815 1666 genus
1848 1589 2144 1651 orationis
2177 1589 2314 1647 hor-

242 1675 472 1734 rebam.
533 1672 636 1734 26.
665 1674 756 1732 Ac
789 1673 981 1748 prima
1011 1691 1153 1750 pars
1185 1674 1297 1735 fuit
1322 1675 1441 1748 illa,
1476 1691 1633 1750 quae
1665 1691 1762 1735 me
1785 1672 1988 1734 minus
2009 1674 2311 1743 movebat,

244 1757 443 1817 tuisse
476 1772 613 1816 meo
646 1757 998 1817 necessario
1020 1757 1268 1818 Bestiae
1294 1758 1561 1818 Caelium
1593 1757 1977 1817 familiaremz
2052 1771 2316 1818 cenasse

239 1842 411 1916 apud
443 1857 600 1913 eum,
635 1841 975 1902 ventitasse
998 1843 1265 1916 domum,
1302 1842 1616 1903 studuisse
1651 1849 1988 1917 praeturae.
2054 1841 2187 1900 Non
2218 1848 2313 1897 me

244 1925 398 1985 haec
443 1931 717 1996 movent,
775 1941 934 2001 quae
979 1925 1304 2002 perspicue
1347 1927 1501 1987 falsa
1541 1934 1701 1987 sunt.
1770 1923 2005 1986 Etenim
2038 1939 2149 1984 eos
2192 1937 2316 1982 una
2417 1932 2430 1947 ³

242 2022 510 2067 cenasse
565 2008 747 2077 dixit,
815 2008 919 2084 qui
952 2018 1057 2070 aut
1089 2011 1314 2071 absunt
1352 2017 1455 2071 aut
1496 2009 1717 2085 quibus
1741 2024 2003 2069 necesse
2034 2016 2129 2068 est
2151 2006 2314 2066 idem

246 2092 471 2153 dicere.
496 2095 508 2103 ’
539 2091 752 2165 Neque
780 2108 931 2152 vero
962 2093 1111 2154 illud
1140 2107 1237 2153 me
1268 2102 1629 2164 commovet,
1671 2093 1837 2168 quod
1862 2091 1979 2152 sibi
2001 2091 2061 2152 in
2084 2092 2321 2166 Luper-

243 2174 336 2235 cis
381 2175 655 2234 sodalem
699 2191 841 2235 esse
873 2177 1136 2237 Caelium
1173 2177 1342 2237 dixit.
1410 2178 1565 2237 Fera
1596 2177 1897 2251 quaedam
1933 2176 2225 2235 sodalitas
2255 2179 2320 2234 et

244 2260 432 2332 plane
471 2257 802 2331 pastoricia
851 2268 1035 2335 atque
1084 2263 1345 2336 agrestis
1397 2273 1824 2335 germanorum
1866 2260 2314 2334 Lupercorum=

244 2358 504 2416 quorum
539 2340 720 2402 coitio
755 2344 852 2403 illa
893 2344 1194 2406 silvestris
1224 2353 1365 2405 ante
1396 2352 1493 2405 est
1520 2344 1792 2405 instituta
1829 2360 2012 2417 quam
2038 2341 2317 2402 humani-

242 2433 346 2501 tas,
369 2432 555 2499 atque
584 2427 786 2499 leges:
831 2426 884 2487 si
920 2427 1164 2502 quidem
1199 2433 1322 2489 non
1355 2428 1540 2489 modo
1572 2428 1816 2489 nomina
1847 2428 2129 2487 deferunt
2161 2424 2321 2486 inter

241 2523 316 2567 se
371 2508 649 2580 sodales,
704 2510 815 2569 sed
858 2510 1036 2570 etiam
1077 2520 1554 2573 commemorant
1596 2511 1979 2571 sodalitatem
2028 2509 2086 2569 in
2136 2524 2314 2569 accu-

244 2593 464 2678 sandO,
492 2601 560 2653 ut
589 2610 666 2654 ne
697 2593 837 2668 quis
864 2593 927 2653 id
963 2597 1117 2655 forte
1149 2596 1384 2657 neseiat
1411 2596 1621 2656 timere
1654 2595 1994 2655 videantur.
2056 2590 2158 2654 27.
2191 2591 2318 2652 Sed

243 2676 398 2736 haec
421 2676 720 2737 omittam:
763 2677 982 2749 adina,
1018 2696 1176 2754 quae
1199 2696 1296 2740 me
1319 2678 1513 2753 magis
1535 2687 1875 2750 moverunt,
1899 2675 2316 2751 respondebo.

370 2760 734 2822 Deliciarum
781 2762 1119 2837 obiurgatio
1161 2762 1273 2824 fuit
1320 2764 1503 2838 longa
1548 2771 1607 2823 et
1655 2778 1730 2821 ea
1774 2760 1998 2834 lenior,
2053 2762 2319 2835 plusque

241 2842 677 2920 disputationis
718 2844 930 2905 habuit
973 2863 1152 2920 quam
1200 2844 1564 2907 atrocitatis:
1614 2862 1736 2920 quo
1768 2844 1946 2905 etiam
1989 2844 2195 2905 audita
2223 2849 2321 2902 est

239 2926 553 2987 attentius.
608 2928 757 2988 Nam
779 2928 841 2987 P.
868 2929 1134 3001 Clodius,
1166 2929 1401 2989 amicus
1424 2946 1619 3003 meus,
1645 2946 1830 3003 quum
1853 2945 1924 2989 se
1954 2925 2319 3004 gravissime

247 3009 911 3086 vehementissimeque
976 3013 1229 3074 iactaret
1284 3022 1344 3074 et
1393 3013 1596 3073 omnia
1643 3012 2055 3073 inflammatus
2108 3019 2320 3086 ageret

245 3092 611 3154 tristissimis
654 3094 887 3166 verbiS,
943 3114 1100 3157 voce
1155 3097 1450 3168 maxima,
1505 3096 1741 3158 tametsi
1795 3097 2134 3172 probabam
2182 3094 2318 3154 eius

245 3176 690 3251 eloquentiam,
736 3186 936 3238 tamen
980 3197 1102 3240 non
1154 3180 1682 3256 pertimescebam.
1755 3178 2011 3256 Aliquot
2050 3178 2208 3239 enim
2254 3177 2316 3237 in

244 3260 453 3321 causis
489 3261 627 3320 eum
655 3259 931 3322 videram
975 3264 1200 3324 frustra
1240 3263 1592 3339 litigantem.
1645 3262 1778 3323 Tibi
1818 3272 2051 3335 autem,
2104 3262 2317 3332 Balbe,

245 3346 637 3424 respondebo
663 3344 923 3421 primum
946 3348 1254 3422 precario,
1270 3346 1324 3408 si
1353 3348 1512 3420 lieet,
1542 3347 1596 3407 si
1628 3348 1721 3407 ras
1749 3355 1847 3408 est
1877 3345 2124 3407 defendi
2152 3361 2189 3403 a
2217 3360 2319 3403 mc

242 3444 413 3501 curn,
463 3430 564 3504 qui
607 3430 837 3490 nullum
868 3429 1219 3491 convivium
1248 3431 1547 3506 renuerit,
1592 3429 1830 3509 [qui-in
1865 3430 2058 3491 hortis
2093 3427 2321 3506 fuerit,]
