<?xml version="1.0" encoding="UTF-8"?>
<!DOCTYPE html PUBLIC "-//W3C//DTD XHTML 1.0 Transitional//EN"
    "http://www.w3.org/TR/xhtml1/DTD/xhtml1-transitional.dtd">
<html xmlns="http://www.w3.org/1999/xhtml" xml:lang="en" lang="en">
 <head>
  <title>
</title>
<meta http-equiv="Content-Type" content="text/html;charset=utf-8" />
  <meta name='ocr-system' content='tesseract 3.04.00' />
  <meta name='ocr-capabilities' content='ocr_page ocr_carea ocr_par ocr_line ocrx_word'/>
</head>
<body>
  <div class='ocr_page' id='page_1' title='image "./scriptaquaemans02cicegoog_0434.png"; bbox 0 0 2514 3928; ppageno 0'>
   <div class='ocr_carea' id='block_1_1' title="bbox 263 254 2340 323">
    <p class='ocr_par' dir='ltr' id='par_1_1' title="bbox 263 254 2340 323">
     <span class='ocr_line' id='line_1_1' title="bbox 263 254 2340 323; baseline -0.002 0"><span class='ocrx_word' id='word_1_1' title='bbox 263 259 391 323; x_wconf 76' lang='lat'>374</span> <span class='ocrx_word' id='word_1_2' title='bbox 556 259 633 318; x_wconf 76' lang='grc' dir='ltr'>ΙΝ</span> <span class='ocrx_word' id='word_1_3' title='bbox 662 258 747 320; x_wconf 85' lang='grc' dir='ltr'>Μ.</span> <span class='ocrx_word' id='word_1_4' title='bbox 774 256 1179 317; x_wconf 78' lang='lat' dir='ltr'>ANTONtUM</span> <span class='ocrx_word' id='word_1_5' title='bbox 1208 256 1492 318; x_wconf 79' lang='lat' dir='ltr'>ORATlo</span> <span class='ocrx_word' id='word_1_6' title='bbox 1523 254 1951 317; x_wconf 81' lang='lat' dir='ltr'>PfflLlPPch</span> <span class='ocrx_word' id='word_1_7' title='bbox 1974 256 2050 313; x_wconf 88' lang='lat' dir='ltr'>V.</span> <span class='ocrx_word' id='word_1_8' title='bbox 2269 264 2340 319; x_wconf 77' lang='lat'>76</span> 
     </span>
    </p>
   </div>
   <div class='ocr_carea' id='block_1_2' title="bbox 267 407 2361 3578">
    <p class='ocr_par' dir='ltr' id='par_1_2' title="bbox 267 407 2346 1488">
     <span class='ocr_line' id='line_1_2' title="bbox 270 407 2341 487; baseline -0.001 -15"><span class='ocrx_word' id='word_1_9' title='bbox 270 428 516 487; x_wconf 82' lang='lat' dir='ltr'>semper</span> <span class='ocrx_word' id='word_1_10' title='bbox 543 417 928 485; x_wconf 88' lang='lat' dir='ltr'>poscentem,</span> <span class='ocrx_word' id='word_1_11' title='bbox 972 424 1218 485; x_wconf 79' lang='lat' dir='ltr'><strong>semper</strong></span> <span class='ocrx_word' id='word_1_12' title='bbox 1247 408 1613 483; x_wconf 78' lang='lat' dir='ltr'>rapientem,</span> <span class='ocrx_word' id='word_1_13' title='bbox 1662 424 1910 483; x_wconf 86' lang='lat' dir='ltr'>semper</span> <span class='ocrx_word' id='word_1_14' title='bbox 1937 407 2187 467; x_wconf 87' lang='lat' dir='ltr'>ebrium.</span> <span class='ocrx_word' id='word_1_15' title='bbox 2257 413 2341 469; x_wconf 86' lang='lat' dir='ltr'>At</span> 
     </span>
     <span class='ocr_line' id='line_1_3' title="bbox 267 490 2340 568; baseline -0.002 -13"><span class='ocrx_word' id='word_1_16' title='bbox 267 494 402 568; x_wconf 87' lang='lat' dir='ltr'>ille,</span> <span class='ocrx_word' id='word_1_17' title='bbox 462 494 636 555; x_wconf 90' lang='lat' dir='ltr'>cuius</span> <span class='ocrx_word' id='word_1_18' title='bbox 679 508 758 551; x_wconf 89' lang='lat' dir='ltr'>ne</span> <span class='ocrx_word' id='word_1_19' title='bbox 801 500 1077 567; x_wconf 84' lang='lat' dir='ltr'>pacatam</span> <span class='ocrx_word' id='word_1_20' title='bbox 1126 491 1374 568; x_wconf 89' lang='lat' dir='ltr'>quidem</span> <span class='ocrx_word' id='word_1_21' title='bbox 1425 490 1757 567; x_wconf 75' lang='lat' dir='ltr'>nequitiam</span> <span class='ocrx_word' id='word_1_22' title='bbox 1803 492 2127 567; x_wconf 88' lang='lat' dir='ltr'>quisquam</span> <span class='ocrx_word' id='word_1_23' title='bbox 2178 492 2340 551; x_wconf 79' lang='lat' dir='ltr'>ferre</span> 
     </span>
     <span class='ocr_line' id='line_1_4' title="bbox 271 574 2337 653; baseline -0.001 -14"><span class='ocrx_word' id='word_1_24' title='bbox 271 587 513 653; x_wconf 90' lang='lat' dir='ltr'>posset,</span> <span class='ocrx_word' id='word_1_25' title='bbox 554 578 780 639; x_wconf 90' lang='lat' dir='ltr'>bellum</span> <span class='ocrx_word' id='word_1_26' title='bbox 823 574 1020 637; x_wconf 88' lang='lat' dir='ltr'>intulit</span> <span class='ocrx_word' id='word_1_27' title='bbox 1059 576 1412 651; x_wconf 84' lang='lat' dir='ltr'>provinciae</span> <span class='ocrx_word' id='word_1_28' title='bbox 1450 574 1716 636; x_wconf 85' lang='lat' dir='ltr'>Galliae=</span> <span class='ocrx_word' id='word_1_29' title='bbox 1761 575 2168 636; x_wconf 79' lang='lat' dir='ltr'>circumsedet</span> <span class='ocrx_word' id='word_1_30' title='bbox 2205 574 2337 636; x_wconf 86' lang='lat' dir='ltr'>Mu-</span> 
     </span>
     <span class='ocr_line' id='line_1_5' title="bbox 270 657 2341 735; baseline -0.001 -14"><span class='ocrx_word' id='word_1_31' title='bbox 270 661 486 734; x_wconf 89' lang='lat' dir='ltr'>tinam,</span> <span class='ocrx_word' id='word_1_32' title='bbox 517 660 928 721; x_wconf 80' lang='lat' dir='ltr'>firmissimam</span> <span class='ocrx_word' id='word_1_33' title='bbox 956 668 1018 721; x_wconf 89' lang='lat' dir='ltr'>et</span> <span class='ocrx_word' id='word_1_34' title='bbox 1050 657 1609 735; x_wconf 85' lang='lat' dir='ltr'>splendidissimam</span> <span class='ocrx_word' id='word_1_35' title='bbox 1642 659 1853 735; x_wconf 91' lang='lat' dir='ltr'>populi</span> <span class='ocrx_word' id='word_1_36' title='bbox 1885 657 2146 719; x_wconf 90' lang='lat' dir='ltr'>Romani</span> <span class='ocrx_word' id='word_1_37' title='bbox 2172 659 2341 719; x_wconf 87' lang='lat' dir='ltr'>colo-</span> 
     </span>
     <span class='ocr_line' id='line_1_6' title="bbox 269 740 2341 821; baseline -0.002 -16"><span class='ocrx_word' id='word_1_38' title='bbox 269 745 463 805; x_wconf 82' lang='lat' dir='ltr'>niam=</span> <span class='ocrx_word' id='word_1_39' title='bbox 519 752 837 821; x_wconf 79' lang='lat' dir='ltr'>oppugnat</span> <span class='ocrx_word' id='word_1_40' title='bbox 881 744 1277 817; x_wconf 85' lang='lat' dir='ltr'>D..Brutum,</span> <span class='ocrx_word' id='word_1_41' title='bbox 1323 742 1775 817; x_wconf 85' lang='lat' dir='ltr'>imperatorem,</span> <span class='ocrx_word' id='word_1_42' title='bbox 1819 745 2136 804; x_wconf 88' lang='lat' dir='ltr'>consulem</span> <span class='ocrx_word' id='word_1_43' title='bbox 2175 740 2341 803; x_wconf 84' lang='lat' dir='ltr'>desi·</span> 
     </span>
     <span class='ocr_line' id='line_1_7' title="bbox 273 826 2340 904; baseline -0.002 -15"><span class='ocrx_word' id='word_1_44' title='bbox 273 839 548 904; x_wconf 82' lang='lat' dir='ltr'>gnatum,</span> <span class='ocrx_word' id='word_1_45' title='bbox 590 827 787 888; x_wconf 87' lang='lat' dir='ltr'>civem</span> <span class='ocrx_word' id='word_1_46' title='bbox 829 844 951 887; x_wconf 91' lang='lat' dir='ltr'>non</span> <span class='ocrx_word' id='word_1_47' title='bbox 992 826 1140 904; x_wconf 84' lang='lat' dir='ltr'>sibi,</span> <span class='ocrx_word' id='word_1_48' title='bbox 1183 827 1299 886; x_wconf 78' lang='lat' dir='ltr'>sed</span> <span class='ocrx_word' id='word_1_49' title='bbox 1340 826 1520 888; x_wconf 84' lang='lat' dir='ltr'>nobis</span> <span class='ocrx_word' id='word_1_50' title='bbox 1563 836 1624 887; x_wconf 85' lang='lat' dir='ltr'>et</span> <span class='ocrx_word' id='word_1_51' title='bbox 1660 826 1749 887; x_wconf 83' lang='lat' dir='ltr'>rei</span> <span class='ocrx_word' id='word_1_52' title='bbox 1791 826 2073 902; x_wconf 85' lang='lat' dir='ltr'>publicae</span> <span class='ocrx_word' id='word_1_53' title='bbox 2111 835 2340 887; x_wconf 89' lang='lat' dir='ltr'>natum.</span> 
     </span>
     <span class='ocr_line' id='line_1_8' title="bbox 272 905 2343 988; baseline -0.001 -15"><span class='ocrx_word' id='word_1_54' title='bbox 272 910 375 974; x_wconf 87' lang='grc'>25.</span> <span class='ocrx_word' id='word_1_55' title='bbox 417 913 577 988; x_wconf 85' lang='lat' dir='ltr'>Ergo</span> <span class='ocrx_word' id='word_1_56' title='bbox 614 911 917 972; x_wconf 81' lang='lat' dir='ltr'>Hannibal</span> <span class='ocrx_word' id='word_1_57' title='bbox 949 909 1197 983; x_wconf 77' lang='lat' dir='ltr'>hostis,</span> <span class='ocrx_word' id='word_1_58' title='bbox 1252 910 1405 971; x_wconf 86' lang='lat' dir='ltr'>civis</span> <span class='ocrx_word' id='word_1_59' title='bbox 1445 905 1815 972; x_wconf 54' lang='lat' dir='ltr'>Antonius?</span> <span class='ocrx_word' id='word_1_60' title='bbox 1855 910 2010 985; x_wconf 85' lang='lat' dir='ltr'>Quid</span> <span class='ocrx_word' id='word_1_61' title='bbox 2051 908 2152 969; x_wconf 89' lang='lat' dir='ltr'>ille</span> <span class='ocrx_word' id='word_1_62' title='bbox 2197 907 2343 970; x_wconf 79' lang='lat' dir='ltr'>fecit</span> 
     </span>
     <span class='ocr_line' id='line_1_9' title="bbox 274 991 2343 1069; baseline -0.001 -13"><span class='ocrx_word' id='word_1_63' title='bbox 274 995 599 1067; x_wconf 73' lang='lat' dir='ltr'>hostiliter,</span> <span class='ocrx_word' id='word_1_64' title='bbox 641 996 808 1069; x_wconf 92' lang='lat' dir='ltr'>quod</span> <span class='ocrx_word' id='word_1_65' title='bbox 848 993 948 1054; x_wconf 90' lang='lat' dir='ltr'>hic</span> <span class='ocrx_word' id='word_1_66' title='bbox 994 1011 1117 1056; x_wconf 92' lang='lat' dir='ltr'>non</span> <span class='ocrx_word' id='word_1_67' title='bbox 1158 1002 1264 1054; x_wconf 86' lang='lat' dir='ltr'>aut</span> <span class='ocrx_word' id='word_1_68' title='bbox 1306 994 1518 1055; x_wconf 78' lang='lat' dir='ltr'>fecerit</span> <span class='ocrx_word' id='word_1_69' title='bbox 1561 1003 1666 1055; x_wconf 87' lang='lat' dir='ltr'>aut</span> <span class='ocrx_word' id='word_1_70' title='bbox 1711 992 1893 1054; x_wconf 79' lang='lat' dir='ltr'>faciat</span> <span class='ocrx_word' id='word_1_71' title='bbox 1927 1004 2032 1054; x_wconf 88' lang='lat' dir='ltr'>aut</span> <span class='ocrx_word' id='word_1_72' title='bbox 2059 991 2343 1064; x_wconf 85' lang='lat' dir='ltr'>moliatur</span> 
     </span>
     <span class='ocr_line' id='line_1_10' title="bbox 274 1076 2338 1153; baseline -0.001 -14"><span class='ocrx_word' id='word_1_73' title='bbox 274 1089 334 1140; x_wconf 92' lang='lat' dir='ltr'>et</span> <span class='ocrx_word' id='word_1_74' title='bbox 373 1078 643 1153; x_wconf 68' lang='lat' dir='ltr'>cogitet?</span> <span class='ocrx_word' id='word_1_75' title='bbox 682 1078 897 1139; x_wconf 86' lang='lat' dir='ltr'>Totum</span> <span class='ocrx_word' id='word_1_76' title='bbox 928 1078 1041 1139; x_wconf 77' lang='lat' dir='ltr'>iter</span> <span class='ocrx_word' id='word_1_77' title='bbox 1059 1076 1464 1141; x_wconf 88' lang='lat' dir='ltr'>Antoniorum</span> <span class='ocrx_word' id='word_1_78' title='bbox 1491 1078 1637 1152; x_wconf 89' lang='lat' dir='ltr'>quid</span> <span class='ocrx_word' id='word_1_79' title='bbox 1668 1076 1881 1138; x_wconf 86' lang='lat' dir='ltr'>habuit</span> <span class='ocrx_word' id='word_1_80' title='bbox 1906 1077 2024 1137; x_wconf 84' lang='lat' dir='ltr'>nisi</span> <span class='ocrx_word' id='word_1_81' title='bbox 2057 1078 2338 1151; x_wconf 87' lang='lat' dir='ltr'>depopu-</span> 
     </span>
     <span class='ocr_line' id='line_1_11' title="bbox 275 1159 2343 1237; baseline 0 -17"><span class='ocrx_word' id='word_1_82' title='bbox 275 1161 566 1235; x_wconf 79' lang='lat' dir='ltr'>lationeS,</span> <span class='ocrx_word' id='word_1_83' title='bbox 607 1161 1010 1233; x_wconf 71' lang='lat' dir='ltr'>vastationeS‚</span> <span class='ocrx_word' id='word_1_84' title='bbox 1054 1163 1312 1235; x_wconf 86' lang='lat' dir='ltr'>caedes,</span> <span class='ocrx_word' id='word_1_85' title='bbox 1362 1160 1656 1237; x_wconf 70' lang='lat' dir='ltr'>rapinas?</span> <span class='ocrx_word' id='word_1_86' title='bbox 1712 1178 1867 1236; x_wconf 86' lang='lat' dir='ltr'>quas</span> <span class='ocrx_word' id='word_1_87' title='bbox 1912 1178 2034 1222; x_wconf 88' lang='lat' dir='ltr'>non</span> <span class='ocrx_word' id='word_1_88' title='bbox 2077 1159 2343 1220; x_wconf 75' lang='lat' dir='ltr'>faciebat</span> 
     </span>
     <span class='ocr_line' id='line_1_12' title="bbox 273 1242 2341 1319; baseline -0.001 -14"><span class='ocrx_word' id='word_1_89' title='bbox 273 1243 605 1318; x_wconf 86' lang='lat' dir='ltr'>Hannibal,</span> <span class='ocrx_word' id='word_1_90' title='bbox 673 1244 816 1319; x_wconf 89' lang='lat' dir='ltr'>quia</span> <span class='ocrx_word' id='word_1_91' title='bbox 869 1246 1055 1306; x_wconf 79' lang='lat' dir='ltr'>multa</span> <span class='ocrx_word' id='word_1_92' title='bbox 1105 1246 1185 1305; x_wconf 88' lang='lat' dir='ltr'>ad</span> <span class='ocrx_word' id='word_1_93' title='bbox 1241 1262 1419 1306; x_wconf 86' lang='lat' dir='ltr'>usum</span> <span class='ocrx_word' id='word_1_94' title='bbox 1480 1261 1658 1307; x_wconf 89' lang='lat' dir='ltr'>suum</span> <span class='ocrx_word' id='word_1_95' title='bbox 1711 1244 2091 1315; x_wconf 87' lang='lat' dir='ltr'>reservabat,</span> <span class='ocrx_word' id='word_1_96' title='bbox 2150 1252 2217 1305; x_wconf 88' lang='lat' dir='ltr'>at</span> <span class='ocrx_word' id='word_1_97' title='bbox 2257 1242 2341 1317; x_wconf 87' lang='lat' dir='ltr'>hi,</span> 
     </span>
     <span class='ocr_line' id='line_1_13' title="bbox 276 1325 2346 1404; baseline -0.001 -15"><span class='ocrx_word' id='word_1_98' title='bbox 276 1328 381 1404; x_wconf 90' lang='lat' dir='ltr'>qui</span> <span class='ocrx_word' id='word_1_99' title='bbox 427 1327 485 1388; x_wconf 87' lang='lat' dir='ltr'>in</span> <span class='ocrx_word' id='word_1_100' title='bbox 528 1328 741 1390; x_wconf 90' lang='lat' dir='ltr'>horam</span> <span class='ocrx_word' id='word_1_101' title='bbox 787 1328 1093 1402; x_wconf 91' lang='lat' dir='ltr'>viverent,</span> <span class='ocrx_word' id='word_1_102' title='bbox 1136 1346 1260 1389; x_wconf 91' lang='lat' dir='ltr'>non</span> <span class='ocrx_word' id='word_1_103' title='bbox 1308 1329 1491 1389; x_wconf 89' lang='lat' dir='ltr'>modo</span> <span class='ocrx_word' id='word_1_104' title='bbox 1532 1330 1610 1389; x_wconf 89' lang='lat' dir='ltr'>de</span> <span class='ocrx_word' id='word_1_105' title='bbox 1647 1329 1902 1390; x_wconf 76' lang='lat' dir='ltr'>fortunis</span> <span class='ocrx_word' id='word_1_106' title='bbox 1944 1338 2004 1389; x_wconf 85' lang='lat' dir='ltr'>et</span> <span class='ocrx_word' id='word_1_107' title='bbox 2043 1329 2123 1389; x_wconf 89' lang='lat' dir='ltr'>de</span> <span class='ocrx_word' id='word_1_108' title='bbox 2159 1325 2346 1388; x_wconf 83' lang='lat' dir='ltr'>bonis</span> 
     </span>
     <span class='ocr_line' id='line_1_14' title="bbox 275 1411 2084 1488; baseline -0.001 -16"><span class='ocrx_word' id='word_1_109' title='bbox 275 1411 531 1487; x_wconf 89' lang='lat' dir='ltr'>civium,</span> <span class='ocrx_word' id='word_1_110' title='bbox 575 1414 685 1473; x_wconf 87' lang='lat' dir='ltr'>sed</span> <span class='ocrx_word' id='word_1_111' title='bbox 723 1430 799 1473; x_wconf 86' lang='lat' dir='ltr'>ne</span> <span class='ocrx_word' id='word_1_112' title='bbox 829 1414 907 1473; x_wconf 89' lang='lat' dir='ltr'>de</span> <span class='ocrx_word' id='word_1_113' title='bbox 943 1413 1197 1475; x_wconf 85' lang='lat' dir='ltr'>utilitate</span> <span class='ocrx_word' id='word_1_114' title='bbox 1229 1413 1472 1488; x_wconf 87' lang='lat' dir='ltr'>quidem</span> <span class='ocrx_word' id='word_1_115' title='bbox 1505 1432 1618 1474; x_wconf 88' lang='lat' dir='ltr'>sua</span> <span class='ocrx_word' id='word_1_116' title='bbox 1648 1412 2084 1487; x_wconf 88' lang='lat' dir='ltr'>cogitaverunt.</span> 
     </span>
    </p>

    <p class='ocr_par' dir='ltr' id='par_1_3' title="bbox 274 1494 2361 3578">
     <span class='ocr_line' id='line_1_15' title="bbox 395 1494 2344 1572; baseline 0.001 -17"><span class='ocrx_word' id='word_1_117' title='bbox 395 1496 493 1557; x_wconf 83' lang='lat' dir='ltr'>Ad</span> <span class='ocrx_word' id='word_1_118' title='bbox 535 1496 726 1569; x_wconf 90' lang='lat' dir='ltr'>hunc,</span> <span class='ocrx_word' id='word_1_119' title='bbox 772 1498 834 1557; x_wconf 90' lang='lat' dir='ltr'>di</span> <span class='ocrx_word' id='word_1_120' title='bbox 874 1496 1048 1558; x_wconf 81' lang='lat' dir='ltr'>boni!</span> <span class='ocrx_word' id='word_1_121' title='bbox 1096 1499 1331 1572; x_wconf 82' lang='lat' dir='ltr'>legatos</span> <span class='ocrx_word' id='word_1_122' title='bbox 1372 1497 1523 1557; x_wconf 90' lang='lat' dir='ltr'>mitti</span> <span class='ocrx_word' id='word_1_123' title='bbox 1563 1499 1800 1571; x_wconf 68' lang='lat' dir='ltr'>placet?</span> <span class='ocrx_word' id='word_1_124' title='bbox 1840 1497 2074 1558; x_wconf 87' lang='lat' dir='ltr'>Norunt</span> <span class='ocrx_word' id='word_1_125' title='bbox 2099 1494 2201 1557; x_wconf 87' lang='lat' dir='ltr'>isti</span> <span class='ocrx_word' id='word_1_126' title='bbox 2231 1496 2344 1556; x_wconf 92' lang='lat' dir='ltr'>ho-</span> 
     </span>
     <span class='ocr_line' id='line_1_16' title="bbox 275 1578 2347 1656; baseline -0.001 -17"><span class='ocrx_word' id='word_1_127' title='bbox 275 1580 470 1640; x_wconf 86' lang='lat' dir='ltr'>mines</span> <span class='ocrx_word' id='word_1_128' title='bbox 515 1582 769 1641; x_wconf 81' lang='lat' dir='ltr'>formam</span> <span class='ocrx_word' id='word_1_129' title='bbox 809 1581 898 1641; x_wconf 89' lang='lat' dir='ltr'>rei</span> <span class='ocrx_word' id='word_1_130' title='bbox 944 1580 1255 1655; x_wconf 87' lang='lat' dir='ltr'>publicae,</span> <span class='ocrx_word' id='word_1_131' title='bbox 1296 1580 1429 1641; x_wconf 87' lang='lat' dir='ltr'>iura</span> <span class='ocrx_word' id='word_1_132' title='bbox 1469 1581 1639 1655; x_wconf 87' lang='lat' dir='ltr'>belli,</span> <span class='ocrx_word' id='word_1_133' title='bbox 1681 1582 1966 1656; x_wconf 87' lang='lat' dir='ltr'>exempla</span> <span class='ocrx_word' id='word_1_134' title='bbox 2002 1578 2347 1641; x_wconf 77' lang='lat' dir='ltr'>maiome</span> 
     </span>
     <span class='ocr_line' id='line_1_17' title="bbox 276 1662 2343 1740; baseline -0 -16"><span class='ocrx_word' id='word_1_135' title='bbox 276 1663 543 1738; x_wconf 85' lang='lat' dir='ltr'>cogitant</span> <span class='ocrx_word' id='word_1_136' title='bbox 572 1663 718 1739; x_wconf 90' lang='lat' dir='ltr'>quid</span> <span class='ocrx_word' id='word_1_137' title='bbox 744 1664 955 1740; x_wconf 91' lang='lat' dir='ltr'>populi</span> <span class='ocrx_word' id='word_1_138' title='bbox 975 1664 1234 1725; x_wconf 87' lang='lat' dir='ltr'>Romani</span> <span class='ocrx_word' id='word_1_139' title='bbox 1257 1662 1563 1737; x_wconf 84' lang='lat' dir='ltr'>maiestas,</span> <span class='ocrx_word' id='word_1_140' title='bbox 1598 1665 1745 1740; x_wconf 91' lang='lat' dir='ltr'>quid</span> <span class='ocrx_word' id='word_1_141' title='bbox 1769 1673 2020 1726; x_wconf 89' lang='lat' dir='ltr'>senatus</span> <span class='ocrx_word' id='word_1_142' title='bbox 2040 1662 2343 1725; x_wconf 83' lang='lat' dir='ltr'>severitas</span> 
     </span>
     <span class='ocr_line' id='line_1_18' title="bbox 275 1747 2344 1823; baseline -0.002 -16"><span class='ocrx_word' id='word_1_143' title='bbox 275 1748 589 1821; x_wconf 70' lang='lat' dir='ltr'>postulet?</span> <span class='ocrx_word' id='word_1_144' title='bbox 643 1749 904 1823; x_wconf 85' lang='lat' dir='ltr'>Legatos</span> <span class='ocrx_word' id='word_1_145' title='bbox 946 1748 1275 1808; x_wconf 76' lang='lat' dir='ltr'>decernis?</span> <span class='ocrx_word' id='word_1_146' title='bbox 1314 1747 1410 1815; x_wconf 88' lang='lat' dir='ltr'>Si,</span> <span class='ocrx_word' id='word_1_147' title='bbox 1453 1757 1520 1808; x_wconf 93' lang='lat' dir='ltr'>ut</span> <span class='ocrx_word' id='word_1_148' title='bbox 1559 1749 1922 1823; x_wconf 84' lang='lat' dir='ltr'>deprecere,</span> <span class='ocrx_word' id='word_1_149' title='bbox 1963 1755 2344 1810; x_wconf 82' lang='lat' dir='ltr'>contemnet=</span> 
     </span>
     <span class='ocr_line' id='line_1_19' title="bbox 278 1828 2345 1906; baseline 0.001 -16"><span class='ocrx_word' id='word_1_150' title='bbox 278 1828 360 1901; x_wconf 88' lang='lat' dir='ltr'>si,</span> <span class='ocrx_word' id='word_1_151' title='bbox 404 1836 471 1889; x_wconf 92' lang='lat' dir='ltr'>ut</span> <span class='ocrx_word' id='word_1_152' title='bbox 503 1830 800 1906; x_wconf 78' lang='lat' dir='ltr'>impereS,</span> <span class='ocrx_word' id='word_1_153' title='bbox 834 1847 955 1890; x_wconf 90' lang='lat' dir='ltr'>non</span> <span class='ocrx_word' id='word_1_154' title='bbox 989 1830 1222 1892; x_wconf 80' lang='lat' dir='ltr'>audiet=</span> <span class='ocrx_word' id='word_1_155' title='bbox 1263 1831 1530 1905; x_wconf 91' lang='lat' dir='ltr'>denique</span> <span class='ocrx_word' id='word_1_156' title='bbox 1561 1831 1842 1906; x_wconf 88' lang='lat' dir='ltr'>quamvis</span> <span class='ocrx_word' id='word_1_157' title='bbox 1875 1848 2094 1893; x_wconf 90' lang='lat' dir='ltr'>severa</span> <span class='ocrx_word' id='word_1_158' title='bbox 2124 1829 2345 1906; x_wconf 83' lang='lat' dir='ltr'>tegatis</span> 
     </span>
     <span class='ocr_line' id='line_1_20' title="bbox 275 1913 2343 1991; baseline 0.001 -19"><span class='ocrx_word' id='word_1_159' title='bbox 275 1913 562 1975; x_wconf 84' lang='lat' dir='ltr'>mandata</span> <span class='ocrx_word' id='word_1_160' title='bbox 603 1914 984 1987; x_wconf 79' lang='lat' dir='ltr'>ded-erimuS,</span> <span class='ocrx_word' id='word_1_161' title='bbox 1036 1932 1255 1977; x_wconf 89' lang='lat' dir='ltr'>nomen</span> <span class='ocrx_word' id='word_1_162' title='bbox 1297 1915 1499 1990; x_wconf 90' lang='lat' dir='ltr'>ipsum</span> <span class='ocrx_word' id='word_1_163' title='bbox 1543 1916 1875 1990; x_wconf 84' lang='lat' dir='ltr'>legatorum</span> <span class='ocrx_word' id='word_1_164' title='bbox 1917 1915 2110 1989; x_wconf 91' lang='lat' dir='ltr'>hunc,</span> <span class='ocrx_word' id='word_1_165' title='bbox 2157 1930 2343 1991; x_wconf 87' lang='lat' dir='ltr'>quem</span> 
     </span>
     <span class='ocr_line' id='line_1_21' title="bbox 278 1997 2341 2075; baseline 0.001 -19"><span class='ocrx_word' id='word_1_166' title='bbox 278 1997 587 2072; x_wconf 63' lang='lat' dir='ltr'>videnum,</span> <span class='ocrx_word' id='word_1_167' title='bbox 634 1999 844 2074; x_wconf 88' lang='lat' dir='ltr'>populi</span> <span class='ocrx_word' id='word_1_168' title='bbox 878 1999 1136 2061; x_wconf 86' lang='lat' dir='ltr'>Romani</span> <span class='ocrx_word' id='word_1_169' title='bbox 1166 2001 1500 2075; x_wconf 79' lang='lat' dir='ltr'>restinguet</span> <span class='ocrx_word' id='word_1_170' title='bbox 1527 2001 1839 2072; x_wconf 87' lang='lat' dir='ltr'>ardorem,</span> <span class='ocrx_word' id='word_1_171' title='bbox 1873 2000 2341 2075; x_wconf 84' lang='lat' dir='ltr'>municipiorum</span> 
     </span>
     <span class='ocr_line' id='line_1_22' title="bbox 275 2081 2349 2158; baseline -0.001 -16"><span class='ocrx_word' id='word_1_172' title='bbox 275 2090 460 2157; x_wconf 87' lang='lat' dir='ltr'>atque</span> <span class='ocrx_word' id='word_1_173' title='bbox 494 2081 699 2143; x_wconf 87' lang='lat' dir='ltr'>ltaliae</span> <span class='ocrx_word' id='word_1_174' title='bbox 728 2083 963 2158; x_wconf 79' lang='lat' dir='ltr'>franget</span> <span class='ocrx_word' id='word_1_175' title='bbox 992 2082 1251 2144; x_wconf 87' lang='lat' dir='ltr'>animos.</span> <span class='ocrx_word' id='word_1_176' title='bbox 1304 2083 1384 2144; x_wconf 90' lang='lat' dir='ltr'>Ut</span> <span class='ocrx_word' id='word_1_177' title='bbox 1414 2084 1678 2145; x_wconf 87' lang='lat' dir='ltr'>omittam</span> <span class='ocrx_word' id='word_1_178' title='bbox 1713 2085 1893 2156; x_wconf 87' lang='lat' dir='ltr'>haec,</span> <span class='ocrx_word' id='word_1_179' title='bbox 1933 2099 2091 2156; x_wconf 86' lang='lat' dir='ltr'>quae</span> <span class='ocrx_word' id='word_1_180' title='bbox 2120 2098 2349 2157; x_wconf 84' lang='lat' dir='ltr'>magna</span> 
     </span>
     <span class='ocr_line' id='line_1_23' title="bbox 278 2166 2344 2240; baseline -0.001 -15"><span class='ocrx_word' id='word_1_181' title='bbox 278 2175 449 2236; x_wconf 88' lang='lat' dir='ltr'>sunt,</span> <span class='ocrx_word' id='word_1_182' title='bbox 491 2175 661 2227; x_wconf 80' lang='lat' dir='ltr'>certe</span> <span class='ocrx_word' id='word_1_183' title='bbox 703 2167 820 2227; x_wconf 88' lang='lat' dir='ltr'>ista</span> <span class='ocrx_word' id='word_1_184' title='bbox 858 2167 1080 2240; x_wconf 87' lang='lat' dir='ltr'>legatio</span> <span class='ocrx_word' id='word_1_185' title='bbox 1123 2184 1353 2229; x_wconf 87' lang='lat' dir='ltr'>moram</span> <span class='ocrx_word' id='word_1_186' title='bbox 1393 2176 1454 2228; x_wconf 90' lang='lat' dir='ltr'>et</span> <span class='ocrx_word' id='word_1_187' title='bbox 1491 2168 1827 2228; x_wconf 85' lang='lat' dir='ltr'>tarditatem</span> <span class='ocrx_word' id='word_1_188' title='bbox 1877 2169 2115 2228; x_wconf 80' lang='lat' dir='ltr'>adferet</span> <span class='ocrx_word' id='word_1_189' title='bbox 2154 2166 2344 2227; x_wconf 88' lang='lat' dir='ltr'>bello.</span> 
     </span>
     <span class='ocr_line' id='line_1_24' title="bbox 276 2247 2347 2325; baseline 0 -15"><span class='ocrx_word' id='word_1_190' title='bbox 276 2247 377 2310; x_wconf 87' lang='grc'>26.</span> <span class='ocrx_word' id='word_1_191' title='bbox 418 2247 708 2321; x_wconf 82' lang='lat' dir='ltr'>Quamvis</span> <span class='ocrx_word' id='word_1_192' title='bbox 757 2249 990 2321; x_wconf 88' lang='lat' dir='ltr'>dicant,</span> <span class='ocrx_word' id='word_1_193' title='bbox 1035 2252 1204 2324; x_wconf 90' lang='lat' dir='ltr'>quod</span> <span class='ocrx_word' id='word_1_194' title='bbox 1244 2252 1545 2325; x_wconf 89' lang='lat' dir='ltr'>quosdam</span> <span class='ocrx_word' id='word_1_195' title='bbox 1573 2251 1757 2312; x_wconf 88' lang='lat' dir='ltr'>audio</span> <span class='ocrx_word' id='word_1_196' title='bbox 1786 2251 2087 2312; x_wconf 87' lang='lat' dir='ltr'>dicturos=</span> <span class='ocrx_word' id='word_1_197' title='bbox 2128 2248 2347 2324; x_wconf 80' lang='lat' dir='ltr'>Legati</span> 
     </span>
     <span class='ocr_line' id='line_1_25' title="bbox 276 2332 2347 2409; baseline 0.001 -19"><span class='ocrx_word' id='word_1_198' title='bbox 276 2332 771 2407; x_wconf 73' lang='lat' dir='ltr'>proficiscantur:</span> <span class='ocrx_word' id='word_1_199' title='bbox 801 2333 1025 2392; x_wconf 89' lang='lat' dir='ltr'>bellum</span> <span class='ocrx_word' id='word_1_200' title='bbox 1050 2332 1235 2394; x_wconf 86' lang='lat' dir='ltr'>nihilo</span> <span class='ocrx_word' id='word_1_201' title='bbox 1264 2333 1465 2396; x_wconf 87' lang='lat' dir='ltr'>minus</span> <span class='ocrx_word' id='word_1_202' title='bbox 1488 2344 1750 2409; x_wconf 86' lang='lat' dir='ltr'>paretur,</span> <span class='ocrx_word' id='word_1_203' title='bbox 1779 2344 1979 2396; x_wconf 87' lang='lat' dir='ltr'>tamen</span> <span class='ocrx_word' id='word_1_204' title='bbox 2004 2335 2347 2409; x_wconf 84' lang='lat' dir='ltr'>legatorum</span> 
     </span>
     <span class='ocr_line' id='line_1_26' title="bbox 277 2413 2346 2490; baseline 0.002 -17"><span class='ocrx_word' id='word_1_205' title='bbox 277 2430 496 2474; x_wconf 89' lang='lat' dir='ltr'>nomen</span> <span class='ocrx_word' id='word_1_206' title='bbox 527 2413 729 2490; x_wconf 85' lang='lat' dir='ltr'>ipsum</span> <span class='ocrx_word' id='word_1_207' title='bbox 759 2424 820 2477; x_wconf 92' lang='lat' dir='ltr'>et</span> <span class='ocrx_word' id='word_1_208' title='bbox 848 2416 1085 2477; x_wconf 88' lang='lat' dir='ltr'>animos</span> <span class='ocrx_word' id='word_1_209' title='bbox 1115 2416 1427 2478; x_wconf 87' lang='lat' dir='ltr'>hominum</span> <span class='ocrx_word' id='word_1_210' title='bbox 1455 2418 1683 2479; x_wconf 89' lang='lat' dir='ltr'>molliet</span> <span class='ocrx_word' id='word_1_211' title='bbox 1711 2428 1772 2480; x_wconf 86' lang='lat' dir='ltr'>et</span> <span class='ocrx_word' id='word_1_212' title='bbox 1799 2417 1940 2478; x_wconf 89' lang='lat' dir='ltr'>belli</span> <span class='ocrx_word' id='word_1_213' title='bbox 1969 2416 2346 2479; x_wconf 81' lang='lat' dir='ltr'>celeritatem</span> 
     </span>
     <span class='ocr_line' id='line_1_27' title="bbox 276 2498 2350 2577; baseline 0 -19"><span class='ocrx_word' id='word_1_214' title='bbox 276 2498 624 2560; x_wconf 88' lang='lat' dir='ltr'>morabitur.</span> <span class='ocrx_word' id='word_1_215' title='bbox 664 2499 736 2560; x_wconf 90' lang='lat' dir='ltr'>X.</span> <span class='ocrx_word' id='word_1_216' title='bbox 767 2498 1031 2562; x_wconf 85' lang='lat' dir='ltr'>Minimis</span> <span class='ocrx_word' id='word_1_217' title='bbox 1060 2501 1379 2563; x_wconf 87' lang='lat' dir='ltr'>momentis</span> <span class='ocrx_word' id='word_1_218' title='bbox 1396 2548 1412 2574; x_wconf 90' lang='lat'>‚</span> <span class='ocrx_word' id='word_1_219' title='bbox 1439 2510 1641 2577; x_wconf 88' lang='lat' dir='ltr'>patres</span> <span class='ocrx_word' id='word_1_220' title='bbox 1664 2500 2013 2576; x_wconf 86' lang='lat' dir='ltr'>conscripti,</span> <span class='ocrx_word' id='word_1_221' title='bbox 2041 2498 2350 2560; x_wconf 84' lang='lat' dir='ltr'>maximae</span> 
     </span>
     <span class='ocr_line' id='line_1_28' title="bbox 274 2580 2351 2660; baseline 0 -18"><span class='ocrx_word' id='word_1_222' title='bbox 274 2580 700 2644; x_wconf 67' lang='lat' dir='ltr'>inclinationes</span> <span class='ocrx_word' id='word_1_223' title='bbox 738 2582 1081 2660; x_wconf 83' lang='lat' dir='ltr'>temporum</span> <span class='ocrx_word' id='word_1_224' title='bbox 1111 2585 1294 2659; x_wconf 82' lang='lat' dir='ltr'>fiunt,</span> <span class='ocrx_word' id='word_1_225' title='bbox 1343 2601 1529 2660; x_wconf 90' lang='lat' dir='ltr'>quum</span> <span class='ocrx_word' id='word_1_226' title='bbox 1558 2583 1620 2646; x_wconf 91' lang='lat' dir='ltr'>in</span> <span class='ocrx_word' id='word_1_227' title='bbox 1649 2585 1814 2648; x_wconf 90' lang='lat' dir='ltr'>omni</span> <span class='ocrx_word' id='word_1_228' title='bbox 1845 2601 1997 2646; x_wconf 90' lang='lat' dir='ltr'>casu</span> <span class='ocrx_word' id='word_1_229' title='bbox 2024 2583 2116 2644; x_wconf 89' lang='lat' dir='ltr'>rei</span> <span class='ocrx_word' id='word_1_230' title='bbox 2146 2583 2351 2659; x_wconf 88' lang='lat' dir='ltr'>publi-</span> 
     </span>
     <span class='ocr_line' id='line_1_29' title="bbox 276 2667 2350 2744; baseline 0.001 -19"><span class='ocrx_word' id='word_1_231' title='bbox 276 2682 389 2727; x_wconf 81' lang='lat' dir='ltr'>cae</span> <span class='ocrx_word' id='word_1_232' title='bbox 426 2677 551 2728; x_wconf 90' lang='lat' dir='ltr'>tum</span> <span class='ocrx_word' id='word_1_233' title='bbox 582 2667 641 2727; x_wconf 93' lang='lat' dir='ltr'>in</span> <span class='ocrx_word' id='word_1_234' title='bbox 672 2668 833 2728; x_wconf 88' lang='lat' dir='ltr'>bello</span> <span class='ocrx_word' id='word_1_235' title='bbox 865 2675 927 2729; x_wconf 89' lang='lat' dir='ltr'>et</span> <span class='ocrx_word' id='word_1_236' title='bbox 952 2667 1216 2729; x_wconf 87' lang='lat' dir='ltr'>maxime</span> <span class='ocrx_word' id='word_1_237' title='bbox 1246 2668 1426 2739; x_wconf 87' lang='lat' dir='ltr'>civili,</span> <span class='ocrx_word' id='word_1_238' title='bbox 1463 2671 1633 2744; x_wconf 89' lang='lat' dir='ltr'>quod</span> <span class='ocrx_word' id='word_1_239' title='bbox 1663 2668 1955 2744; x_wconf 84' lang='lat' dir='ltr'>opinione</span> <span class='ocrx_word' id='word_1_240' title='bbox 1978 2670 2350 2744; x_wconf 87' lang='lat' dir='ltr'>plerumque</span> 
     </span>
     <span class='ocr_line' id='line_1_30' title="bbox 275 2750 2351 2828; baseline 0 -18"><span class='ocrx_word' id='word_1_241' title='bbox 275 2757 337 2811; x_wconf 89' lang='lat' dir='ltr'>et</span> <span class='ocrx_word' id='word_1_242' title='bbox 365 2751 524 2813; x_wconf 78' lang='lat' dir='ltr'>fama</span> <span class='ocrx_word' id='word_1_243' title='bbox 545 2751 934 2827; x_wconf 83' lang='lat' dir='ltr'>gubernatur.</span> <span class='ocrx_word' id='word_1_244' title='bbox 973 2752 1163 2813; x_wconf 90' lang='lat' dir='ltr'>Nemo</span> <span class='ocrx_word' id='word_1_245' title='bbox 1189 2760 1442 2828; x_wconf 89' lang='lat' dir='ltr'>quaeret</span> <span class='ocrx_word' id='word_1_246' title='bbox 1466 2751 1829 2827; x_wconf 89' lang='lat' dir='ltr'>quibuscum</span> <span class='ocrx_word' id='word_1_247' title='bbox 1852 2750 2150 2813; x_wconf 84' lang='lat' dir='ltr'>mandatis</span> <span class='ocrx_word' id='word_1_248' title='bbox 2176 2751 2351 2826; x_wconf 84' lang='lat' dir='ltr'>lega·</span> 
     </span>
     <span class='ocr_line' id='line_1_31' title="bbox 276 2832 2351 2911; baseline 0 -18"><span class='ocrx_word' id='word_1_249' title='bbox 276 2841 373 2894; x_wconf 87' lang='lat' dir='ltr'>tos</span> <span class='ocrx_word' id='word_1_250' title='bbox 403 2832 779 2897; x_wconf 78' lang='lat' dir='ltr'>miserimus=</span> <span class='ocrx_word' id='word_1_251' title='bbox 823 2850 1046 2895; x_wconf 86' lang='lat' dir='ltr'>nomen</span> <span class='ocrx_word' id='word_1_252' title='bbox 1077 2835 1280 2910; x_wconf 87' lang='lat' dir='ltr'>ipsum</span> <span class='ocrx_word' id='word_1_253' title='bbox 1307 2835 1629 2911; x_wconf 75' lang='lat' dir='ltr'>legationis</span> <span class='ocrx_word' id='word_1_254' title='bbox 1663 2838 1819 2897; x_wconf 90' lang='lat' dir='ltr'>ultro</span> <span class='ocrx_word' id='word_1_255' title='bbox 1848 2836 2073 2897; x_wconf 85' lang='lat' dir='ltr'>missae</span> <span class='ocrx_word' id='word_1_256' title='bbox 2105 2832 2351 2895; x_wconf 83' lang='lat' dir='ltr'>timoris</span> 
     </span>
     <span class='ocr_line' id='line_1_32' title="bbox 275 2917 2355 2994; baseline 0 -17"><span class='ocrx_word' id='word_1_257' title='bbox 275 2931 419 2978; x_wconf 84' lang='lat' dir='ltr'>esse</span> <span class='ocrx_word' id='word_1_258' title='bbox 446 2917 686 2990; x_wconf 82' lang='lat' dir='ltr'>signum</span> <span class='ocrx_word' id='word_1_259' title='bbox 714 2917 1036 2981; x_wconf 82' lang='lat' dir='ltr'>videbitur.</span> <span class='ocrx_word' id='word_1_260' title='bbox 1078 2920 1350 2980; x_wconf 88' lang='lat' dir='ltr'>Recedat</span> <span class='ocrx_word' id='word_1_261' title='bbox 1376 2937 1415 2978; x_wconf 89' lang='lat' dir='ltr'>a</span> <span class='ocrx_word' id='word_1_262' title='bbox 1434 2919 1681 2991; x_wconf 84' lang='lat' dir='ltr'>Mutina,</span> <span class='ocrx_word' id='word_1_263' title='bbox 1716 2920 1957 2980; x_wconf 87' lang='lat' dir='ltr'>desinat</span> <span class='ocrx_word' id='word_1_264' title='bbox 1977 2933 2355 2994; x_wconf 79' lang='lat' dir='ltr'>oppugnare</span> 
     </span>
     <span class='ocr_line' id='line_1_33' title="bbox 276 2998 2353 3078; baseline 0.001 -19"><span class='ocrx_word' id='word_1_265' title='bbox 276 2998 559 3072; x_wconf 88' lang='lat' dir='ltr'>Brutum,</span> <span class='ocrx_word' id='word_1_266' title='bbox 602 3001 865 3063; x_wconf 85' lang='lat' dir='ltr'>decedat</span> <span class='ocrx_word' id='word_1_267' title='bbox 901 3018 983 3064; x_wconf 86' lang='lat' dir='ltr'>ex</span> <span class='ocrx_word' id='word_1_268' title='bbox 1027 3002 1248 3063; x_wconf 81' lang='lat' dir='ltr'>Gallia=</span> <span class='ocrx_word' id='word_1_269' title='bbox 1294 3019 1417 3064; x_wconf 88' lang='lat' dir='ltr'>non</span> <span class='ocrx_word' id='word_1_270' title='bbox 1460 3012 1556 3064; x_wconf 92' lang='lat' dir='ltr'>est</span> <span class='ocrx_word' id='word_1_271' title='bbox 1598 3002 1805 3064; x_wconf 89' lang='lat' dir='ltr'>verbis</span> <span class='ocrx_word' id='word_1_272' title='bbox 1846 3002 2195 3078; x_wconf 79' lang='lat' dir='ltr'>roganduS,</span> <span class='ocrx_word' id='word_1_273' title='bbox 2239 3016 2353 3061; x_wconf 89' lang='lat' dir='ltr'>co·</span> 
     </span>
     <span class='ocr_line' id='line_1_34' title="bbox 274 3081 2357 3167; baseline 0.002 -26"><span class='ocrx_word' id='word_1_274' title='bbox 274 3081 514 3155; x_wconf 87' lang='lat' dir='ltr'>gendus</span> <span class='ocrx_word' id='word_1_275' title='bbox 577 3092 677 3144; x_wconf 87' lang='lat' dir='ltr'>est</span> <span class='ocrx_word' id='word_1_276' title='bbox 734 3083 942 3146; x_wconf 88' lang='lat' dir='ltr'>armis.</span> <span class='ocrx_word' id='word_1_277' title='bbox 1039 3084 1140 3150; x_wconf 87' lang='grc'>27.</span> <span class='ocrx_word' id='word_1_278' title='bbox 1192 3086 1324 3167; x_wconf 90' lang='lat' dir='ltr'>Non</span> <span class='ocrx_word' id='word_1_279' title='bbox 1374 3086 1533 3147; x_wconf 90' lang='lat' dir='ltr'>enim</span> <span class='ocrx_word' id='word_1_280' title='bbox 1584 3088 1667 3146; x_wconf 85' lang='lat' dir='ltr'>ad</span> <span class='ocrx_word' id='word_1_281' title='bbox 1714 3086 2113 3147; x_wconf 80' lang='lat' dir='ltr'>Hannibalem</span> <span class='ocrx_word' id='word_1_282' title='bbox 2163 3082 2357 3145; x_wconf 81' lang='lat' dir='ltr'>mitti-</span> 
     </span>
     <span class='ocr_line' id='line_1_35' title="bbox 274 3165 2354 3246; baseline 0.003 -24"><span class='ocrx_word' id='word_1_283' title='bbox 274 3179 442 3232; x_wconf 86' lang='lat' dir='ltr'>mus,</span> <span class='ocrx_word' id='word_1_284' title='bbox 484 3173 551 3225; x_wconf 92' lang='lat' dir='ltr'>ut</span> <span class='ocrx_word' id='word_1_285' title='bbox 590 3181 629 3225; x_wconf 88' lang='lat' dir='ltr'>a</span> <span class='ocrx_word' id='word_1_286' title='bbox 659 3165 932 3239; x_wconf 83' lang='lat' dir='ltr'>Sagunto</span> <span class='ocrx_word' id='word_1_287' title='bbox 976 3171 1256 3241; x_wconf 89' lang='lat' dir='ltr'>recedat,</span> <span class='ocrx_word' id='word_1_288' title='bbox 1304 3171 1385 3230; x_wconf 90' lang='lat' dir='ltr'>ad</span> <span class='ocrx_word' id='word_1_289' title='bbox 1425 3187 1606 3246; x_wconf 91' lang='lat' dir='ltr'>quem</span> <span class='ocrx_word' id='word_1_290' title='bbox 1634 3168 1885 3231; x_wconf 89' lang='lat' dir='ltr'>miserat</span> <span class='ocrx_word' id='word_1_291' title='bbox 1913 3170 2058 3230; x_wconf 90' lang='lat' dir='ltr'>olim</span> <span class='ocrx_word' id='word_1_292' title='bbox 2089 3177 2354 3229; x_wconf 63' lang='lat' dir='ltr'>sauctus</span> 
     </span>
     <span class='ocr_line' id='line_1_36' title="bbox 276 3245 2357 3329; baseline 0.009 -26"><span class='ocrx_word' id='word_1_293' title='bbox 276 3245 338 3303; x_wconf 84' lang='lat' dir='ltr'>P.</span> <span class='ocrx_word' id='word_1_294' title='bbox 387 3245 696 3309; x_wconf 87' lang='lat' dir='ltr'>Valerium</span> <span class='ocrx_word' id='word_1_295' title='bbox 746 3248 1028 3312; x_wconf 84' lang='lat' dir='ltr'>Flaccum</span> <span class='ocrx_word' id='word_1_296' title='bbox 1085 3261 1147 3314; x_wconf 92' lang='lat' dir='ltr'>et</span> <span class='ocrx_word' id='word_1_297' title='bbox 1196 3252 1263 3326; x_wconf 81' lang='lat' dir='ltr'>Q.</span> <span class='ocrx_word' id='word_1_298' title='bbox 1314 3254 1608 3314; x_wconf 87' lang='lat' dir='ltr'>Baebium</span> <span class='ocrx_word' id='word_1_299' title='bbox 1656 3252 2025 3329; x_wconf 76' lang='lat' dir='ltr'>Tampilun1=</span> <span class='ocrx_word' id='word_1_300' title='bbox 2091 3251 2225 3326; x_wconf 76' lang='lat' dir='ltr'>qui,</span> <span class='ocrx_word' id='word_1_301' title='bbox 2297 3252 2357 3311; x_wconf 69' lang='lat' dir='ltr'>Si</span> 
     </span>
     <span class='ocr_line' id='line_1_37' title="bbox 276 3326 2355 3412; baseline 0.005 -27"><span class='ocrx_word' id='word_1_302' title='bbox 276 3326 573 3388; x_wconf 87' lang='lat' dir='ltr'>Hannibal</span> <span class='ocrx_word' id='word_1_303' title='bbox 630 3347 750 3392; x_wconf 90' lang='lat' dir='ltr'>non</span> <span class='ocrx_word' id='word_1_304' title='bbox 790 3343 1061 3407; x_wconf 82' lang='lat' dir='ltr'>pareret,</span> <span class='ocrx_word' id='word_1_305' title='bbox 1099 3336 1530 3412; x_wconf 85' lang='lat' dir='ltr'>Karthaginem</span> <span class='ocrx_word' id='word_1_306' title='bbox 1560 3336 1649 3396; x_wconf 90' lang='lat' dir='ltr'>ire</span> <span class='ocrx_word' id='word_1_307' title='bbox 1668 3335 1824 3396; x_wconf 86' lang='lat' dir='ltr'>iussi</span> <span class='ocrx_word' id='word_1_308' title='bbox 1848 3345 2042 3396; x_wconf 73' lang='lat' dir='ltr'>erant.</span> <span class='ocrx_word' id='word_1_309' title='bbox 2081 3336 2355 3397; x_wconf 76' lang='lat' dir='ltr'>Nostros</span> 
     </span>
     <span class='ocr_line' id='line_1_38' title="bbox 278 3410 2357 3506; baseline 0.004 -38"><span class='ocrx_word' id='word_1_310' title='bbox 278 3425 401 3481; x_wconf 87' lang='lat' dir='ltr'>quo</span> <span class='ocrx_word' id='word_1_311' title='bbox 466 3410 744 3506; x_wconf 80' lang='lat' dir='ltr'>iubemus</span> <span class='ocrx_word' id='word_1_312' title='bbox 807 3415 924 3483; x_wconf 85' lang='lat' dir='ltr'>ire,</span> <span class='ocrx_word' id='word_1_313' title='bbox 998 3417 1053 3478; x_wconf 86' lang='lat' dir='ltr'>si</span> <span class='ocrx_word' id='word_1_314' title='bbox 1123 3435 1246 3479; x_wconf 92' lang='lat' dir='ltr'>non</span> <span class='ocrx_word' id='word_1_315' title='bbox 1310 3420 1580 3495; x_wconf 88' lang='lat' dir='ltr'>paruerit</span> <span class='ocrx_word' id='word_1_316' title='bbox 1635 3418 1983 3481; x_wconf 65' lang='lat' dir='ltr'>Antonius?</span> <span class='ocrx_word' id='word_1_317' title='bbox 2065 3419 2165 3480; x_wconf 75' lang='lat' dir='ltr'>Ad</span> <span class='ocrx_word' id='word_1_318' title='bbox 2232 3433 2357 3477; x_wconf 89' lang='lat' dir='ltr'>no-</span> 
     </span>
     <span class='ocr_line' id='line_1_39' title="bbox 278 3497 2361 3578; baseline 0.007 -32"><span class='ocrx_word' id='word_1_319' title='bbox 278 3500 463 3550; x_wconf 85' lang='lat' dir='ltr'>strum</span> <span class='ocrx_word' id='word_1_320' title='bbox 507 3511 699 3556; x_wconf 78' lang='lat' dir='ltr'>civem</span> <span class='ocrx_word' id='word_1_321' title='bbox 757 3497 1077 3574; x_wconf 78' lang='lat' dir='ltr'>mittimuS,</span> <span class='ocrx_word' id='word_1_322' title='bbox 1135 3519 1213 3562; x_wconf 90' lang='lat' dir='ltr'>ne</span> <span class='ocrx_word' id='word_1_323' title='bbox 1256 3501 1713 3578; x_wconf 88' lang='lat' dir='ltr'>imperatorem,</span> <span class='ocrx_word' id='word_1_324' title='bbox 1766 3519 1846 3564; x_wconf 89' lang='lat' dir='ltr'>ne</span> <span class='ocrx_word' id='word_1_325' title='bbox 1883 3501 2182 3563; x_wconf 76' lang='lat' dir='ltr'>coloniam</span> <span class='ocrx_word' id='word_1_326' title='bbox 2227 3516 2361 3577; x_wconf 79' lang='lat' dir='ltr'>po-</span> 
     </span>
    </p>
   </div>
   <div class='ocr_carea' id='block_1_3' title="bbox 2504 1901 2509 2753">
    <p class='ocr_par' dir='ltr' id='par_1_4' title="bbox 2504 1901 2509 2753">
     <span class='ocr_line' id='line_1_40' title="bbox 2504 1901 2509 2753; baseline 0 0"><span class='ocrx_word' id='word_1_327' title='bbox 2504 1901 2509 2753; x_wconf 95' lang='lat' dir='ltr'> </span> 
     </span>
    </p>
   </div>
  </div>
 </body>
</html>
