<?xml version="1.0" encoding="UTF-8"?>
<!DOCTYPE html PUBLIC "-//W3C//DTD XHTML 1.0 Transitional//EN"
    "http://www.w3.org/TR/xhtml1/DTD/xhtml1-transitional.dtd">
<html xmlns="http://www.w3.org/1999/xhtml" xml:lang="en" lang="en">
 <head>
  <title>
</title>
<meta http-equiv="Content-Type" content="text/html;charset=utf-8" />
  <meta name='ocr-system' content='tesseract 3.04.00' />
  <meta name='ocr-capabilities' content='ocr_page ocr_carea ocr_par ocr_line ocrx_word'/>
</head>
<body>
  <div class='ocr_page' id='page_1' title='image "./scriptaquaemans02cicegoog_0149.png"; bbox 0 0 2514 3928; ppageno 0'>
   <div class='ocr_carea' id='block_1_1' title="bbox 0 55 459 83">
    <p class='ocr_par' dir='ltr' id='par_1_1' title="bbox 0 55 459 83">
     <span class='ocr_line' id='line_1_1' title="bbox 0 55 459 83; baseline -0.011 -21"><span class='ocrx_word' id='word_1_1' title='bbox 0 55 413 83; x_wconf 26' lang='lat' dir='ltr'><strong>..ff—*W*</strong></span> <span class='ocrx_word' id='word_1_2' title='bbox 454 56 459 57; x_wconf 18' lang='lat'><em>⁷</em></span> 
     </span>
    </p>
   </div>
   <div class='ocr_carea' id='block_1_2' title="bbox 703 330 2188 398">
    <p class='ocr_par' dir='ltr' id='par_1_2' title="bbox 703 330 2188 398">
     <span class='ocr_line' id='line_1_2' title="bbox 703 330 2188 398; baseline 0.003 -6"><span class='ocrx_word' id='word_1_3' title='bbox 703 330 880 392; x_wconf 68' lang='lat' dir='ltr'>CAP.</span> <span class='ocrx_word' id='word_1_4' title='bbox 910 340 1175 392; x_wconf 79' lang='lat'><strong>22—24.</strong></span> <span class='ocrx_word' id='word_1_5' title='bbox 1221 338 1275 398; x_wconf 79' lang='lat' dir='ltr'><strong>S.</strong></span> <span class='ocrx_word' id='word_1_6' title='bbox 1319 340 1387 394; x_wconf 82' lang='lat'><strong>53</strong></span> <span class='ocrx_word' id='word_1_7' title='bbox 1406 367 1474 376; x_wconf 93' lang='lat'><strong>—</strong></span> <span class='ocrx_word' id='word_1_8' title='bbox 1493 340 1581 395; x_wconf 86' lang='lat'><strong>59.</strong></span> <span class='ocrx_word' id='word_1_9' title='bbox 2107 334 2188 396; x_wconf 85' lang='lat'><strong>91</strong></span> 
     </span>
    </p>
   </div>
   <div class='ocr_carea' id='block_1_3' title="bbox 95 481 2260 3739">
    <p class='ocr_par' dir='ltr' id='par_1_3' title="bbox 95 481 2260 3739">
     <span class='ocr_line' id='line_1_3' title="bbox 101 481 2189 559; baseline 0 -14"><span class='ocrx_word' id='word_1_10' title='bbox 101 500 261 553; x_wconf 86' lang='lat' dir='ltr'><strong>sum.</strong></span> <span class='ocrx_word' id='word_1_11' title='bbox 349 484 518 558; x_wconf 79' lang='lat' dir='ltr'><strong>Quae</strong></span> <span class='ocrx_word' id='word_1_12' title='bbox 564 482 674 544; x_wconf 89' lang='lat' dir='ltr'><strong>fuit</strong></span> <span class='ocrx_word' id='word_1_13' title='bbox 708 481 868 542; x_wconf 89' lang='lat' dir='ltr'><strong>enim</strong></span> <span class='ocrx_word' id='word_1_14' title='bbox 899 501 1089 545; x_wconf 86' lang='lat' dir='ltr'><strong>causa</strong></span> <span class='ocrx_word' id='word_1_15' title='bbox 1123 500 1303 559; x_wconf 89' lang='lat' dir='ltr'><strong>quam</strong></span> <span class='ocrx_word' id='word_1_16' title='bbox 1334 483 1411 544; x_wconf 92' lang='lat' dir='ltr'><strong>ob</strong></span> <span class='ocrx_word' id='word_1_17' title='bbox 1442 500 1568 544; x_wconf 91' lang='lat' dir='ltr'><strong>rem</strong></span> <span class='ocrx_word' id='word_1_18' title='bbox 1600 482 1697 545; x_wconf 89' lang='lat' dir='ltr'><strong>isti</strong></span> <span class='ocrx_word' id='word_1_19' title='bbox 1734 484 1968 545; x_wconf 86' lang='lat' dir='ltr'><strong>mulieri</strong></span> <span class='ocrx_word' id='word_1_20' title='bbox 2003 501 2189 546; x_wconf 76' lang='lat' dir='ltr'><strong>vene-</strong></span> 
     </span>
     <span class='ocr_line' id='line_1_4' title="bbox 96 566 2186 643; baseline -0 -14"><span class='ocrx_word' id='word_1_21' title='bbox 96 585 246 629; x_wconf 84' lang='lat' dir='ltr'><strong>num</strong></span> <span class='ocrx_word' id='word_1_22' title='bbox 281 568 428 628; x_wconf 88' lang='lat' dir='ltr'><strong>dare</strong></span> <span class='ocrx_word' id='word_1_23' title='bbox 461 568 646 628; x_wconf 89' lang='lat' dir='ltr'><strong>vellet</strong></span> <span class='ocrx_word' id='word_1_24' title='bbox 686 566 971 629; x_wconf 68' lang='lat' dir='ltr'><strong>Caelius?</strong></span> <span class='ocrx_word' id='word_1_25' title='bbox 1013 568 1101 628; x_wconf 90' lang='lat' dir='ltr'><strong>Ne</strong></span> <span class='ocrx_word' id='word_1_26' title='bbox 1129 584 1342 628; x_wconf 88' lang='lat' dir='ltr'><strong>aurum</strong></span> <span class='ocrx_word' id='word_1_27' title='bbox 1385 569 1711 629; x_wconf 74' lang='lat' dir='ltr'><strong>redderet?</strong></span> <span class='ocrx_word' id='word_1_28' title='bbox 1757 584 1902 629; x_wconf 90' lang='lat' dir='ltr'><strong>num</strong></span> <span class='ocrx_word' id='word_1_29' title='bbox 1935 568 2186 643; x_wconf 70' lang='lat' dir='ltr'><strong>petivit?</strong></span> 
     </span>
     <span class='ocr_line' id='line_1_5' title="bbox 103 649 2188 728; baseline -0 -15"><span class='ocrx_word' id='word_1_30' title='bbox 103 653 194 713; x_wconf 85' lang='lat' dir='ltr'><strong>Ne</strong></span> <span class='ocrx_word' id='word_1_31' title='bbox 236 650 463 711; x_wconf 84' lang='lat' dir='ltr'><strong>crimen</strong></span> <span class='ocrx_word' id='word_1_32' title='bbox 505 651 830 712; x_wconf 70' lang='lat' dir='ltr'><strong>haereret?</strong></span> <span class='ocrx_word' id='word_1_33' title='bbox 883 669 1029 713; x_wconf 89' lang='lat' dir='ltr'><strong>num</strong></span> <span class='ocrx_word' id='word_1_34' title='bbox 1069 651 1208 727; x_wconf 90' lang='lat' dir='ltr'><strong>quis</strong></span> <span class='ocrx_word' id='word_1_35' title='bbox 1252 649 1517 712; x_wconf 71' lang='lat' dir='ltr'><strong>obiecit?</strong></span> <span class='ocrx_word' id='word_1_36' title='bbox 1573 668 1715 712; x_wconf 89' lang='lat' dir='ltr'><strong>num</strong></span> <span class='ocrx_word' id='word_1_37' title='bbox 1748 652 1886 728; x_wconf 87' lang='lat' dir='ltr'><strong>quis</strong></span> <span class='ocrx_word' id='word_1_38' title='bbox 1922 651 2188 727; x_wconf 87' lang='lat' dir='ltr'><strong>denique</strong></span> 
     </span>
     <span class='ocr_line' id='line_1_6' title="bbox 102 734 2186 809; baseline 0 -14"><span class='ocrx_word' id='word_1_39' title='bbox 102 735 359 795; x_wconf 73' lang='lat' dir='ltr'><strong>fecisset</strong></span> <span class='ocrx_word' id='word_1_40' title='bbox 403 734 802 809; x_wconf 73' lang='lat' dir='ltr'><strong>mentionem,</strong></span> <span class='ocrx_word' id='word_1_41' title='bbox 842 734 896 796; x_wconf 91' lang='lat' dir='ltr'><strong>si</strong></span> <span class='ocrx_word' id='word_1_42' title='bbox 933 734 1034 795; x_wconf 89' lang='lat' dir='ltr'><strong>hic</strong></span> <span class='ocrx_word' id='word_1_43' title='bbox 1071 735 1299 797; x_wconf 89' lang='lat' dir='ltr'><strong>nullius</strong></span> <span class='ocrx_word' id='word_1_44' title='bbox 1344 751 1567 795; x_wconf 86' lang='lat' dir='ltr'><strong>nomen</strong></span> <span class='ocrx_word' id='word_1_45' title='bbox 1611 736 1972 797; x_wconf 69' lang='lat' dir='ltr'><strong>detulisset?</strong></span> <span class='ocrx_word' id='word_1_46' title='bbox 2031 734 2186 809; x_wconf 81' lang='lat' dir='ltr'><strong>Quin</strong></span> 
     </span>
     <span class='ocr_line' id='line_1_7' title="bbox 98 818 2185 901; baseline 0 -23"><span class='ocrx_word' id='word_1_47' title='bbox 98 818 294 901; x_wconf 64' lang='lat' dir='ltr'><strong>‘etiam</strong></span> <span class='ocrx_word' id='word_1_48' title='bbox 322 819 387 878; x_wconf 89' lang='lat' dir='ltr'><strong>L.</strong></span> <span class='ocrx_word' id='word_1_49' title='bbox 418 819 789 879; x_wconf 82' lang='lat' dir='ltr'><strong>Herennium</strong></span> <span class='ocrx_word' id='word_1_50' title='bbox 826 818 1032 879; x_wconf 85' lang='lat' dir='ltr'><strong>dicere</strong></span> <span class='ocrx_word' id='word_1_51' title='bbox 1072 818 1333 879; x_wconf 89' lang='lat' dir='ltr'><strong>audistis</strong></span> <span class='ocrx_word' id='word_1_52' title='bbox 1378 819 1569 879; x_wconf 87' lang='lat' dir='ltr'><strong>verbo</strong></span> <span class='ocrx_word' id='word_1_53' title='bbox 1605 835 1675 879; x_wconf 89' lang='lat' dir='ltr'><strong>se</strong></span> <span class='ocrx_word' id='word_1_54' title='bbox 1703 820 2026 879; x_wconf 89' lang='lat' dir='ltr'><strong>molestum</strong></span> <span class='ocrx_word' id='word_1_55' title='bbox 2064 835 2185 879; x_wconf 90' lang='lat' dir='ltr'><strong>non</strong></span> 
     </span>
     <span class='ocr_line' id='line_1_8' title="bbox 105 901 2189 976; baseline 0 -14"><span class='ocrx_word' id='word_1_56' title='bbox 105 905 372 964; x_wconf 82' lang='lat' dir='ltr'><strong>futurum</strong></span> <span class='ocrx_word' id='word_1_57' title='bbox 403 902 595 964; x_wconf 89' lang='lat' dir='ltr'><strong>fuisse</strong></span> <span class='ocrx_word' id='word_1_58' title='bbox 626 902 863 976; x_wconf 87' lang='lat' dir='ltr'><strong>Caelio,</strong></span> <span class='ocrx_word' id='word_1_59' title='bbox 916 902 1033 962; x_wconf 90' lang='lat' dir='ltr'><strong>nisi</strong></span> <span class='ocrx_word' id='word_1_60' title='bbox 1062 903 1277 964; x_wconf 89' lang='lat' dir='ltr'><strong>iterum</strong></span> <span class='ocrx_word' id='word_1_61' title='bbox 1310 905 1523 963; x_wconf 88' lang='lat' dir='ltr'><strong>eadem</strong></span> <span class='ocrx_word' id='word_1_62' title='bbox 1556 904 1634 962; x_wconf 90' lang='lat' dir='ltr'><strong>de</strong></span> <span class='ocrx_word' id='word_1_63' title='bbox 1662 919 1729 963; x_wconf 89' lang='lat' dir='ltr'><strong>re</strong></span> <span class='ocrx_word' id='word_1_64' title='bbox 1759 919 1875 963; x_wconf 89' lang='lat' dir='ltr'><strong>suo</strong></span> <span class='ocrx_word' id='word_1_65' title='bbox 1910 901 2189 962; x_wconf 76' lang='lat' dir='ltr'><strong>familiari</strong></span> 
     </span>
     <span class='ocr_line' id='line_1_9' title="bbox 101 986 2188 1062; baseline -0 -16"><span class='ocrx_word' id='word_1_66' title='bbox 101 988 387 1048; x_wconf 88' lang='lat' dir='ltr'><strong>absoluto</strong></span> <span class='ocrx_word' id='word_1_67' title='bbox 430 1003 652 1048; x_wconf 90' lang='lat' dir='ltr'><strong>nomen</strong></span> <span class='ocrx_word' id='word_1_68' title='bbox 697 986 796 1046; x_wconf 91' lang='lat' dir='ltr'><strong>hic</strong></span> <span class='ocrx_word' id='word_1_69' title='bbox 839 986 1180 1048; x_wconf 80' lang='lat' dir='ltr'><strong>detulisset.</strong></span> <span class='ocrx_word' id='word_1_70' title='bbox 1269 986 1571 1047; x_wconf 80' lang='lat' dir='ltr'><strong>Credibile</strong></span> <span class='ocrx_word' id='word_1_71' title='bbox 1611 994 1708 1047; x_wconf 89' lang='lat' dir='ltr'><strong>est</strong></span> <span class='ocrx_word' id='word_1_72' title='bbox 1749 986 1929 1062; x_wconf 86' lang='lat' dir='ltr'><strong>igitur</strong></span> <span class='ocrx_word' id='word_1_73' title='bbox 1956 993 2188 1046; x_wconf 91' lang='lat' dir='ltr'><strong>tantum</strong></span> 
     </span>
     <span class='ocr_line' id='line_1_10' title="bbox 100 1070 2188 1132; baseline -0 -2"><span class='ocrx_word' id='word_1_74' title='bbox 100 1071 347 1131; x_wconf 83' lang='lat' dir='ltr'><strong>facinus</strong></span> <span class='ocrx_word' id='word_1_75' title='bbox 391 1071 471 1130; x_wconf 94' lang='lat' dir='ltr'><strong>ob</strong></span> <span class='ocrx_word' id='word_1_76' title='bbox 504 1072 728 1130; x_wconf 90' lang='lat' dir='ltr'><strong>nullam</strong></span> <span class='ocrx_word' id='word_1_77' title='bbox 760 1086 1010 1131; x_wconf 86' lang='lat' dir='ltr'><strong>causam</strong></span> <span class='ocrx_word' id='word_1_78' title='bbox 1041 1086 1185 1130; x_wconf 87' lang='lat' dir='ltr'><strong>csse</strong></span> <span class='ocrx_word' id='word_1_79' title='bbox 1214 1070 1656 1132; x_wconf 74' lang='lat' dir='ltr'><strong>commissum?</strong></span> <span class='ocrx_word' id='word_1_80' title='bbox 1707 1078 1767 1130; x_wconf 89' lang='lat' dir='ltr'><strong>et</strong></span> <span class='ocrx_word' id='word_1_81' title='bbox 1798 1075 2067 1131; x_wconf 77' lang='lat' dir='ltr'><strong>vos&#39;non</strong></span> <span class='ocrx_word' id='word_1_82' title='bbox 2102 1070 2188 1129; x_wconf 88' lang='lat' dir='ltr'><strong>vi·</strong></span> 
     </span>
     <span class='ocr_line' id='line_1_11' title="bbox 95 1153 2188 1229; baseline 0 -15"><span class='ocrx_word' id='word_1_83' title='bbox 95 1154 260 1216; x_wconf 88' lang='lat' dir='ltr'><strong>detis</strong></span> <span class='ocrx_word' id='word_1_84' title='bbox 291 1155 437 1229; x_wconf 85' lang='lat' dir='ltr'><strong>fingi</strong></span> <span class='ocrx_word' id='word_1_85' title='bbox 470 1153 722 1214; x_wconf 89' lang='lat' dir='ltr'><strong>sceleris</strong></span> <span class='ocrx_word' id='word_1_86' title='bbox 764 1154 1011 1214; x_wconf 87' lang='lat' dir='ltr'><strong>maximi</strong></span> <span class='ocrx_word' id='word_1_87' title='bbox 1042 1153 1299 1227; x_wconf 88' lang='lat' dir='ltr'><strong>crimen,</strong></span> <span class='ocrx_word' id='word_1_88' title='bbox 1335 1163 1400 1215; x_wconf 89' lang='lat' dir='ltr'><strong>ut</strong></span> <span class='ocrx_word' id='word_1_89' title='bbox 1428 1153 1678 1214; x_wconf 87' lang='lat' dir='ltr'><strong>alterius</strong></span> <span class='ocrx_word' id='word_1_90' title='bbox 1709 1170 1900 1215; x_wconf 91' lang='lat' dir='ltr'><strong>causa</strong></span> <span class='ocrx_word' id='word_1_91' title='bbox 1930 1153 2188 1214; x_wconf 86' lang='lat' dir='ltr'><strong>sceleris</strong></span> 
     </span>
     <span class='ocr_line' id='line_1_12' title="bbox 101 1235 2186 1314; baseline -0 -15"><span class='ocrx_word' id='word_1_92' title='bbox 101 1236 483 1314; x_wconf 89' lang='lat' dir='ltr'><strong>suscipiendi</strong></span> <span class='ocrx_word' id='word_1_93' title='bbox 509 1237 700 1297; x_wconf 79' lang='lat' dir='ltr'><strong>fuisse</strong></span> <span class='ocrx_word' id='word_1_94' title='bbox 732 1236 1051 1298; x_wconf 75' lang='lat' dir='ltr'><strong>videatur?</strong></span> <span class='ocrx_word' id='word_1_95' title='bbox 1098 1235 1201 1298; x_wconf 88' lang='lat'><strong>57.</strong></span> <span class='ocrx_word' id='word_1_96' title='bbox 1234 1236 1343 1297; x_wconf 89' lang='lat' dir='ltr'><strong>Cui</strong></span> <span class='ocrx_word' id='word_1_97' title='bbox 1382 1238 1649 1312; x_wconf 86' lang='lat' dir='ltr'><strong>denique</strong></span> <span class='ocrx_word' id='word_1_98' title='bbox 1673 1237 2021 1299; x_wconf 70' lang='lat' dir='ltr'><strong>commisit?</strong></span> <span class='ocrx_word' id='word_1_99' title='bbox 2061 1253 2186 1313; x_wconf 93' lang='lat' dir='ltr'><strong>quo</strong></span> 
     </span>
     <span class='ocr_line' id='line_1_13' title="bbox 97 1319 2187 1394; baseline -0 -13"><span class='ocrx_word' id='word_1_100' title='bbox 97 1321 383 1382; x_wconf 79' lang='lat' dir='ltr'><strong>adiutore</strong></span> <span class='ocrx_word' id='word_1_101' title='bbox 411 1336 568 1381; x_wconf 90' lang='lat' dir='ltr'><strong>usus</strong></span> <span class='ocrx_word' id='word_1_102' title='bbox 598 1327 735 1382; x_wconf 69' lang='lat' dir='ltr'><strong>est?</strong></span> <span class='ocrx_word' id='word_1_103' title='bbox 780 1337 902 1392; x_wconf 90' lang='lat' dir='ltr'><strong>quo</strong></span> <span class='ocrx_word' id='word_1_104' title='bbox 935 1319 1154 1379; x_wconf 72' lang='lat' dir='ltr'><strong>socio?</strong></span> <span class='ocrx_word' id='word_1_105' title='bbox 1199 1337 1322 1394; x_wconf 89' lang='lat' dir='ltr'><strong>quo</strong></span> <span class='ocrx_word' id='word_1_106' title='bbox 1356 1320 1607 1380; x_wconf 88' lang='lat' dir='ltr'><strong>conscio</strong></span> <span class='ocrx_word' id='word_1_107' title='bbox 1630 1328 1660 1378; x_wconf 64' lang='grc' dir='ltr'><strong>’ἑ</strong></span> <span class='ocrx_word' id='word_1_108' title='bbox 1700 1321 1798 1382; x_wconf 88' lang='lat' dir='ltr'><strong>cui</strong></span> <span class='ocrx_word' id='word_1_109' title='bbox 1839 1329 2069 1382; x_wconf 88' lang='lat' dir='ltr'><strong>tantum</strong></span> <span class='ocrx_word' id='word_1_110' title='bbox 2101 1322 2187 1380; x_wconf 84' lang='lat' dir='ltr'><strong>fa·</strong></span> 
     </span>
     <span class='ocr_line' id='line_1_14' title="bbox 100 1400 2190 1476; baseline -0 -13"><span class='ocrx_word' id='word_1_111' title='bbox 100 1403 304 1476; x_wconf 86' lang='lat' dir='ltr'><strong>cinus,</strong></span> <span class='ocrx_word' id='word_1_112' title='bbox 336 1403 434 1462; x_wconf 89' lang='lat' dir='ltr'><strong>cui</strong></span> <span class='ocrx_word' id='word_1_113' title='bbox 471 1419 558 1473; x_wconf 86' lang='lat' dir='ltr'><strong>se,</strong></span> <span class='ocrx_word' id='word_1_114' title='bbox 590 1400 691 1461; x_wconf 91' lang='lat' dir='ltr'><strong>cui</strong></span> <span class='ocrx_word' id='word_1_115' title='bbox 725 1403 984 1462; x_wconf 84' lang='lat' dir='ltr'><strong>salutem</strong></span> <span class='ocrx_word' id='word_1_116' title='bbox 1019 1417 1199 1461; x_wconf 87' lang='lat' dir='ltr'><strong>suam·</strong></span> <span class='ocrx_word' id='word_1_117' title='bbox 1224 1401 1525 1462; x_wconf 66' lang='lat' dir='ltr'><strong>credidit?</strong></span> <span class='ocrx_word' id='word_1_118' title='bbox 1553 1403 1847 1464; x_wconf 89' lang='lat' dir='ltr'><strong>Servisne</strong></span> <span class='ocrx_word' id='word_1_119' title='bbox 1877 1404 2190 1464; x_wconf 68' lang='lat' dir='ltr'><strong>mulieris?</strong></span> 
     </span>
     <span class='ocr_line' id='line_1_15' title="bbox 106 1483 2187 1557; baseline 0 -12"><span class='ocrx_word' id='word_1_120' title='bbox 106 1485 212 1546; x_wconf 90' lang='lat' dir='ltr'><strong>Sic</strong></span> <span class='ocrx_word' id='word_1_121' title='bbox 242 1484 405 1545; x_wconf 89' lang='lat' dir='ltr'><strong>enim</strong></span> <span class='ocrx_word' id='word_1_122' title='bbox 441 1483 748 1545; x_wconf 89' lang='lat' dir='ltr'><strong>obiectum</strong></span> <span class='ocrx_word' id='word_1_123' title='bbox 780 1491 892 1544; x_wconf 89' lang='lat' dir='ltr'><strong>est.</strong></span> <span class='ocrx_word' id='word_1_124' title='bbox 970 1485 1047 1544; x_wconf 90' lang='lat' dir='ltr'><strong>Et</strong></span> <span class='ocrx_word' id='word_1_125' title='bbox 1075 1492 1356 1545; x_wconf 84' lang='lat' dir='ltr'><strong>erat-tam</strong></span> <span class='ocrx_word' id='word_1_126' title='bbox 1388 1485 1641 1545; x_wconf 89' lang='lat' dir='ltr'><strong>demens</strong></span> <span class='ocrx_word' id='word_1_127' title='bbox 1669 1485 1787 1557; x_wconf 89' lang='lat' dir='ltr'><strong>hic,</strong></span> <span class='ocrx_word' id='word_1_128' title='bbox 1823 1486 1918 1544; x_wconf 89' lang='lat' dir='ltr'><strong>cui</strong></span> <span class='ocrx_word' id='word_1_129' title='bbox 1948 1503 2065 1546; x_wconf 92' lang='lat' dir='ltr'><strong>vos</strong></span> <span class='ocrx_word' id='word_1_130' title='bbox 2098 1487 2187 1547; x_wconf 86' lang='lat' dir='ltr'><strong>in—</strong></span> 
     </span>
     <span class='ocr_line' id='line_1_16' title="bbox 102 1565 2188 1649; baseline 0 -20"><span class='ocrx_word' id='word_1_131' title='bbox 102 1567 354 1644; x_wconf 82' lang='lat' dir='ltr'><strong>genium</strong></span> <span class='ocrx_word' id='word_1_132' title='bbox 387 1576 553 1629; x_wconf 87' lang='lat' dir='ltr'><strong>certe</strong></span> <span class='ocrx_word' id='word_1_133' title='bbox 583 1566 858 1642; x_wconf 78' lang='lat' dir='ltr'><strong>tribuitis,</strong></span> <span class='ocrx_word' id='word_1_134' title='bbox 895 1567 1075 1628; x_wconf 88' lang='lat' dir='ltr'><strong>etiam</strong></span> <span class='ocrx_word' id='word_1_135' title='bbox 1121 1565 1174 1628; x_wconf 89' lang='lat' dir='ltr'><strong>si</strong></span> <span class='ocrx_word' id='word_1_136' title='bbox 1255 1576 1461 1649; x_wconf 81' lang='lat' dir='ltr'><strong>cetera</strong></span> <span class='ocrx_word' id='word_1_137' title='bbox 1501 1566 1744 1628; x_wconf 91' lang='lat' dir='ltr'><strong>inimica</strong></span> <span class='ocrx_word' id='word_1_138' title='bbox 1773 1568 2048 1629; x_wconf 87' lang='lat' dir='ltr'><strong>oratione</strong></span> <span class='ocrx_word' id='word_1_139' title='bbox 2084 1571 2188 1630; x_wconf 88' lang='lat' dir='ltr'><strong>de·</strong></span> 
     </span>
     <span class='ocr_line' id='line_1_17' title="bbox 101 1650 2192 1726; baseline -0.001 -13"><span class='ocrx_word' id='word_1_140' title='bbox 101 1650 374 1726; x_wconf 80' lang='lat' dir='ltr'><strong>trahitiS‚</strong></span> <span class='ocrx_word' id='word_1_141' title='bbox 416 1659 483 1712; x_wconf 93' lang='lat' dir='ltr'><strong>ut</strong></span> <span class='ocrx_word' id='word_1_142' title='bbox 533 1668 748 1712; x_wconf 89' lang='lat' dir='ltr'><strong>omnes</strong></span> <span class='ocrx_word' id='word_1_143' title='bbox 778 1668 924 1712; x_wconf 90' lang='lat' dir='ltr'><strong>suas</strong></span> <span class='ocrx_word' id='word_1_144' title='bbox 958 1653 1234 1713; x_wconf 80' lang='lat' dir='ltr'><strong>fortunas</strong></span> <span class='ocrx_word' id='word_1_145' title='bbox 1264 1651 1480 1713; x_wconf 84' lang='lat' dir='ltr'><strong>alienis</strong></span> <span class='ocrx_word' id='word_1_146' title='bbox 1520 1651 1719 1712; x_wconf 87' lang='lat' dir='ltr'><strong>servis</strong></span> <span class='ocrx_word' id='word_1_147' title='bbox 1750 1651 2192 1713; x_wconf 66' lang='lat' dir='ltr'><strong>committeret?</strong></span> 
     </span>
     <span class='ocr_line' id='line_1_18' title="bbox 102 1734 2189 1812; baseline -0.001 -15"><span class='ocrx_word' id='word_1_148' title='bbox 102 1738 184 1797; x_wconf 89' lang='lat' dir='ltr'><strong>At</strong></span> <span class='ocrx_word' id='word_1_149' title='bbox 218 1735 443 1812; x_wconf 89' lang='lat' dir='ltr'><strong>quibus</strong></span> <span class='ocrx_word' id='word_1_150' title='bbox 475 1735 718 1796; x_wconf 75' lang='lat' dir='ltr'><strong>servis?</strong></span> <span class='ocrx_word' id='word_1_151' title='bbox 767 1737 977 1796; x_wconf 86' lang='lat' dir='ltr'><strong>Refert</strong></span> <span class='ocrx_word' id='word_1_152' title='bbox 1003 1735 1164 1796; x_wconf 90' lang='lat' dir='ltr'><strong>enim</strong></span> <span class='ocrx_word' id='word_1_153' title='bbox 1188 1752 1410 1811; x_wconf 84' lang='lat' dir='ltr'><strong>magno</strong></span> <span class='ocrx_word' id='word_1_154' title='bbox 1436 1752 1627 1811; x_wconf 83' lang='lat' dir='ltr'><strong>opere</strong></span> <span class='ocrx_word' id='word_1_155' title='bbox 1659 1735 1720 1796; x_wconf 88' lang='lat' dir='ltr'><strong>id</strong></span> <span class='ocrx_word' id='word_1_156' title='bbox 1751 1735 1983 1810; x_wconf 82' lang='lat' dir='ltr'><strong>ipsum:</strong></span> <span class='ocrx_word' id='word_1_157' title='bbox 2013 1734 2189 1807; x_wconf 88' lang='lat' dir='ltr'><strong>iisne,</strong></span> 
     </span>
     <span class='ocr_line' id='line_1_19' title="bbox 100 1818 2186 1896; baseline -0 -15"><span class='ocrx_word' id='word_1_158' title='bbox 100 1818 264 1896; x_wconf 81' lang='lat' dir='ltr'><strong>quos</strong></span> <span class='ocrx_word' id='word_1_159' title='bbox 290 1819 667 1894; x_wconf 69' lang='lat' dir='ltr'><strong>intelligebat</strong></span> <span class='ocrx_word' id='word_1_160' title='bbox 697 1836 817 1881; x_wconf 90' lang='lat' dir='ltr'><strong>non</strong></span> <span class='ocrx_word' id='word_1_161' title='bbox 845 1819 1150 1881; x_wconf 88' lang='lat' dir='ltr'><strong>communi</strong></span> <span class='ocrx_word' id='word_1_162' title='bbox 1182 1819 1549 1881; x_wconf 89' lang='lat' dir='ltr'><strong>condicione</strong></span> <span class='ocrx_word' id='word_1_163' title='bbox 1586 1820 1896 1880; x_wconf 88' lang='lat' dir='ltr'><strong>servitutis</strong></span> <span class='ocrx_word' id='word_1_164' title='bbox 1932 1819 2045 1891; x_wconf 91' lang='lat' dir='ltr'><strong>uti,</strong></span> <span class='ocrx_word' id='word_1_165' title='bbox 2077 1819 2186 1880; x_wconf 87' lang='lat' dir='ltr'><strong>sed</strong></span> 
     </span>
     <span class='ocr_line' id='line_1_20' title="bbox 102 1902 2185 1979; baseline 0 -15"><span class='ocrx_word' id='word_1_166' title='bbox 102 1904 402 1978; x_wconf 83' lang='lat' dir='ltr'><strong>licentius,</strong></span> <span class='ocrx_word' id='word_1_167' title='bbox 435 1902 704 1978; x_wconf 79' lang='lat' dir='ltr'><strong>liberiuS,</strong></span> <span class='ocrx_word' id='word_1_168' title='bbox 743 1903 1099 1964; x_wconf 85' lang='lat' dir='ltr'><strong>familiarius</strong></span> <span class='ocrx_word' id='word_1_169' title='bbox 1123 1920 1262 1964; x_wconf 88' lang='lat' dir='ltr'><strong>cum</strong></span> <span class='ocrx_word' id='word_1_170' title='bbox 1293 1903 1540 1964; x_wconf 89' lang='lat' dir='ltr'><strong>domina</strong></span> <span class='ocrx_word' id='word_1_171' title='bbox 1574 1903 1822 1964; x_wconf 68' lang='lat' dir='ltr'><strong>vivere-‘3</strong></span> <span class='ocrx_word' id='word_1_172' title='bbox 1852 1902 2000 1979; x_wconf 84' lang='lat' dir='ltr'><strong>Quis</strong></span> <span class='ocrx_word' id='word_1_173' title='bbox 2029 1903 2185 1964; x_wconf 88' lang='lat' dir='ltr'><strong>enim</strong></span> 
     </span>
     <span class='ocr_line' id='line_1_21' title="bbox 104 1984 2187 2063; baseline 0.001 -17"><span class='ocrx_word' id='word_1_174' title='bbox 104 1991 221 2049; x_wconf 87' lang='lat' dir='ltr'><strong>hoc</strong></span> <span class='ocrx_word' id='word_1_175' title='bbox 278 2003 404 2047; x_wconf 89' lang='lat' dir='ltr'><strong>non</strong></span> <span class='ocrx_word' id='word_1_176' title='bbox 463 1984 660 2057; x_wconf 86' lang='lat' dir='ltr'><strong>videt,</strong></span> <span class='ocrx_word' id='word_1_177' title='bbox 718 1985 984 2057; x_wconf 83' lang='lat' dir='ltr'><strong>iudiceS,</strong></span> <span class='ocrx_word' id='word_1_178' title='bbox 1044 1993 1149 2046; x_wconf 85' lang='lat' dir='ltr'><strong>aut</strong></span> <span class='ocrx_word' id='word_1_179' title='bbox 1206 1986 1347 2061; x_wconf 91' lang='lat' dir='ltr'><strong>quis</strong></span> <span class='ocrx_word' id='word_1_180' title='bbox 1406 1988 1681 2063; x_wconf 85' lang='lat' dir='ltr'><strong>ignorat,</strong></span> <span class='ocrx_word' id='word_1_181' title='bbox 1746 1988 1804 2047; x_wconf 90' lang='lat' dir='ltr'><strong>in</strong></span> <span class='ocrx_word' id='word_1_182' title='bbox 1851 1989 1983 2049; x_wconf 90' lang='lat' dir='ltr'><strong>eius</strong></span> <span class='ocrx_word' id='word_1_183' title='bbox 2022 1987 2187 2049; x_wconf 88' lang='lat' dir='ltr'><strong>modi</strong></span> 
     </span>
     <span class='ocr_line' id='line_1_22' title="bbox 96 2070 2192 2147; baseline -0.001 -15"><span class='ocrx_word' id='word_1_184' title='bbox 96 2074 317 2146; x_wconf 90' lang='lat' dir='ltr'><strong>domo,</strong></span> <span class='ocrx_word' id='word_1_185' title='bbox 358 2073 419 2132; x_wconf 91' lang='lat' dir='ltr'><strong>in</strong></span> <span class='ocrx_word' id='word_1_186' title='bbox 452 2088 574 2147; x_wconf 89' lang='lat' dir='ltr'><strong>qua</strong></span> <span class='ocrx_word' id='word_1_187' title='bbox 602 2080 793 2133; x_wconf 89' lang='lat' dir='ltr'><strong>mater</strong></span> <span class='ocrx_word' id='word_1_188' title='bbox 825 2070 1086 2132; x_wconf 82' lang='lat' dir='ltr'><strong>familias</strong></span> <span class='ocrx_word' id='word_1_189' title='bbox 1118 2072 1461 2133; x_wconf 85' lang='lat' dir='ltr'><strong>meretricio</strong></span> <span class='ocrx_word' id='word_1_190' title='bbox 1503 2089 1673 2132; x_wconf 89' lang='lat' dir='ltr'><strong>more</strong></span> <span class='ocrx_word' id='word_1_191' title='bbox 1722 2072 1916 2142; x_wconf 84' lang='lat' dir='ltr'><strong>vivat,</strong></span> <span class='ocrx_word' id='word_1_192' title='bbox 1961 2070 2021 2130; x_wconf 90' lang='lat' dir='ltr'><strong>in</strong></span> <span class='ocrx_word' id='word_1_193' title='bbox 2067 2087 2192 2146; x_wconf 88' lang='lat' dir='ltr'><strong>qua</strong></span> 
     </span>
     <span class='ocr_line' id='line_1_23' title="bbox 103 2154 2190 2231; baseline -0 -17"><span class='ocrx_word' id='word_1_194' title='bbox 103 2155 248 2214; x_wconf 87' lang='lat' dir='ltr'><strong>nihil</strong></span> <span class='ocrx_word' id='word_1_195' title='bbox 289 2164 533 2231; x_wconf 86' lang='lat' dir='ltr'><strong>geratur</strong></span> <span class='ocrx_word' id='word_1_196' title='bbox 565 2156 733 2230; x_wconf 86' lang='lat' dir='ltr'><strong>quod</strong></span> <span class='ocrx_word' id='word_1_197' title='bbox 765 2157 930 2216; x_wconf 82' lang='lat' dir='ltr'><strong>foras</strong></span> <span class='ocrx_word' id='word_1_198' title='bbox 960 2156 1394 2231; x_wconf 87' lang='lat' dir='ltr'><strong>proferundum</strong></span> <span class='ocrx_word' id='word_1_199' title='bbox 1425 2157 1535 2230; x_wconf 91' lang='lat' dir='ltr'><strong>sit,</strong></span> <span class='ocrx_word' id='word_1_200' title='bbox 1570 2158 1626 2215; x_wconf 90' lang='lat' dir='ltr'><strong>in</strong></span> <span class='ocrx_word' id='word_1_201' title='bbox 1661 2172 1782 2231; x_wconf 90' lang='lat' dir='ltr'><strong>qua</strong></span> <span class='ocrx_word' id='word_1_202' title='bbox 1815 2156 2021 2228; x_wconf 87' lang='lat' dir='ltr'><strong>lustra,</strong></span> <span class='ocrx_word' id='word_1_203' title='bbox 2057 2154 2190 2213; x_wconf 88' lang='lat' dir='ltr'><strong>libi-</strong></span> 
     </span>
     <span class='ocr_line' id='line_1_24' title="bbox 102 2237 2186 2314; baseline -0.002 -15"><span class='ocrx_word' id='word_1_204' title='bbox 102 2239 314 2314; x_wconf 88' lang='lat' dir='ltr'><strong>dines,</strong></span> <span class='ocrx_word' id='word_1_205' title='bbox 350 2237 644 2312; x_wconf 78' lang='lat' dir='ltr'><strong>luxurieS,</strong></span> <span class='ocrx_word' id='word_1_206' title='bbox 679 2238 882 2299; x_wconf 88' lang='lat' dir='ltr'><strong>omnia</strong></span> <span class='ocrx_word' id='word_1_207' title='bbox 912 2238 1181 2314; x_wconf 89' lang='lat' dir='ltr'><strong>denique</strong></span> <span class='ocrx_word' id='word_1_208' title='bbox 1214 2237 1485 2299; x_wconf 90' lang='lat' dir='ltr'><strong>inaudita</strong></span> <span class='ocrx_word' id='word_1_209' title='bbox 1515 2239 1657 2299; x_wconf 86' lang='lat' dir='ltr'><strong>vitia</strong></span> <span class='ocrx_word' id='word_1_210' title='bbox 1689 2255 1763 2299; x_wconf 88' lang='lat' dir='ltr'><strong>ac</strong></span> <span class='ocrx_word' id='word_1_211' title='bbox 1792 2238 2023 2313; x_wconf 85' lang='lat' dir='ltr'><strong>flagitia</strong></span> <span class='ocrx_word' id='word_1_212' title='bbox 2053 2254 2186 2295; x_wconf 78' lang='lat' dir='ltr'><strong>ver-</strong></span> 
     </span>
     <span class='ocr_line' id='line_1_25' title="bbox 100 2320 2187 2399; baseline -0 -17"><span class='ocrx_word' id='word_1_213' title='bbox 100 2332 344 2397; x_wconf 89' lang='lat' dir='ltr'><strong>sentur,</strong></span> <span class='ocrx_word' id='word_1_214' title='bbox 373 2322 473 2383; x_wconf 89' lang='lat' dir='ltr'><strong>hic</strong></span> <span class='ocrx_word' id='word_1_215' title='bbox 501 2338 721 2384; x_wconf 89' lang='lat' dir='ltr'><strong>servos</strong></span> <span class='ocrx_word' id='word_1_216' title='bbox 751 2339 872 2384; x_wconf 90' lang='lat' dir='ltr'><strong>non</strong></span> <span class='ocrx_word' id='word_1_217' title='bbox 902 2338 1046 2383; x_wconf 90' lang='lat' dir='ltr'><strong>esse</strong></span> <span class='ocrx_word' id='word_1_218' title='bbox 1077 2339 1300 2384; x_wconf 89' lang='lat' dir='ltr'><strong>servos</strong></span> <span class='ocrx_word' id='word_1_219' title='bbox 1322 2330 1352 2382; x_wconf 65' lang='lat'><strong>‘3</strong></span> <span class='ocrx_word' id='word_1_220' title='bbox 1392 2322 1615 2399; x_wconf 91' lang='lat' dir='ltr'><strong>quibus</strong></span> <span class='ocrx_word' id='word_1_221' title='bbox 1679 2320 1882 2384; x_wconf 86' lang='lat' dir='ltr'><strong>omnia</strong></span> <span class='ocrx_word' id='word_1_222' title='bbox 1916 2320 2187 2383; x_wconf 89' lang='lat' dir='ltr'><strong>commit-</strong></span> 
     </span>
     <span class='ocr_line' id='line_1_26' title="bbox 101 2403 2187 2483; baseline -0.002 -17"><span class='ocrx_word' id='word_1_223' title='bbox 101 2416 317 2480; x_wconf 79' lang='lat' dir='ltr'><strong>tantur,</strong></span> <span class='ocrx_word' id='word_1_224' title='bbox 350 2423 460 2483; x_wconf 87' lang='lat' dir='ltr'><strong>per</strong></span> <span class='ocrx_word' id='word_1_225' title='bbox 492 2423 651 2481; x_wconf 90' lang='lat' dir='ltr'><strong>quos</strong></span> <span class='ocrx_word' id='word_1_226' title='bbox 681 2413 997 2481; x_wconf 85' lang='lat' dir='ltr'><strong>gerantur,</strong></span> <span class='ocrx_word' id='word_1_227' title='bbox 1032 2405 1136 2482; x_wconf 89' lang='lat' dir='ltr'><strong>qui</strong></span> <span class='ocrx_word' id='word_1_228' title='bbox 1166 2415 1491 2467; x_wconf 87' lang='lat' dir='ltr'><strong>versentur</strong></span> <span class='ocrx_word' id='word_1_229' title='bbox 1520 2407 1739 2467; x_wconf 89' lang='lat' dir='ltr'><strong>iisdem</strong></span> <span class='ocrx_word' id='word_1_230' title='bbox 1769 2405 1828 2465; x_wconf 90' lang='lat' dir='ltr'><strong>in</strong></span> <span class='ocrx_word' id='word_1_231' title='bbox 1859 2403 2187 2480; x_wconf 85' lang='lat' dir='ltr'><strong>voluptati-</strong></span> 
     </span>
     <span class='ocr_line' id='line_1_27' title="bbox 101 2489 2191 2566; baseline -0.002 -17"><span class='ocrx_word' id='word_1_232' title='bbox 101 2491 239 2563; x_wconf 80' lang='lat' dir='ltr'><strong>buS‚</strong></span> <span class='ocrx_word' id='word_1_233' title='bbox 275 2490 498 2565; x_wconf 87' lang='lat' dir='ltr'><strong>quibus</strong></span> <span class='ocrx_word' id='word_1_234' title='bbox 530 2490 771 2551; x_wconf 88' lang='lat' dir='ltr'><strong>occulta</strong></span> <span class='ocrx_word' id='word_1_235' title='bbox 798 2491 1154 2563; x_wconf 88' lang='lat' dir='ltr'><strong>credantur,</strong></span> <span class='ocrx_word' id='word_1_236' title='bbox 1196 2491 1277 2550; x_wconf 91' lang='lat' dir='ltr'><strong>ad</strong></span> <span class='ocrx_word' id='word_1_237' title='bbox 1304 2507 1463 2566; x_wconf 91' lang='lat' dir='ltr'><strong>quos</strong></span> <span class='ocrx_word' id='word_1_238' title='bbox 1493 2490 1869 2565; x_wconf 86' lang='lat' dir='ltr'><strong>aliquantum</strong></span> <span class='ocrx_word' id='word_1_239' title='bbox 1900 2489 2079 2550; x_wconf 92' lang='lat' dir='ltr'><strong>etiam</strong></span> <span class='ocrx_word' id='word_1_240' title='bbox 2110 2504 2191 2546; x_wconf 85' lang='lat' dir='ltr'><strong>ex</strong></span> 
     </span>
     <span class='ocr_line' id='line_1_28' title="bbox 99 2571 2188 2648; baseline -0.001 -15"><span class='ocrx_word' id='word_1_241' title='bbox 99 2573 424 2636; x_wconf 85' lang='lat' dir='ltr'><strong>cotidianis</strong></span> <span class='ocrx_word' id='word_1_242' title='bbox 455 2573 801 2648; x_wconf 85' lang='lat' dir='ltr'><strong>sumptibus</strong></span> <span class='ocrx_word' id='word_1_243' title='bbox 835 2589 909 2634; x_wconf 88' lang='lat' dir='ltr'><strong>ac</strong></span> <span class='ocrx_word' id='word_1_244' title='bbox 940 2574 1180 2634; x_wconf 86' lang='lat' dir='ltr'><strong>luxurie</strong></span> <span class='ocrx_word' id='word_1_245' title='bbox 1209 2574 1532 2635; x_wconf 88' lang='lat' dir='ltr'><strong>redundet.</strong></span> <span class='ocrx_word' id='word_1_246' title='bbox 1586 2571 1688 2635; x_wconf 81' lang='lat'><strong>58.</strong></span> <span class='ocrx_word' id='word_1_247' title='bbox 1726 2574 1794 2633; x_wconf 91' lang='lat' dir='ltr'><strong>Id</strong></span> <span class='ocrx_word' id='word_1_248' title='bbox 1823 2572 2005 2647; x_wconf 85' lang='lat' dir='ltr'><strong>igitur</strong></span> <span class='ocrx_word' id='word_1_249' title='bbox 2040 2571 2188 2632; x_wconf 90' lang='lat' dir='ltr'><strong>Cae-</strong></span> 
     </span>
     <span class='ocr_line' id='line_1_29' title="bbox 102 2655 2188 2730; baseline -0.001 -14"><span class='ocrx_word' id='word_1_250' title='bbox 102 2658 220 2718; x_wconf 84' lang='lat' dir='ltr'><strong>lius</strong></span> <span class='ocrx_word' id='word_1_251' title='bbox 251 2674 374 2718; x_wconf 89' lang='lat' dir='ltr'><strong>non</strong></span> <span class='ocrx_word' id='word_1_252' title='bbox 407 2656 705 2718; x_wconf 70' lang='lat' dir='ltr'><strong>videbat?</strong></span> <span class='ocrx_word' id='word_1_253' title='bbox 744 2657 809 2717; x_wconf 88' lang='lat' dir='ltr'><strong>Si</strong></span> <span class='ocrx_word' id='word_1_254' title='bbox 846 2656 1007 2716; x_wconf 90' lang='lat' dir='ltr'><strong>enim</strong></span> <span class='ocrx_word' id='word_1_255' title='bbox 1041 2665 1160 2717; x_wconf 89' lang='lat' dir='ltr'><strong>tam</strong></span> <span class='ocrx_word' id='word_1_256' title='bbox 1195 2657 1509 2717; x_wconf 87' lang='lat' dir='ltr'><strong>familiaris</strong></span> <span class='ocrx_word' id='word_1_257' title='bbox 1538 2664 1671 2717; x_wconf 90' lang='lat' dir='ltr'><strong>erat</strong></span> <span class='ocrx_word' id='word_1_258' title='bbox 1701 2655 1972 2716; x_wconf 88' lang='lat' dir='ltr'><strong>mulieris</strong></span> <span class='ocrx_word' id='word_1_259' title='bbox 2005 2670 2188 2730; x_wconf 85' lang='lat' dir='ltr'><strong>quam</strong></span> 
     </span>
     <span class='ocr_line' id='line_1_30' title="bbox 102 2733 2260 2816; baseline -0.001 -18"><span class='ocrx_word' id='word_1_260' title='bbox 102 2751 227 2803; x_wconf 76' lang='lat' dir='ltr'><strong>vos</strong></span> <span class='ocrx_word' id='word_1_261' title='bbox 247 2741 448 2816; x_wconf 87' lang='lat' dir='ltr'><strong>vultis,</strong></span> <span class='ocrx_word' id='word_1_262' title='bbox 477 2739 631 2802; x_wconf 88' lang='lat' dir='ltr'><strong>istos</strong></span> <span class='ocrx_word' id='word_1_263' title='bbox 658 2757 910 2816; x_wconf 88' lang='lat' dir='ltr'><strong>quoque</strong></span> <span class='ocrx_word' id='word_1_264' title='bbox 935 2755 1154 2801; x_wconf 90' lang='lat' dir='ltr'><strong>servos</strong></span> <span class='ocrx_word' id='word_1_265' title='bbox 1180 2740 1507 2801; x_wconf 83' lang='lat' dir='ltr'><strong>familiares</strong></span> <span class='ocrx_word' id='word_1_266' title='bbox 1538 2756 1683 2801; x_wconf 89' lang='lat' dir='ltr'><strong>esse</strong></span> <span class='ocrx_word' id='word_1_267' title='bbox 1718 2739 2001 2799; x_wconf 89' lang='lat' dir='ltr'><strong>dominae</strong></span> <span class='ocrx_word' id='word_1_268' title='bbox 2034 2737 2190 2798; x_wconf 81' lang='lat' dir='ltr'><strong>scie·</strong></span> <span class='ocrx_word' id='word_1_269' title='bbox 2249 2733 2260 2742; x_wconf 84' lang='lat'><strong><em>&#39;</em></strong></span> 
     </span>
     <span class='ocr_line' id='line_1_31' title="bbox 103 2822 2187 2898; baseline -0.001 -16"><span class='ocrx_word' id='word_1_270' title='bbox 103 2826 224 2886; x_wconf 80' lang='lat' dir='ltr'><strong>bat.</strong></span> <span class='ocrx_word' id='word_1_271' title='bbox 312 2824 419 2887; x_wconf 89' lang='lat' dir='ltr'><strong>Sin</strong></span> <span class='ocrx_word' id='word_1_272' title='bbox 462 2823 521 2885; x_wconf 90' lang='lat' dir='ltr'><strong>ei</strong></span> <span class='ocrx_word' id='word_1_273' title='bbox 566 2832 733 2885; x_wconf 88' lang='lat' dir='ltr'><strong>tanta</strong></span> <span class='ocrx_word' id='word_1_274' title='bbox 772 2823 1160 2885; x_wconf 89' lang='lat' dir='ltr'><strong>consuetudo</strong></span> <span class='ocrx_word' id='word_1_275' title='bbox 1194 2831 1421 2898; x_wconf 88' lang='lat' dir='ltr'><strong>quanta</strong></span> <span class='ocrx_word' id='word_1_276' title='bbox 1450 2840 1487 2883; x_wconf 92' lang='lat' dir='ltr'><strong>a</strong></span> <span class='ocrx_word' id='word_1_277' title='bbox 1518 2822 1695 2883; x_wconf 89' lang='lat' dir='ltr'><strong>vobis</strong></span> <span class='ocrx_word' id='word_1_278' title='bbox 1723 2822 2035 2882; x_wconf 88' lang='lat' dir='ltr'><strong>inducitur</strong></span> <span class='ocrx_word' id='word_1_279' title='bbox 2066 2838 2187 2882; x_wconf 90' lang='lat' dir='ltr'><strong>non</strong></span> 
     </span>
     <span class='ocr_line' id='line_1_32' title="bbox 101 2906 2189 2984; baseline -0 -18"><span class='ocrx_word' id='word_1_280' title='bbox 101 2917 252 2981; x_wconf 85' lang='lat' dir='ltr'><strong>erat,</strong></span> <span class='ocrx_word' id='word_1_281' title='bbox 272 2926 432 2984; x_wconf 87' lang='lat' dir='ltr'><strong>quae</strong></span> <span class='ocrx_word' id='word_1_282' title='bbox 447 2924 587 2969; x_wconf 91' lang='lat' dir='ltr'><strong>cum</strong></span> <span class='ocrx_word' id='word_1_283' title='bbox 600 2907 801 2968; x_wconf 88' lang='lat' dir='ltr'><strong>servis</strong></span> <span class='ocrx_word' id='word_1_284' title='bbox 818 2906 1403 2984; x_wconf 87' lang='lat' dir='ltr'><strong>potuitfamiliaritas</strong></span> <span class='ocrx_word' id='word_1_285' title='bbox 1430 2923 1574 2967; x_wconf 90' lang='lat' dir='ltr'><strong>esse</strong></span> <span class='ocrx_word' id='word_1_286' title='bbox 1602 2914 1810 2967; x_wconf 66' lang='lat' dir='ltr'><strong>tanta?</strong></span> <span class='ocrx_word' id='word_1_287' title='bbox 1850 2906 2063 2967; x_wconf 86' lang='lat' dir='ltr'><strong>XXIV.</strong></span> <span class='ocrx_word' id='word_1_288' title='bbox 2093 2906 2189 2981; x_wconf 90' lang='lat' dir='ltr'><strong>Ip-</strong></span> 
     </span>
     <span class='ocr_line' id='line_1_33' title="bbox 102 2989 2193 3067; baseline -0.001 -16"><span class='ocrx_word' id='word_1_289' title='bbox 102 2992 234 3053; x_wconf 88' lang='lat' dir='ltr'><strong>sius</strong></span> <span class='ocrx_word' id='word_1_290' title='bbox 277 3001 479 3055; x_wconf 89' lang='lat' dir='ltr'><strong>autem</strong></span> <span class='ocrx_word' id='word_1_291' title='bbox 522 2990 744 3053; x_wconf 88' lang='lat' dir='ltr'><strong>veneni</strong></span> <span class='ocrx_word' id='word_1_292' title='bbox 789 3009 950 3067; x_wconf 91' lang='lat' dir='ltr'><strong>quae</strong></span> <span class='ocrx_word' id='word_1_293' title='bbox 990 2991 1143 3053; x_wconf 88' lang='lat' dir='ltr'><strong>ratio</strong></span> <span class='ocrx_word' id='word_1_294' title='bbox 1199 2991 1487 3066; x_wconf 74' lang='lat' dir='ltr'><strong>fingitur?</strong></span> <span class='ocrx_word' id='word_1_295' title='bbox 1525 2991 1626 3051; x_wconf 91' lang='lat' dir='ltr'><strong>ubi</strong></span> <span class='ocrx_word' id='word_1_296' title='bbox 1674 2989 2013 3066; x_wconf 87' lang='lat' dir='ltr'><strong>quaesitum</strong></span> <span class='ocrx_word' id='word_1_297' title='bbox 2056 2997 2193 3052; x_wconf 75' lang='lat' dir='ltr'><strong>est?</strong></span> 
     </span>
     <span class='ocr_line' id='line_1_34' title="bbox 101 3075 2189 3153; baseline -0.002 -16"><span class='ocrx_word' id='word_1_298' title='bbox 101 3093 284 3150; x_wconf 82' lang='lat' dir='ltr'><strong>quem</strong></span> <span class='ocrx_word' id='word_1_299' title='bbox 314 3078 393 3137; x_wconf 91' lang='lat' dir='ltr'><strong>ad</strong></span> <span class='ocrx_word' id='word_1_300' title='bbox 425 3077 672 3138; x_wconf 92' lang='lat' dir='ltr'><strong>modum</strong></span> <span class='ocrx_word' id='word_1_301' title='bbox 703 3084 1021 3152; x_wconf 68' lang='lat' dir='ltr'><strong>paratum?</strong></span> <span class='ocrx_word' id='word_1_302' title='bbox 1069 3093 1192 3152; x_wconf 88' lang='lat' dir='ltr'><strong>quo</strong></span> <span class='ocrx_word' id='word_1_303' title='bbox 1224 3082 1448 3152; x_wconf 72' lang='lat' dir='ltr'><strong>pacto?</strong></span> <span class='ocrx_word' id='word_1_304' title='bbox 1493 3075 1611 3153; x_wconf 89' lang='lat' dir='ltr'><strong>cui,</strong></span> <span class='ocrx_word' id='word_1_305' title='bbox 1648 3091 1770 3152; x_wconf 91' lang='lat' dir='ltr'><strong>quo</strong></span> <span class='ocrx_word' id='word_1_306' title='bbox 1801 3076 1860 3136; x_wconf 91' lang='lat' dir='ltr'><strong>in</strong></span> <span class='ocrx_word' id='word_1_307' title='bbox 1898 3077 2035 3136; x_wconf 92' lang='lat' dir='ltr'><strong>loco</strong></span> <span class='ocrx_word' id='word_1_308' title='bbox 2071 3083 2189 3135; x_wconf 86' lang='lat' dir='ltr'><strong>tra-</strong></span> 
     </span>
     <span class='ocr_line' id='line_1_35' title="bbox 98 3156 2188 3236; baseline -0.002 -17"><span class='ocrx_word' id='word_1_309' title='bbox 98 3160 338 3222; x_wconf 70' lang='lat' dir='ltr'><strong>ditum?</strong></span> <span class='ocrx_word' id='word_1_310' title='bbox 375 3160 684 3221; x_wconf 89' lang='lat' dir='ltr'><strong>Habuisse</strong></span> <span class='ocrx_word' id='word_1_311' title='bbox 728 3160 897 3221; x_wconf 88' lang='lat' dir='ltr'><strong>aiunt</strong></span> <span class='ocrx_word' id='word_1_312' title='bbox 933 3160 1097 3222; x_wconf 91' lang='lat' dir='ltr'><strong>domi</strong></span> <span class='ocrx_word' id='word_1_313' title='bbox 1143 3160 1390 3236; x_wconf 87' lang='lat' dir='ltr'><strong>vimque</strong></span> <span class='ocrx_word' id='word_1_314' title='bbox 1433 3157 1568 3221; x_wconf 90' lang='lat' dir='ltr'><strong>eius</strong></span> <span class='ocrx_word' id='word_1_315' title='bbox 1602 3176 1746 3222; x_wconf 89' lang='lat' dir='ltr'><strong>esse</strong></span> <span class='ocrx_word' id='word_1_316' title='bbox 1774 3167 2096 3236; x_wconf 86' lang='lat' dir='ltr'><strong>expertum</strong></span> <span class='ocrx_word' id='word_1_317' title='bbox 2129 3156 2188 3216; x_wconf 92' lang='lat' dir='ltr'><strong>in</strong></span> 
     </span>
     <span class='ocr_line' id='line_1_36' title="bbox 101 3237 2192 3320; baseline -0.003 -17"><span class='ocrx_word' id='word_1_318' title='bbox 101 3261 289 3306; x_wconf 85' lang='lat' dir='ltr'><strong>servo</strong></span> <span class='ocrx_word' id='word_1_319' title='bbox 324 3245 623 3320; x_wconf 88' lang='lat' dir='ltr'><strong>quodam,</strong></span> <span class='ocrx_word' id='word_1_320' title='bbox 669 3244 747 3304; x_wconf 92' lang='lat' dir='ltr'><strong>ad</strong></span> <span class='ocrx_word' id='word_1_321' title='bbox 790 3259 925 3305; x_wconf 83' lang='lat' dir='ltr'><strong>eam</strong></span> <span class='ocrx_word' id='word_1_322' title='bbox 965 3261 1093 3305; x_wconf 91' lang='lat' dir='ltr'><strong>rem</strong></span> <span class='ocrx_word' id='word_1_323' title='bbox 1135 3243 1333 3320; x_wconf 88' lang='lat' dir='ltr'><strong>ipsam</strong></span> <span class='ocrx_word' id='word_1_324' title='bbox 1380 3252 1622 3319; x_wconf 78' lang='lat' dir='ltr'><strong>parato:</strong></span> <span class='ocrx_word' id='word_1_325' title='bbox 1670 3242 1847 3305; x_wconf 89' lang='lat' dir='ltr'><strong>cuius</strong></span> <span class='ocrx_word' id='word_1_326' title='bbox 1892 3237 2192 3317; x_wconf 89' lang='lat' dir='ltr'><strong>perceleri</strong></span> 
     </span>
     <span class='ocr_line' id='line_1_37' title="bbox 103 3323 2191 3403; baseline -0.002 -18"><span class='ocrx_word' id='word_1_327' title='bbox 103 3326 343 3390; x_wconf 86' lang='lat' dir='ltr'><strong>interitu</strong></span> <span class='ocrx_word' id='word_1_328' title='bbox 373 3345 517 3390; x_wconf 84' lang='lat' dir='ltr'><strong>esse</strong></span> <span class='ocrx_word' id='word_1_329' title='bbox 546 3329 624 3389; x_wconf 86' lang='lat' dir='ltr'><strong>ab</strong></span> <span class='ocrx_word' id='word_1_330' title='bbox 657 3328 776 3389; x_wconf 89' lang='lat' dir='ltr'><strong>hoc</strong></span> <span class='ocrx_word' id='word_1_331' title='bbox 812 3329 1279 3403; x_wconf 87' lang='lat' dir='ltr'><strong>comprobatum</strong></span> <span class='ocrx_word' id='word_1_332' title='bbox 1307 3345 1632 3390; x_wconf 87' lang='lat' dir='ltr'><strong>venenum.</strong></span> <span class='ocrx_word' id='word_1_333' title='bbox 1665 3327 1768 3389; x_wconf 84' lang='lat'><strong>59.</strong></span> <span class='ocrx_word' id='word_1_334' title='bbox 1794 3325 1955 3385; x_wconf 91' lang='lat' dir='ltr'><strong>Proh</strong></span> <span class='ocrx_word' id='word_1_335' title='bbox 1980 3324 2040 3383; x_wconf 92' lang='lat' dir='ltr'><strong>di</strong></span> <span class='ocrx_word' id='word_1_336' title='bbox 2082 3323 2191 3382; x_wconf 87' lang='lat' dir='ltr'><strong>im-</strong></span> 
     </span>
     <span class='ocr_line' id='line_1_38' title="bbox 103 3406 2197 3474; baseline -0.003 -6"><span class='ocrx_word' id='word_1_337' title='bbox 103 3414 423 3473; x_wconf 81' lang='lat' dir='ltr'><strong>mortales!</strong></span> <span class='ocrx_word' id='word_1_338' title='bbox 467 3429 577 3473; x_wconf 91' lang='lat' dir='ltr'><strong>cur</strong></span> <span class='ocrx_word' id='word_1_339' title='bbox 622 3413 921 3473; x_wconf 86' lang='lat' dir='ltr'><strong>interdum</strong></span> <span class='ocrx_word' id='word_1_340' title='bbox 969 3411 1029 3471; x_wconf 92' lang='lat' dir='ltr'><strong>in</strong></span> <span class='ocrx_word' id='word_1_341' title='bbox 1059 3410 1371 3472; x_wconf 89' lang='lat' dir='ltr'><strong>hominum</strong></span> <span class='ocrx_word' id='word_1_342' title='bbox 1402 3411 1741 3474; x_wconf 84' lang='lat' dir='ltr'><strong>sceleribus</strong></span> <span class='ocrx_word' id='word_1_343' title='bbox 1774 3406 2055 3467; x_wconf 87' lang='lat' dir='ltr'><strong>maximis</strong></span> <span class='ocrx_word' id='word_1_344' title='bbox 2088 3413 2197 3463; x_wconf 89' lang='lat' dir='ltr'><strong>aut</strong></span> 
     </span>
     <span class='ocr_line' id='line_1_39' title="bbox 100 3488 2199 3571; baseline -0.007 -17"><span class='ocrx_word' id='word_1_345' title='bbox 100 3493 405 3555; x_wconf 87' lang='lat' dir='ltr'><strong>conivetis</strong></span> <span class='ocrx_word' id='word_1_346' title='bbox 452 3502 558 3554; x_wconf 85' lang='lat' dir='ltr'><strong>aut</strong></span> <span class='ocrx_word' id='word_1_347' title='bbox 616 3493 957 3571; x_wconf 81' lang='lat' dir='ltr'><strong>praesentis</strong></span> <span class='ocrx_word' id='word_1_348' title='bbox 989 3494 1220 3555; x_wconf 88' lang='lat' dir='ltr'><strong>fraudis</strong></span> <span class='ocrx_word' id='word_1_349' title='bbox 1269 3511 1503 3570; x_wconf 85' lang='lat' dir='ltr'><strong>poenas</strong></span> <span class='ocrx_word' id='word_1_350' title='bbox 1543 3495 1604 3553; x_wconf 91' lang='lat' dir='ltr'><strong>in</strong></span> <span class='ocrx_word' id='word_1_351' title='bbox 1631 3493 1789 3551; x_wconf 86' lang='lat' dir='ltr'><strong>diem</strong></span> <span class='ocrx_word' id='word_1_352' title='bbox 1818 3488 2199 3547; x_wconf 69' lang='lat' dir='ltr'><strong>reservatis?</strong></span> 
     </span>
     <span class='ocr_line' id='line_1_40' title="bbox 102 3565 2197 3653; baseline -0.01 -17"><span class='ocrx_word' id='word_1_353' title='bbox 102 3578 244 3639; x_wconf 89' lang='lat' dir='ltr'><strong>Vidi</strong></span> <span class='ocrx_word' id='word_1_354' title='bbox 275 3579 470 3653; x_wconf 90' lang='lat' dir='ltr'><strong>enim,</strong></span> <span class='ocrx_word' id='word_1_355' title='bbox 514 3579 639 3639; x_wconf 85' lang='lat' dir='ltr'><strong>vidi</strong></span> <span class='ocrx_word' id='word_1_356' title='bbox 687 3590 749 3641; x_wconf 87' lang='lat' dir='ltr'><strong>et</strong></span> <span class='ocrx_word' id='word_1_357' title='bbox 788 3579 953 3639; x_wconf 87' lang='lat' dir='ltr'><strong>illum</strong></span> <span class='ocrx_word' id='word_1_358' title='bbox 987 3578 1167 3640; x_wconf 85' lang='lat' dir='ltr'><strong>hausi</strong></span> <span class='ocrx_word' id='word_1_359' title='bbox 1200 3578 1474 3638; x_wconf 91' lang='lat' dir='ltr'><strong>dolorem</strong></span> <span class='ocrx_word' id='word_1_360' title='bbox 1504 3576 1601 3634; x_wconf 88' lang='lat' dir='ltr'><strong>vel</strong></span> <span class='ocrx_word' id='word_1_361' title='bbox 1638 3567 2097 3631; x_wconf 61' lang='lat' dir='ltr'><strong>acerbissimum</strong></span> <span class='ocrx_word' id='word_1_362' title='bbox 2130 3565 2197 3618; x_wconf 77' lang='lat' dir='ltr'><strong>in</strong></span> 
     </span>
     <span class='ocr_line' id='line_1_41' title="bbox 104 3644 2163 3739; baseline -0.006 -19"><span class='ocrx_word' id='word_1_363' title='bbox 104 3659 240 3735; x_wconf 82' lang='lat' dir='ltr'><strong>vita,</strong></span> <span class='ocrx_word' id='word_1_364' title='bbox 273 3680 462 3739; x_wconf 88' lang='lat' dir='ltr'><strong>quum</strong></span> <span class='ocrx_word' id='word_1_365' title='bbox 493 3662 560 3737; x_wconf 82' lang='lat' dir='ltr'><strong>Q.</strong></span> <span class='ocrx_word' id='word_1_366' title='bbox 595 3663 897 3724; x_wconf 87' lang='lat' dir='ltr'><strong>Metellus</strong></span> <span class='ocrx_word' id='word_1_367' title='bbox 919 3660 1375 3722; x_wconf 87' lang='lat' dir='ltr'><strong>abstraheretur</strong></span> <span class='ocrx_word' id='word_1_368' title='bbox 1428 3676 1463 3716; x_wconf 84' lang='lat' dir='ltr'><strong>e</strong></span> <span class='ocrx_word' id='word_1_369' title='bbox 1507 3658 1647 3714; x_wconf 89' lang='lat' dir='ltr'><strong>sinu</strong></span> <span class='ocrx_word' id='word_1_370' title='bbox 1696 3644 2052 3720; x_wconf 74' lang='lat' dir='ltr'><strong>gremioque</strong></span> <span class='ocrx_word' id='word_1_371' title='bbox 2086 3656 2163 3708; x_wconf 82' lang='lat' dir='ltr'><strong>pa</strong></span> 
     </span>
    </p>
   </div>
   <div class='ocr_carea' id='block_1_4' title="bbox 2411 1304 2514 3029">
    <p class='ocr_par' dir='ltr' id='par_1_4' title="bbox 2381 1276 2514 3029">
     <span class='ocr_line' id='line_1_42' title="bbox 2411 1304 2514 3029; textangle 90"><span class='ocrx_word' id='word_1_372' title='bbox 2430 2858 2514 3029; x_wconf 58' lang='grc' dir='ltr'><strong>ΓΑΕ</strong></span> <span class='ocrx_word' id='word_1_373' title='bbox 2432 2315 2514 2809; x_wconf 51' lang='lat' dir='ltr'><strong>numm-iatri</strong></span> <span class='ocrx_word' id='word_1_374' title='bbox 2445 2156 2514 2250; x_wconf 74' lang='lat' dir='ltr'><strong>m:</strong></span> <span class='ocrx_word' id='word_1_375' title='bbox 2449 1678 2514 2093; x_wconf 55' lang='lat' dir='ltr'><strong>uinum...</strong></span> <span class='ocrx_word' id='word_1_376' title='bbox 2411 1304 2514 1619; x_wconf 48' lang='grc' dir='ltr'><strong>...ἂμ</strong></span> 
     </span>
    </p>
   </div>
  </div>
 </body>
</html>
