2514 3928
343 269 468 331 430
621 270 697 327 IN
726 269 804 326 M.
830 267 1231 328 ANTONIUM
1267 268 1551 330 ORATIO
1583 269 2012 331 PHILIPPICA
2039 271 2155 331 xl.
2369 281 2458 335 132

348 417 657 493 Scipionis
687 416 1006 493 provincia
1039 426 1498 479 commutatum=
1544 435 1658 479 nec
1697 421 1837 495 plus
1869 421 2454 484 extraordinarium

346 500 664 576 imperium
699 502 778 559 ad
808 500 870 559 id
902 502 1124 561 bellum
1157 502 1497 577 quaesitum
1535 518 1717 575 quam
1748 504 1989 563 duobus
2023 512 2231 565 antea
2260 506 2452 567 maxi·

347 584 462 644 mis
488 584 731 643 Punicis
767 583 962 655 bellis,
992 601 1152 659 quae
1174 601 1210 644 a
1244 585 1600 645 consulibus
1632 594 1735 645 aut
1768 602 1804 646 a
1826 586 2259 649 dictatoribus
2280 601 2449 664 gesta

345 676 408 728 et
447 669 727 727 confecta
768 674 940 740 sunt,
985 684 1167 741 quam
1204 667 1449 743 Pyrrhi,
1494 685 1676 743 quam
1716 668 2008 744 Philippi,
2058 688 2269 744 quam
2322 683 2446 749 post

346 750 617 811 Achaico
646 750 834 823 bello,
862 766 1045 824 quam
1070 750 1298 811 Punico
1334 752 1540 811 tertioz
1586 752 1666 810 ad
1700 754 1864 827 quod
1894 755 2187 827 populus
2227 759 2444 817 Roma·

347 851 463 895 nus
506 833 589 894 ita
628 832 743 893 sibi
788 832 922 907 ipse
976 831 1184 909 dilegit
1222 833 1512 893 idoneum
1537 835 1785 903 ducem,
1829 835 1893 893 P.
1926 834 2357 913 Scipionem,
2398 847 2449 898 ut

348 934 486 978 eum
521 925 718 977 tamen
751 916 978 976 bellurn
1009 932 1223 990 gerere
1251 918 1566 977 consulem
1597 918 1793 979 vellet.

473 1001 630 1058 VIII.
676 998 775 1060 18.
821 999 969 1059 Cum
1002 998 1353 1060 Aristonico
1385 1000 1608 1060 bellum
1648 1001 1985 1075 gerundum
2027 1001 2153 1062 suit
2195 1004 2271 1061 P.
2304 1003 2443 1062 Lici·

347 1081 448 1143 nio
494 1083 560 1141 L.
603 1080 1270 1153 Valerio-consulibus.
1359 1084 1629 1157 Rogatus
1676 1092 1771 1143 est
1810 1083 2087 1158 populus
2136 1103 2349 1160 quem
2392 1085 2441 1144 id

345 1166 569 1226 bellum
610 1179 825 1239 gerere
864 1166 1162 1239 placeret=
1205 1166 1467 1225 Crassus
1497 1168 1744 1238 consul,
1786 1166 2069 1240 pontifex
2106 1169 2438 1238 maximus.

344 1248 560 1308 Flacco
591 1248 901 1321 cot-legae,
942 1246 1173 1307 flamini
1197 1247 1489 1323 Martiali,
1535 1250 1778 1309 multam
1846 1248 2027 1323 dixit,
2078 1251 2138 1310 si
2173 1268 2220 1311 a
2253 1252 2439 1313 sacris

344 1330 756 1391 discessisset.
821 1330 1011 1404 Quam
1047 1333 1296 1391 multam
1344 1332 1611 1407 populus
1635 1334 1946 1393 Romanus
1969 1334 2267 1395 remisit=
2301 1352 2437 1411 pon·

347 1412 490 1474 tifici
522 1422 720 1475 tamen
755 1413 1061 1474 flaminem
1092 1431 1311 1489 parere
1343 1414 1539 1476 iussit.
1606 1415 1743 1476 Sed
1767 1431 1841 1475 ne
1871 1424 1996 1477 tum
2032 1418 2313 1491 quidem
2342 1435 2436 1495 po·

346 1498 529 1572 putus
557 1497 871 1558 Romanus
900 1498 982 1558 ad
1020 1497 1321 1572 privatum
1353 1497 1564 1559 detulit
1591 1500 1844 1559 bellum:
1890 1516 2292 1576 quamquam
2321 1509 2432 1563 emt

344 1579 704 1654 Africanus,
760 1580 866 1655 qui
904 1597 1086 1641 annor
1118 1588 1268 1641 ante·
1303 1581 1382 1641 de
1425 1581 2296 1668 Numantinisyriumpharata
2341 1583 2430 1660 qui

345 1679 529 1737 quum
559 1664 744 1738 longe.
769 1680 981 1724 ornnes
1013 1663 1156 1724 belli
1183 1664 1378 1738 gloria
1411 1674 1470 1725 et
1497 1665 1717 1727 virtute
1747 1674 2100 1740 superaret,
2151 1668 2328 1729 duas
2356 1678 2424 1728 ta·

344 1761 479 1806 men
508 1748 699 1807 tribus
736 1748 902 1807 solas
931 1746 1077 1808 tulit.
1164 1748 1254 1805 lta
1282 1749 1550 1822 populus
1584 1749 1894 1810 Romanus
1931 1750 2186 1809 consuli
2227 1752 2426 1826 potius

344 1829 566 1889 Crasso
614 1846 795 1903 quarn
832 1828 1067 1903 privato
1098 1828 1388 1890 Africano
1434 1832 1655 1892 bellum
1683 1833 2021 1907 gerundum
2054 1833 2261 1895 dedit.
2344 1836 2426 1895 De

343 1910 447 1971 Cn.
491 1911 763 1987 Pompeii
809 1911 1109 1988 imperiiS,
1154 1911 1372 1974 summi
1416 1912 1526 1974 viri
1567 1923 1751 1990 atque
1794 1914 2062 1976 omnium
2098 1916 2420 1993 principis,

341 1993 561 2055 tribuni
598 1996 793 2070 plebis
837 1996 1157 2057 turbulenti
1199 1999 1477 2058 tulerunt.
1563 1998 1713 2058 Nam
1742 1998 2164 2061 Sertorianum
2203 2001 2423 2062 bellum

340 2094 377 2137 a
407 2086 624 2139 senatu
654 2077 890 2154 privato
923 2081 1129 2140 datum
1160 2090 1273 2154 est,
1305 2080 1450 2156 quia
1477 2083 1764 2141 eonsules
1793 2083 2197 2143 recusabant=
2242 2101 2424 2158 quum
2478 2152 2479 2159 χ

344 2163 407 2220 L.
435 2161 752 2238 Philippus
796 2179 906 2237 pro
950 2161 1308 2224 consulibus
1356 2180 1493 2224 eum
1535 2180 1605 2225 se
1652 2166 1883 2226 mittere
1925 2159 2108 2239 diiii,
2153 2182 2284 2226 non
2316 2184 2422 2243 pro

340 2246 614 2306 consule.
703 2244 805 2305 19.
850 2248 1017 2320 Quae
1057 2244 1239 2321 igitur
1277 2248 1428 2307 haec
1459 2247 1746 2308 comitia?
1788 2257 1892 2309 aut
1923 2265 2107 2325 quam
2144 2249 2421 2311 ambitio·

341 2343 477 2387 nem
510 2329 1043 2389 constantissimus
1074 2337 1135 2390 et
1162 2330 1563 2404 gravissimus
1594 2330 1777 2403 civ13,
1821 2332 1887 2390 L.
1925 2332 2184 2404 Caesar,
2234 2333 2303 2393 in
2331 2348 2420 2394 se·

342 2418 541 2470 natum
575 2409 952 2471 introduxit?
1015 2411 1361 2474 Clarissimo
1400 2413 1528 2473 viro
1559 2422 1744 2487 atque
1774 2414 2291 2477 innocentissimo
2321 2418 2417 2477 de-

340 2493 531 2553 crevit
579 2493 923 2568 imperium,
979 2497 1218 2571 privato
1270 2504 1490 2579 tamen.
1578 2497 1641 2556 ln
1691 2515 1813 2572 quo
1858 2498 2191 2559 maximum
2242 2500 2416 2560 nobis

340 2594 497 2638 onus
526 2577 837 2652 imposuit.
923 2581 1248 2640 Adsensus
1279 2596 1411 2640 ero:
1457 2578 1845 2640 ambitionem
1879 2580 2189 2643 induxero
2221 2581 2289 2642 in
2319 2599 2416 2644 ea-

336 2660 503 2722 riam.
590 2661 863 2736 Negaro=
922 2662 1177 2723 videbor
1223 2662 1519 2738 suffragio
1561 2679 1733 2738 me0,
1785 2673 2090 2739 tamquam
2133 2665 2415 2739 comitiis,

337 2745 631 2807 honorem
674 2745 902 2806 homini
944 2745 1317 2806 amicissimo
1357 2745 1785 2822 denegavisse.
1871 2747 2048 2821 Quod
2083 2746 2141 2807 si
2171 2748 2416 2809 comitia

338 2830 540 2903 placet
564 2827 625 2887 in
658 2837 876 2890 senatu
904 2828 1142 2902 haberi,
1192 2837 1500 2903 petamus,
1545 2829 1912 2891 ambiamus:
1962 2830 2185 2891 tabella
2229 2833 2415 2893 modo

336 2912 515 2972 detur
545 2910 755 2985 nobiS,
799 2911 957 2973 sicut
991 2913 1221 2987 populo
1253 2913 1393 2972 data
1424 2919 1539 2973 est.
1629 2913 1746 2974 Cur
1775 2912 2130 2986 committiS,
2168 2914 2414 2988 Caesar,

336 3000 400 3051 ut
432 3001 537 3053 aut
566 2994 1126 3068 praestantissimus
1168 2993 1288 3068 vir,
1331 2995 1385 3055 si
1410 2994 1516 3055 tibi
1541 3012 1661 3055 non
1691 2995 2165 3070 sitadsensum,
2207 3000 2411 3073 repul·

336 3091 468 3138 sam
513 3075 727 3136 tulisse
771 3076 1048 3139 videatur
1085 3086 1189 3139 aut
1229 3095 1388 3140 unus
1426 3077 1690 3152 quisque
1719 3088 1990 3140 nostrum
2022 3081 2413 3155 praeteritus,

337 3157 419 3226 si,
469 3174 651 3229 quum
690 3159 819 3230 pari
855 3159 1146 3235 dignitate
1174 3161 1394 3232 sirnuS,
1441 3162 1659 3221 eodem
1689 3161 1921 3222 honore
1948 3161 2114 3236 digni
2144 3179 2274 3224 non
2304 3181 2409 3239 pu-

338 3243 571 3297 temur?
652 3236 754 3298 20.
796 3243 876 3301 At
915 3245 1077 3303 enim
1101 3276 1188 3289 —
1218 3260 1356 3304 nam
1388 3245 1449 3304 id
1479 3244 1742 3306 exaudio
1775 3277 1858 3288 -—-
1890 3244 1950 3307 C.
1983 3245 2232 3306 Caesari
2262 3247 2408 3308 ado-

336 3319 673 3378 lescentulo
727 3321 1044 3396 imperium
1096 3326 1641 3389 extraordinarium
1692 3344 1829 3389 mea
1885 3325 2189 3389 sententia
2243 3327 2408 3390 dedi.

336 3400 442 3458 lile
481 3398 640 3459 enim
684 3401 829 3461 mihi
873 3406 1245 3477 praesidium
1278 3410 1818 3471 extraordinarium
1852 3411 2118 3472 dederat.
2213 3411 2409 3486 Quum

334 3475 477 3539 dieo
508 3480 684 3557 mihi,
712 3485 949 3545 senatui
981 3487 1118 3548 dieo
1149 3493 1506 3567 populoque
1536 3493 1833 3554 Romano.
1920 3495 1976 3552 A
2005 3510 2126 3570 quo
2174 3490 2409 3585 pljaesi·
