2514 3928
104 341 168 393 35
694 329 859 388 CAP.
890 336 1154 390 30—33.
1203 335 1253 396 §-
1285 335 1546 389 83—89.
2041 327 2166 390 259

104 482 294 544 iniecit
322 478 674 551 amentiam,
710 488 777 554 ut
808 480 942 540 sine
971 475 1358 551 imaginibus,
1390 476 1526 537 sine
1558 488 1739 540 cantu
1768 489 1954 554 atque
1986 479 2166 554 ludiS,

102 566 225 628 sine
253 562 587 638 exsequiis,
612 561 749 623 sine
776 560 1080 634 lamentiS,
1113 560 1248 619 sine
1271 559 1740 634 laudationibus,
1773 562 1905 622 sine
1930 564 2167 638 sunere,

101 648 315 712 oblitus
342 662 561 707 cruore
584 656 645 706 et
672 647 819 718 luto,
849 643 1148 720 spoliatus
1175 643 1335 704 illius
1359 643 1633 718 supremi
1656 644 1778 704 diei
1800 646 2148 707 celebritate

101 732 192 793 cui
222 731 440 792 cedere
468 727 687 789 inimici
720 729 897 791 etiam
932 726 1160 798 solent,
1206 727 1626 787 ambureretur
1653 727 1948 788 abiectus.
2034 730 2164 790 Non

102 815 285 876 fuisse
315 814 499 874 credo
530 813 622 872 fas
654 810 1126 872 clarissimorum
1152 809 1420 871 virorum
1451 811 1678 871 formas
1709 810 1793 870 illi
1811 810 2168 880 *taeterrimo

99 896 433 975 parricidae
460 895 691 972 aliquid
722 894 968 956 decoris
998 895 1271 967 adferre,
1307 911 1512 970 neque
1542 895 1665 954 ullo
1696 893 1755 953 in
1786 895 1925 955 loco
1963 894 2170 970 potius

101 990 347 1043 mortem
377 980 509 1040 eius
542 979 797 1041 lacerari
829 996 1010 1054 quam
1045 978 1106 1038 in
1140 994 1264 1054 quo
1297 986 1466 1039 esset
1499 977 1623 1038 vita
1653 979 1957 1039 damnata.

211 1063 313 1127 87.
353 1065 546 1136 Dura,
575 1062 813 1124 medius
842 1062 1043 1134 fidius,
1074 1061 1219 1122 mihi
1247 1061 1645 1123 iamFortuna
1669 1061 1884 1139 popul-i
1911 1062 2168 1125 Romani

97 1161 156 1211 et
188 1146 451 1208 crudelis
483 1145 836 1219 videbatur,
866 1161 1028 1220 quae
1065 1153 1153 1205 tot
1180 1161 1380 1205 annos
1409 1144 1575 1205 illum
1612 1145 1674 1205 in
1703 1146 1863 1206 hanc
1895 1163 2021 1208 rem
2045 1165 2165 1222 pu-

96 1231 322 1293 blicam·
367 1230 661 1290 insultare
712 1235 1041 1304 pateretur.
1139 1228 1444 1288 Polluerat
1482 1236 1697 1303 stupro
1743 1231 2165 1292 sanctissimas

97 1315 451 1388 religiones,
496 1318 747 1372 senatus
778 1308 1146 1385 gravissima
1171 1311 1420 1371 decreta
1465 1312 1868 1386 pei-fregerat,
1907 1315 2169 1387 pecunia

97 1414 166 1458 se
195 1413 231 1456 a
261 1393 565 1456 iudicibus
599 1395 798 1469 palam
831 1393 1204 1463 redemerat,
1254 1400 1509 1453 vexarat
1545 1392 1604 1452 in
1650 1395 1957 1456 tribunatu
1991 1413 2169 1457 sena·

98 1493 248 1552 tum,
289 1476 555 1539 omnium
597 1475 878 1538 ordinum
907 1491 1219 1537 consensu
1249 1490 1364 1551 pro
1392 1477 1593 1538 salute
1632 1477 1720 1536 rei
1750 1478 2035 1555 publicae
2067 1494 2171 1554 ge·

97 1575 188 1626 sta
215 1561 578 1630 resciderat,
614 1576 710 1621 me
740 1560 936 1635 patria
964 1561 1317 1635 expulerat,
1345 1559 1509 1620 bona
1539 1558 1892 1634 diripuerat,
1923 1562 2167 1622 domum

97 1647 476 1718 incenderat,
515 1643 774 1716 liberos,
818 1644 1142 1720 coniugem
1181 1659 1377 1704 meam
1421 1651 1691 1716 vexarat,
1738 1644 1843 1705 Cn.
1873 1645 2167 1720 Pompeio

95 1729 388 1793 nefarium
411 1729 633 1789 bellum
654 1726 973 1800 indixerat,
1012 1726 1469 1803 magistratuum
1500 1724 2001 1802 privatorumque
2031 1744 2169 1789 cae-

92 1819 205 1879 des
236 1814 549 1885 effecerat,
583 1812 832 1872 domum
874 1809 994 1872 mei
1037 1808 1237 1872 fratris
1277 1811 1662 1886 incenderat,
1687 1819 1956 1872 vastarat
1995 1812 2167 1874 Etru·

92 1898 260 1971 riam,
293 1898 515 1957 multos
551 1894 803 1956 sedibus
833 1911 908 1955 ac
937 1892 1197 1956 fortunis
1229 1892 1523 1955 eiecerat=
1555 1895 1849 1969 instabat,
1882 1895 2168 1971 urgebam

92 1998 318 2057 capere
357 1978 491 2039 eius
524 1977 848 2040 amentiam
887 1978 1135 2049 civitas,
1164 1978 1362 2051 Italia,
1391 1978 1774 2053 provinciae,
1824 1995 2016 2055 regna
2043 1996 2166 2040 non

94 2069 407 2142 poterant=
457 2060 877 2123 incidebantur
903 2062 1024 2121 iam
1051 2058 1215 2121 domi
1242 2061 1443 2135 leges,
1493 2077 1651 2136 quae
1681 2079 1797 2124 nos
1830 2062 2030 2124 servis
2060 2080 2168 2123 no-

93 2146 239 2211 stris
263 2142 646 2205 addicerentz
677 2142 822 2204 nihil
852 2152 982 2205 erat
1010 2142 1391 2218 cuiusquam,
1423 2145 1589 2219 quod
1621 2144 1867 2220 quidem
1900 2144 2004 2206 ille
2022 2145 2170 2205 ada-

92 2236 357 2299 masset,
406 2226 573 2301 quod
602 2242 724 2286 non
753 2226 873 2287 hoc
901 2243 1062 2288 anno
1096 2220 1274 2288 suzim
1309 2227 1441 2288 rore
1468 2236 1729 2303 putaret.
1817 2227 1919 2292 88.
1953 2228 2165 2291 Obsta-

92 2323 199 2380 bat
225 2310 362 2375 eius
392 2307 861 2385 cogitationibus
892 2326 1070 2371 nemo
1102 2319 1345 2385 praeter
1369 2309 1679 2372 Milonem.
1745 2312 1916 2374 Illum
1945 2310 2164 2388 ipsum,

96 2395 205 2474 qui
236 2395 483 2456 obstare
513 2400 776 2467 poterat,
809 2411 971 2455 novo
1008 2392 1205 2455 reditu
1239 2394 1299 2453 in
1326 2392 1581 2469 gratiam
1605 2394 1786 2471 quasi
1819 2395 2163 2459 devinctum

101 2473 545 2556 arbitrabatur:
580 2475 862 2537 Caesaris
894 2473 1228 2550 potentiam
1261 2491 1436 2536 suam
1473 2492 1618 2537 esse
1652 2476 1925 2536 dicebat:
1973 2478 2163 2536 bono-

101 2572 241 2619 rum
268 2556 508 2620 animos
539 2557 600 2619 in
635 2574 773 2620 meo
807 2574 959 2619 casu
986 2563 1474 2633 contempserat·
1517 2559 1662 2620 Milo
1692 2574 1855 2619 unus
1888 2560 2163 2633 urgebat.

219 2638 636 2698 xxxl11.Hic
678 2638 741 2700 di
779 2638 1178 2709 immortales.
1220 2647 1286 2699 ut
1327 2654 1517 2713 supra
1559 2638 1722 2712 dixi,
1774 2647 2037 2700 mentem
2080 2638 2165 2699 iili

82 2722 332 2803 perdito
364 2736 439 2781 ac
469 2719 700 2782 furioso
727 2722 1054 2794 dederunt,
1104 2728 1167 2782 ut
1192 2720 1333 2781 huic
1363 2721 1592 2782 faceret
1618 2720 1897 2782 insidias.
1972 2721 2167 2782 Aliter

80 2805 293 2905 perire
324 2802 515 2880 pestis
548 2803 648 2863 illa
677 2821 799 2866 non
828 2804 1055 2880 potuit·
1090 2820 1420 2878 numquam
1449 2802 1618 2864 illum
1647 2820 1749 2865 res
1781 2803 2027 2878 publica
2049 2819 2163 2865 suo

79 2894 221 2951 iure
263 2896 431 2950 esset
458 2887 602 2947 ulta.
671 2886 966 2961 SenatuS,
996 2890 1202 2959 credo,
1234 2897 1575 2963 praetorem
1606 2902 1746 2948 eum
1782 2884 2165 2949 circumseri-

80 2971 343 3051 psisset.
369 2972 458 3031 Ne
497 2986 683 3045 quum
712 2972 950 3033 solebat
980 2970 1225 3045 quidem
1259 2971 1321 3030 id
1351 2971 1572 3043 facere,
1597 2970 1660 3031 in
1683 2968 1920 3046 privato
1944 2973 2164 3033 eodem

80 3057 210 3119 hoc
240 3054 471 3131 aliquid
516 3055 878 3128 profecerat.
966 3053 1067 3116 89.
1108 3056 1204 3114 An
1256 3054 1546 3116 consules
1591 3054 1653 3116 in
1685 3063 1964 3129 praetore
1996 3057 2163 3117 coer-

78 3140 290 3202 cendo
318 3141 507 3199 sortes
540 3135 839 3199 ruissent?
877 3136 1139 3198 Primum
1167 3136 1393 3199 Milone
1424 3137 1633 3199 occiso
1663 3131 1983 3200 habuisset
2012 3154 2165 3199 suos

78 3224 419 3286 eonsules=
476 3220 702 3282 deinde
746 3222 887 3297 quis
944 3222 1005 3281 in
1058 3237 1134 3281 eo
1180 3227 1460 3295 praetore
1503 3223 1722 3282 consul
1764 3220 1936 3283 fortis
1978 3228 2166 3293 esset,

79 3323 207 3386 per
238 3323 422 3383 quem
448 3304 751 3366 tribunum
779 3305 1057 3366 virtutem
1090 3304 1476 3365 consularem
1500 3302 1924 3366 crudelissime
1981 3318 2160 3364 vexa-

28 3446 41 3458 .
79 3401 215 3455 tam
246 3405 389 3450 esse
427 3387 843 3451 meminisset?
891 3386 1321 3463 oppressisset
1349 3386 1568 3461 omnia,
1599 3386 1967 3464 possideret,
1995 3392 2153 3445 tene

76 3481 222 3536 ret·
267 3475 404 3547 lege
433 3488 623 3543 nova,
669 3489 828 3547 quae
859 3480 956 3533 est
980 3469 1227 3532 inventa
1257 3471 1425 3545 apud
1453 3486 1593 3530 eum
1626 3485 1763 3531 cum
1791 3466 2049 3537 reliquis
2078 3466 2154 3524 le·

76 3556 275 3636 gibus
320 3553 661 3628 ClodianiS,
720 3572 940 3616 servos
976 3562 1225 3615 nostros
1261 3552 1514 3639 libertos
1546 3549 2010 3692 sutile-‘'gecissets
2048 3558 2151 3619 pe
