<?xml version="1.0" encoding="UTF-8"?>
<!DOCTYPE html PUBLIC "-//W3C//DTD XHTML 1.0 Transitional//EN"
    "http://www.w3.org/TR/xhtml1/DTD/xhtml1-transitional.dtd">
<html xmlns="http://www.w3.org/1999/xhtml" xml:lang="en" lang="en">
 <head>
  <title>
</title>
<meta http-equiv="Content-Type" content="text/html;charset=utf-8" />
  <meta name='ocr-system' content='tesseract 3.04.00' />
  <meta name='ocr-capabilities' content='ocr_page ocr_carea ocr_par ocr_line ocrx_word'/>
</head>
<body>
  <div class='ocr_page' id='page_1' title='image "./scriptaquaemans02cicegoog_0300.png"; bbox 0 0 2514 3928; ppageno 0'>
   <div class='ocr_carea' id='block_1_1' title="bbox 264 216 2378 284">
    <p class='ocr_par' dir='ltr' id='par_1_1' title="bbox 264 216 2378 284">
     <span class='ocr_line' id='line_1_1' title="bbox 264 216 2378 284; baseline 0 -3"><span class='ocrx_word' id='word_1_1' title='bbox 264 218 397 281; x_wconf 75' lang='lat'><strong>240</strong></span> <span class='ocrx_word' id='word_1_2' title='bbox 734 217 884 278; x_wconf 83' lang='lat' dir='ltr'><strong>PRO</strong></span> <span class='ocrx_word' id='word_1_3' title='bbox 916 218 981 276; x_wconf 85' lang='grc' dir='ltr'><strong>Τ.</strong></span> <span class='ocrx_word' id='word_1_4' title='bbox 1014 216 1252 277; x_wconf 85' lang='lat' dir='ltr'><strong>ANNIO</strong></span> <span class='ocrx_word' id='word_1_5' title='bbox 1281 216 1572 280; x_wconf 80' lang='lat' dir='ltr'><strong>MILONE</strong></span> <span class='ocrx_word' id='word_1_6' title='bbox 1607 216 1912 278; x_wconf 80' lang='lat' dir='ltr'><strong>ORATIO.</strong></span> <span class='ocrx_word' id='word_1_7' title='bbox 2302 228 2378 284; x_wconf 78' lang='lat'><strong>16</strong></span> 
     </span>
    </p>
   </div>
   <div class='ocr_carea' id='block_1_2' title="bbox 197 365 2375 3535">
    <p class='ocr_par' dir='ltr' id='par_1_2' title="bbox 265 365 2375 2281">
     <span class='ocr_line' id='line_1_2' title="bbox 268 365 2374 444; baseline 0 -13"><span class='ocrx_word' id='word_1_8' title='bbox 268 378 436 432; x_wconf 85' lang='lat' dir='ltr'><strong>ctum</strong></span> <span class='ocrx_word' id='word_1_9' title='bbox 484 377 611 444; x_wconf 91' lang='lat' dir='ltr'><strong>est,</strong></span> <span class='ocrx_word' id='word_1_10' title='bbox 646 366 858 429; x_wconf 85' lang='lat' dir='ltr'>Miloni</span> <span class='ocrx_word' id='word_1_11' title='bbox 915 365 1172 429; x_wconf 88' lang='lat' dir='ltr'><strong>insidias</strong></span> <span class='ocrx_word' id='word_1_12' title='bbox 1214 368 1563 430; x_wconf 81' lang='lat' dir='ltr'>collocaret.</span> <span class='ocrx_word' id='word_1_13' title='bbox 1663 369 1873 444; x_wconf 85' lang='lat' dir='ltr'><strong>Atque</strong></span> <span class='ocrx_word' id='word_1_14' title='bbox 1917 367 1999 430; x_wconf 90' lang='lat' dir='ltr'><strong>ita</strong></span> <span class='ocrx_word' id='word_1_15' title='bbox 2047 371 2374 444; x_wconf 76' lang='lat' dir='ltr'><strong>profectus</strong></span> 
     </span>
     <span class='ocr_line' id='line_1_3' title="bbox 267 451 2371 528; baseline 0 -14"><span class='ocrx_word' id='word_1_16' title='bbox 267 462 385 528; x_wconf 89' lang='lat' dir='ltr'><strong>est,</strong></span> <span class='ocrx_word' id='word_1_17' title='bbox 422 458 490 514; x_wconf 85' lang='lat' dir='ltr'><strong>ut</strong></span> <span class='ocrx_word' id='word_1_18' title='bbox 524 452 874 514; x_wconf 88' lang='lat' dir='ltr'><strong>contionem</strong></span> <span class='ocrx_word' id='word_1_19' title='bbox 904 452 1330 524; x_wconf 80' lang='lat' dir='ltr'>turbulentam,</span> <span class='ocrx_word' id='word_1_20' title='bbox 1361 451 1423 511; x_wconf 91' lang='lat' dir='ltr'><strong>in</strong></span> <span class='ocrx_word' id='word_1_21' title='bbox 1455 468 1578 527; x_wconf 88' lang='lat' dir='ltr'><strong>qua</strong></span> <span class='ocrx_word' id='word_1_22' title='bbox 1611 451 1744 511; x_wconf 90' lang='lat' dir='ltr'><strong>eius</strong></span> <span class='ocrx_word' id='word_1_23' title='bbox 1779 453 1945 512; x_wconf 79' lang='lat' dir='ltr'><strong>furor</strong></span> <span class='ocrx_word' id='word_1_24' title='bbox 1973 452 2371 514; x_wconf 88' lang='lat' dir='ltr'><strong>desideratus</strong></span> 
     </span>
     <span class='ocr_line' id='line_1_4' title="bbox 269 534 2375 611; baseline 0 -14"><span class='ocrx_word' id='word_1_25' title='bbox 269 546 384 610; x_wconf 87' lang='lat' dir='ltr'><strong>est,</strong></span> <span class='ocrx_word' id='word_1_26' title='bbox 418 551 576 611; x_wconf 88' lang='lat' dir='ltr'><strong>quae</strong></span> <span class='ocrx_word' id='word_1_27' title='bbox 600 534 702 596; x_wconf 89' lang='lat' dir='ltr'><strong>illo</strong></span> <span class='ocrx_word' id='word_1_28' title='bbox 727 534 868 610; x_wconf 91' lang='lat' dir='ltr'><strong>ipso</strong></span> <span class='ocrx_word' id='word_1_29' title='bbox 896 535 994 595; x_wconf 91' lang='lat' dir='ltr'><strong>die</strong></span> <span class='ocrx_word' id='word_1_30' title='bbox 1016 535 1220 595; x_wconf 87' lang='lat' dir='ltr'><strong>habita</strong></span> <span class='ocrx_word' id='word_1_31' title='bbox 1246 546 1360 607; x_wconf 90' lang='lat' dir='ltr'><strong>est,</strong></span> <span class='ocrx_word' id='word_1_32' title='bbox 1392 536 1798 610; x_wconf 88' lang='lat' dir='ltr'><strong>relinqueret,</strong></span> <span class='ocrx_word' id='word_1_33' title='bbox 1832 553 2015 610; x_wconf 91' lang='lat' dir='ltr'><strong>quam</strong></span> <span class='ocrx_word' id='word_1_34' title='bbox 2045 535 2162 596; x_wconf 88' lang='lat' dir='ltr'><strong>nisi</strong></span> <span class='ocrx_word' id='word_1_35' title='bbox 2192 537 2375 597; x_wconf 89' lang='lat' dir='ltr'><strong>obire</strong></span> 
     </span>
     <span class='ocr_line' id='line_1_5' title="bbox 268 617 2373 694; baseline 0.001 -13"><span class='ocrx_word' id='word_1_36' title='bbox 268 618 564 681; x_wconf 83' lang='lat' dir='ltr'><strong>facinoris</strong></span> <span class='ocrx_word' id='word_1_37' title='bbox 609 621 811 680; x_wconf 90' lang='lat' dir='ltr'><strong>locum</strong></span> <span class='ocrx_word' id='word_1_38' title='bbox 856 628 1223 694; x_wconf 77' lang='lat' dir='ltr'><strong>tempusque</strong></span> <span class='ocrx_word' id='word_1_39' title='bbox 1254 617 1587 690; x_wconf 76' lang='lat' dir='ltr'><strong>voluisset,</strong></span> <span class='ocrx_word' id='word_1_40' title='bbox 1631 635 1959 692; x_wconf 86' lang='lat' dir='ltr'><strong>numquam</strong></span> <span class='ocrx_word' id='word_1_41' title='bbox 1991 619 2373 693; x_wconf 84' lang='lat' dir='ltr'><strong>reliquisset.</strong></span> 
     </span>
     <span class='ocr_line' id='line_1_6' title="bbox 269 701 2372 778; baseline 0 -13"><span class='ocrx_word' id='word_1_42' title='bbox 269 704 371 766; x_wconf 77' lang='lat'><strong>28.</strong></span> <span class='ocrx_word' id='word_1_43' title='bbox 403 703 544 763; x_wconf 91' lang='lat' dir='ltr'><strong>Milo</strong></span> <span class='ocrx_word' id='word_1_44' title='bbox 571 711 773 764; x_wconf 89' lang='lat' dir='ltr'><strong>autem</strong></span> <span class='ocrx_word' id='word_1_45' title='bbox 800 719 987 777; x_wconf 86' lang='lat' dir='ltr'><strong>quum</strong></span> <span class='ocrx_word' id='word_1_46' title='bbox 1012 701 1071 762; x_wconf 91' lang='lat' dir='ltr'><strong>in</strong></span> <span class='ocrx_word' id='word_1_47' title='bbox 1103 710 1324 762; x_wconf 89' lang='lat' dir='ltr'><strong>senatu</strong></span> <span class='ocrx_word' id='word_1_48' title='bbox 1361 702 1580 763; x_wconf 82' lang='lat' dir='ltr'><strong>suisset</strong></span> <span class='ocrx_word' id='word_1_49' title='bbox 1613 718 1688 762; x_wconf 91' lang='lat' dir='ltr'><strong>eo</strong></span> <span class='ocrx_word' id='word_1_50' title='bbox 1721 702 1840 775; x_wconf 89' lang='lat' dir='ltr'><strong>die,</strong></span> <span class='ocrx_word' id='word_1_51' title='bbox 1872 703 2079 778; x_wconf 89' lang='lat' dir='ltr'><strong>quoad</strong></span> <span class='ocrx_word' id='word_1_52' title='bbox 2111 711 2372 766; x_wconf 89' lang='lat' dir='ltr'><strong>senatus</strong></span> 
     </span>
     <span class='ocr_line' id='line_1_7' title="bbox 274 785 2372 864; baseline 0 -16"><span class='ocrx_word' id='word_1_53' title='bbox 274 796 375 848; x_wconf 91' lang='lat' dir='ltr'><strong>est</strong></span> <span class='ocrx_word' id='word_1_54' title='bbox 418 785 744 857; x_wconf 82' lang='lat' dir='ltr'><strong>dimissuS,</strong></span> <span class='ocrx_word' id='word_1_55' title='bbox 775 787 1022 847; x_wconf 87' lang='lat' dir='ltr'><strong>domum</strong></span> <span class='ocrx_word' id='word_1_56' title='bbox 1073 785 1255 860; x_wconf 88' lang='lat' dir='ltr'><strong>venit,</strong></span> <span class='ocrx_word' id='word_1_57' title='bbox 1307 787 1552 846; x_wconf 90' lang='lat' dir='ltr'><strong>calceos</strong></span> <span class='ocrx_word' id='word_1_58' title='bbox 1585 794 1646 845; x_wconf 92' lang='lat' dir='ltr'><strong>et</strong></span> <span class='ocrx_word' id='word_1_59' title='bbox 1690 786 2054 847; x_wconf 83' lang='lat' dir='ltr'><strong>vestimenta</strong></span> <span class='ocrx_word' id='word_1_60' title='bbox 2077 786 2372 864; x_wconf 76' lang='lat' dir='ltr'><strong>mutavit,</strong></span> 
     </span>
     <span class='ocr_line' id='line_1_8' title="bbox 271 869 2370 947; baseline -0 -16"><span class='ocrx_word' id='word_1_61' title='bbox 271 871 639 947; x_wconf 81' lang='lat' dir='ltr'>paullisper,</span> <span class='ocrx_word' id='word_1_62' title='bbox 690 869 832 929; x_wconf 91' lang='lat' dir='ltr'><strong>dum</strong></span> <span class='ocrx_word' id='word_1_63' title='bbox 867 886 936 930; x_wconf 91' lang='lat' dir='ltr'><strong>se</strong></span> <span class='ocrx_word' id='word_1_64' title='bbox 964 886 1150 943; x_wconf 81' lang='lat' dir='ltr'><strong>uxor,</strong></span> <span class='ocrx_word' id='word_1_65' title='bbox 1197 876 1263 928; x_wconf 91' lang='lat' dir='ltr'><strong>ut</strong></span> <span class='ocrx_word' id='word_1_66' title='bbox 1293 869 1388 939; x_wconf 91' lang='lat' dir='ltr'><strong>fit,</strong></span> <span class='ocrx_word' id='word_1_67' title='bbox 1432 875 1776 943; x_wconf 88' lang='lat' dir='ltr'><strong>comparat,</strong></span> <span class='ocrx_word' id='word_1_68' title='bbox 1811 877 2220 930; x_wconf 80' lang='lat' dir='ltr'><strong>commoratus</strong></span> <span class='ocrx_word' id='word_1_69' title='bbox 2249 879 2370 946; x_wconf 90' lang='lat' dir='ltr'><strong>est,</strong></span> 
     </span>
     <span class='ocr_line' id='line_1_9' title="bbox 270 950 2369 1028; baseline 0 -13"><span class='ocrx_word' id='word_1_70' title='bbox 270 953 499 1014; x_wconf 90' lang='lat' dir='ltr'><strong>deinde</strong></span> <span class='ocrx_word' id='word_1_71' title='bbox 528 954 848 1028; x_wconf 77' lang='lat' dir='ltr'><strong>profectus</strong></span> <span class='ocrx_word' id='word_1_72' title='bbox 877 952 936 1011; x_wconf 85' lang='lat' dir='ltr'><strong>id</strong></span> <span class='ocrx_word' id='word_1_73' title='bbox 972 950 1297 1027; x_wconf 89' lang='lat' dir='ltr'><strong>temporis,</strong></span> <span class='ocrx_word' id='word_1_74' title='bbox 1345 968 1529 1026; x_wconf 90' lang='lat' dir='ltr'><strong>quum</strong></span> <span class='ocrx_word' id='word_1_75' title='bbox 1558 952 1674 1011; x_wconf 88' lang='lat' dir='ltr'><strong>iam</strong></span> <span class='ocrx_word' id='word_1_76' title='bbox 1709 952 1996 1027; x_wconf 80' lang='lat' dir='ltr'><strong>ClodiuS,</strong></span> <span class='ocrx_word' id='word_1_77' title='bbox 2027 953 2080 1013; x_wconf 91' lang='lat' dir='ltr'><strong>si</strong></span> <span class='ocrx_word' id='word_1_78' title='bbox 2117 954 2369 1027; x_wconf 91' lang='lat' dir='ltr'><strong>quidem</strong></span> 
     </span>
     <span class='ocr_line' id='line_1_10' title="bbox 270 1034 2370 1109; baseline 0.002 -13"><span class='ocrx_word' id='word_1_79' title='bbox 270 1054 345 1097; x_wconf 91' lang='lat' dir='ltr'><strong>eo</strong></span> <span class='ocrx_word' id='word_1_80' title='bbox 379 1036 479 1096; x_wconf 88' lang='lat' dir='ltr'><strong>die</strong></span> <span class='ocrx_word' id='word_1_81' title='bbox 503 1038 759 1096; x_wconf 87' lang='lat' dir='ltr'><strong>Romam</strong></span> <span class='ocrx_word' id='word_1_82' title='bbox 801 1043 1095 1096; x_wconf 83' lang='lat' dir='ltr'><strong>venturus</strong></span> <span class='ocrx_word' id='word_1_83' title='bbox 1140 1042 1285 1108; x_wconf 86' lang='lat' dir='ltr'><strong>erat,</strong></span> <span class='ocrx_word' id='word_1_84' title='bbox 1326 1034 1530 1094; x_wconf 90' lang='lat' dir='ltr'><strong>redire</strong></span> <span class='ocrx_word' id='word_1_85' title='bbox 1564 1035 1888 1109; x_wconf 85' lang='lat' dir='ltr'><strong>potuisset.</strong></span> <span class='ocrx_word' id='word_1_86' title='bbox 1983 1037 2072 1097; x_wconf 90' lang='lat' dir='ltr'><strong>Ob</strong></span> <span class='ocrx_word' id='word_1_87' title='bbox 2104 1038 2265 1097; x_wconf 88' lang='lat' dir='ltr'><strong>viam</strong></span> <span class='ocrx_word' id='word_1_88' title='bbox 2300 1040 2370 1100; x_wconf 83' lang='lat' dir='ltr'><strong>fit</strong></span> 
     </span>
     <span class='ocr_line' id='line_1_11' title="bbox 265 1118 2367 1195; baseline 0.001 -16"><span class='ocrx_word' id='word_1_89' title='bbox 265 1119 329 1179; x_wconf 94' lang='lat' dir='ltr'><strong>ei</strong></span> <span class='ocrx_word' id='word_1_90' title='bbox 360 1118 637 1191; x_wconf 80' lang='lat' dir='ltr'><strong>ClodiuS,</strong></span> <span class='ocrx_word' id='word_1_91' title='bbox 683 1118 1040 1193; x_wconf 83' lang='lat' dir='ltr'><strong>expedituS,</strong></span> <span class='ocrx_word' id='word_1_92' title='bbox 1084 1119 1142 1178; x_wconf 90' lang='lat' dir='ltr'><strong>in</strong></span> <span class='ocrx_word' id='word_1_93' title='bbox 1188 1134 1382 1193; x_wconf 89' lang='lat' dir='ltr'><strong>equo,</strong></span> <span class='ocrx_word' id='word_1_94' title='bbox 1428 1120 1593 1177; x_wconf 85' lang='lat' dir='ltr'><strong>nulla</strong></span> <span class='ocrx_word' id='word_1_95' title='bbox 1620 1120 1847 1190; x_wconf 87' lang='lat' dir='ltr'><strong>raeda,</strong></span> <span class='ocrx_word' id='word_1_96' title='bbox 1893 1119 2075 1179; x_wconf 90' lang='lat' dir='ltr'><strong>nullis</strong></span> <span class='ocrx_word' id='word_1_97' title='bbox 2106 1119 2367 1195; x_wconf 89' lang='lat' dir='ltr'><strong>impedi-</strong></span> 
     </span>
     <span class='ocr_line' id='line_1_12' title="bbox 270 1200 2367 1279; baseline 0.002 -18"><span class='ocrx_word' id='word_1_98' title='bbox 270 1202 508 1277; x_wconf 83' lang='lat' dir='ltr'><strong>mentiS‚</strong></span> <span class='ocrx_word' id='word_1_99' title='bbox 539 1201 719 1263; x_wconf 89' lang='lat' dir='ltr'><strong>nullis</strong></span> <span class='ocrx_word' id='word_1_100' title='bbox 745 1201 998 1264; x_wconf 88' lang='lat' dir='ltr'><strong>Graecis</strong></span> <span class='ocrx_word' id='word_1_101' title='bbox 1021 1201 1365 1273; x_wconf 78' lang='lat' dir='ltr'><strong>comitibus,</strong></span> <span class='ocrx_word' id='word_1_102' title='bbox 1398 1209 1466 1262; x_wconf 92' lang='lat' dir='ltr'><strong>ut</strong></span> <span class='ocrx_word' id='word_1_103' title='bbox 1494 1203 1749 1275; x_wconf 84' lang='lat' dir='ltr'><strong>solebat,</strong></span> <span class='ocrx_word' id='word_1_104' title='bbox 1781 1200 1921 1262; x_wconf 87' lang='lat' dir='ltr'><strong>sine</strong></span> <span class='ocrx_word' id='word_1_105' title='bbox 1951 1215 2160 1276; x_wconf 85' lang='lat' dir='ltr'><strong>uxore,</strong></span> <span class='ocrx_word' id='word_1_106' title='bbox 2193 1206 2367 1279; x_wconf 88' lang='lat' dir='ltr'><strong>quod</strong></span> 
     </span>
     <span class='ocr_line' id='line_1_13' title="bbox 272 1284 2366 1360; baseline 0.001 -15"><span class='ocrx_word' id='word_1_107' title='bbox 272 1303 604 1360; x_wconf 86' lang='lat' dir='ltr'><strong>numquam</strong></span> <span class='ocrx_word' id='word_1_108' title='bbox 642 1287 797 1346; x_wconf 82' lang='lat' dir='ltr'><strong>fere:</strong></span> <span class='ocrx_word' id='word_1_109' title='bbox 832 1304 1019 1360; x_wconf 88' lang='lat' dir='ltr'><strong>quum</strong></span> <span class='ocrx_word' id='word_1_110' title='bbox 1062 1285 1160 1346; x_wconf 87' lang='lat' dir='ltr'><strong>hic</strong></span> <span class='ocrx_word' id='word_1_111' title='bbox 1191 1284 1528 1360; x_wconf 85' lang='lat' dir='ltr'><strong>insidiator,</strong></span> <span class='ocrx_word' id='word_1_112' title='bbox 1562 1287 1665 1359; x_wconf 92' lang='lat' dir='ltr'><strong>qui</strong></span> <span class='ocrx_word' id='word_1_113' title='bbox 1697 1285 1810 1346; x_wconf 90' lang='lat' dir='ltr'><strong>iter</strong></span> <span class='ocrx_word' id='word_1_114' title='bbox 1835 1285 1981 1347; x_wconf 89' lang='lat' dir='ltr'><strong>illud</strong></span> <span class='ocrx_word' id='word_1_115' title='bbox 2005 1286 2084 1346; x_wconf 90' lang='lat' dir='ltr'><strong>ad</strong></span> <span class='ocrx_word' id='word_1_116' title='bbox 2110 1289 2366 1348; x_wconf 89' lang='lat' dir='ltr'><strong>caedem</strong></span> 
     </span>
     <span class='ocr_line' id='line_1_14' title="bbox 272 1368 2367 1446; baseline 0.001 -16"><span class='ocrx_word' id='word_1_117' title='bbox 272 1369 615 1430; x_wconf 77' lang='lat' dir='ltr'><strong>faciendam</strong></span> <span class='ocrx_word' id='word_1_118' title='bbox 649 1379 1042 1446; x_wconf 86' lang='lat' dir='ltr'><strong>apparasset,</strong></span> <span class='ocrx_word' id='word_1_119' title='bbox 1087 1386 1226 1431; x_wconf 91' lang='lat' dir='ltr'><strong>cum</strong></span> <span class='ocrx_word' id='word_1_120' title='bbox 1269 1384 1466 1429; x_wconf 86' lang='lat' dir='ltr'><strong>uxore</strong></span> <span class='ocrx_word' id='word_1_121' title='bbox 1507 1368 1830 1429; x_wconf 87' lang='lat' dir='ltr'><strong>veheretur</strong></span> <span class='ocrx_word' id='word_1_122' title='bbox 1857 1370 1914 1428; x_wconf 90' lang='lat' dir='ltr'><strong>in</strong></span> <span class='ocrx_word' id='word_1_123' title='bbox 1944 1375 2170 1442; x_wconf 87' lang='lat' dir='ltr'><strong>raeda,</strong></span> <span class='ocrx_word' id='word_1_124' title='bbox 2215 1388 2367 1444; x_wconf 87' lang='lat' dir='ltr'><strong>pae-</strong></span> 
     </span>
     <span class='ocr_line' id='line_1_15' title="bbox 272 1451 2358 1530; baseline -0 -16"><span class='ocrx_word' id='word_1_125' title='bbox 272 1455 549 1530; x_wconf 81' lang='lat' dir='ltr'><strong>nulatuS,</strong></span> <span class='ocrx_word' id='word_1_126' title='bbox 596 1471 816 1530; x_wconf 84' lang='lat' dir='ltr'><strong>magno</strong></span> <span class='ocrx_word' id='word_1_127' title='bbox 857 1463 917 1515; x_wconf 92' lang='lat' dir='ltr'><strong>et</strong></span> <span class='ocrx_word' id='word_1_128' title='bbox 966 1454 1262 1528; x_wconf 89' lang='lat' dir='ltr'><strong>impedito</strong></span> <span class='ocrx_word' id='word_1_129' title='bbox 1306 1461 1366 1513; x_wconf 85' lang='lat' dir='ltr'><strong>et</strong></span> <span class='ocrx_word' id='word_1_130' title='bbox 1401 1451 1680 1513; x_wconf 88' lang='lat' dir='ltr'><strong>muliebri</strong></span> <span class='ocrx_word' id='word_1_131' title='bbox 1707 1468 1782 1512; x_wconf 88' lang='lat' dir='ltr'><strong>ac</strong></span> <span class='ocrx_word' id='word_1_132' title='bbox 1813 1452 2071 1513; x_wconf 87' lang='lat' dir='ltr'><strong>delicato</strong></span> <span class='ocrx_word' id='word_1_133' title='bbox 2112 1453 2358 1514; x_wconf 86' lang='lat' dir='ltr'><strong>ancilla·</strong></span> 
     </span>
     <span class='ocr_line' id='line_1_16' title="bbox 267 1534 2361 1615; baseline -0 -17"><span class='ocrx_word' id='word_1_134' title='bbox 267 1556 404 1599; x_wconf 88' lang='lat' dir='ltr'><strong>rum</strong></span> <span class='ocrx_word' id='word_1_135' title='bbox 433 1555 886 1615; x_wconf 87' lang='lat' dir='ltr'><strong>puerorumque</strong></span> <span class='ocrx_word' id='word_1_136' title='bbox 916 1538 1220 1605; x_wconf 89' lang='lat' dir='ltr'><strong>comitatu.</strong></span> <span class='ocrx_word' id='word_1_137' title='bbox 1253 1534 1354 1596; x_wconf 81' lang='lat'><strong>29.</strong></span> <span class='ocrx_word' id='word_1_138' title='bbox 1384 1534 1478 1596; x_wconf 90' lang='lat' dir='ltr'><strong>Fit</strong></span> <span class='ocrx_word' id='word_1_139' title='bbox 1507 1536 1586 1595; x_wconf 93' lang='lat' dir='ltr'><strong>ob</strong></span> <span class='ocrx_word' id='word_1_140' title='bbox 1613 1536 1772 1595; x_wconf 86' lang='lat' dir='ltr'><strong>viam</strong></span> <span class='ocrx_word' id='word_1_141' title='bbox 1811 1536 2022 1597; x_wconf 91' lang='lat' dir='ltr'><strong>Clodio</strong></span> <span class='ocrx_word' id='word_1_142' title='bbox 2053 1545 2195 1597; x_wconf 83' lang='lat' dir='ltr'><strong>ante</strong></span> <span class='ocrx_word' id='word_1_143' title='bbox 2228 1538 2361 1597; x_wconf 82' lang='lat' dir='ltr'><strong>sun-</strong></span> 
     </span>
     <span class='ocr_line' id='line_1_17' title="bbox 274 1619 2364 1683; baseline -0.001 -1"><span class='ocrx_word' id='word_1_144' title='bbox 274 1623 419 1682; x_wconf 89' lang='lat' dir='ltr'><strong>dum</strong></span> <span class='ocrx_word' id='word_1_145' title='bbox 450 1622 582 1683; x_wconf 90' lang='lat' dir='ltr'><strong>eius</strong></span> <span class='ocrx_word' id='word_1_146' title='bbox 613 1622 765 1683; x_wconf 88' lang='lat' dir='ltr'><strong>hora</strong></span> <span class='ocrx_word' id='word_1_147' title='bbox 796 1623 924 1682; x_wconf 83' lang='lat' dir='ltr'><strong>fere</strong></span> <span class='ocrx_word' id='word_1_148' title='bbox 953 1621 1274 1682; x_wconf 88' lang='lat' dir='ltr'><strong>undecima</strong></span> <span class='ocrx_word' id='word_1_149' title='bbox 1317 1629 1421 1680; x_wconf 91' lang='lat' dir='ltr'><strong>aut</strong></span> <span class='ocrx_word' id='word_1_150' title='bbox 1451 1636 1576 1680; x_wconf 91' lang='lat' dir='ltr'><strong>non</strong></span> <span class='ocrx_word' id='word_1_151' title='bbox 1616 1621 1804 1679; x_wconf 92' lang='lat' dir='ltr'><strong>multo</strong></span> <span class='ocrx_word' id='word_1_152' title='bbox 1849 1636 2054 1680; x_wconf 88' lang='lat' dir='ltr'><strong>secus.</strong></span> <span class='ocrx_word' id='word_1_153' title='bbox 2146 1619 2364 1680; x_wconf 85' lang='lat' dir='ltr'><strong>Statim</strong></span> 
     </span>
     <span class='ocr_line' id='line_1_18' title="bbox 272 1701 2359 1780; baseline -0 -15"><span class='ocrx_word' id='word_1_154' title='bbox 272 1705 620 1780; x_wconf 80' lang='lat' dir='ltr'><strong>complures</strong></span> <span class='ocrx_word' id='word_1_155' title='bbox 663 1721 797 1765; x_wconf 91' lang='lat' dir='ltr'><strong>cum</strong></span> <span class='ocrx_word' id='word_1_156' title='bbox 852 1704 988 1765; x_wconf 87' lang='lat' dir='ltr'><strong>telis</strong></span> <span class='ocrx_word' id='word_1_157' title='bbox 1039 1705 1100 1765; x_wconf 93' lang='lat' dir='ltr'><strong>in</strong></span> <span class='ocrx_word' id='word_1_158' title='bbox 1144 1705 1309 1765; x_wconf 89' lang='lat' dir='ltr'><strong>hunc</strong></span> <span class='ocrx_word' id='word_1_159' title='bbox 1360 1704 1587 1762; x_wconf 79' lang='lat' dir='ltr'><strong>faciunt</strong></span> <span class='ocrx_word' id='word_1_160' title='bbox 1617 1704 1694 1763; x_wconf 92' lang='lat' dir='ltr'><strong>de</strong></span> <span class='ocrx_word' id='word_1_161' title='bbox 1724 1704 1864 1763; x_wconf 92' lang='lat' dir='ltr'><strong>loco</strong></span> <span class='ocrx_word' id='word_1_162' title='bbox 1901 1701 2221 1778; x_wconf 88' lang='lat' dir='ltr'><strong>superiore</strong></span> <span class='ocrx_word' id='word_1_163' title='bbox 2251 1704 2359 1764; x_wconf 90' lang='lat' dir='ltr'><strong>im-</strong></span> 
     </span>
     <span class='ocr_line' id='line_1_19' title="bbox 272 1787 2364 1864; baseline 0 -16"><span class='ocrx_word' id='word_1_164' title='bbox 272 1797 509 1864; x_wconf 83' lang='lat' dir='ltr'><strong>petum:</strong></span> <span class='ocrx_word' id='word_1_165' title='bbox 569 1788 816 1848; x_wconf 90' lang='lat' dir='ltr'><strong>adversi</strong></span> <span class='ocrx_word' id='word_1_166' title='bbox 856 1788 1206 1847; x_wconf 87' lang='lat' dir='ltr'><strong>raedarium</strong></span> <span class='ocrx_word' id='word_1_167' title='bbox 1251 1787 1559 1847; x_wconf 90' lang='lat' dir='ltr'><strong>occidunt.</strong></span> <span class='ocrx_word' id='word_1_168' title='bbox 1663 1787 1857 1860; x_wconf 79' lang='lat' dir='ltr'><strong>Quum</strong></span> <span class='ocrx_word' id='word_1_169' title='bbox 1900 1795 2100 1847; x_wconf 88' lang='lat' dir='ltr'><strong>autem</strong></span> <span class='ocrx_word' id='word_1_170' title='bbox 2140 1787 2239 1846; x_wconf 88' lang='lat' dir='ltr'><strong>hic</strong></span> <span class='ocrx_word' id='word_1_171' title='bbox 2283 1789 2364 1849; x_wconf 87' lang='lat' dir='ltr'><strong>de</strong></span> 
     </span>
     <span class='ocr_line' id='line_1_20' title="bbox 270 1869 2358 1945; baseline 0 -15"><span class='ocrx_word' id='word_1_172' title='bbox 270 1872 463 1931; x_wconf 88' lang='lat' dir='ltr'><strong>raeda</strong></span> <span class='ocrx_word' id='word_1_173' title='bbox 491 1869 718 1931; x_wconf 89' lang='lat' dir='ltr'><strong>reiecta</strong></span> <span class='ocrx_word' id='word_1_174' title='bbox 750 1872 1015 1945; x_wconf 90' lang='lat' dir='ltr'><strong>paenula</strong></span> <span class='ocrx_word' id='word_1_175' title='bbox 1046 1870 1400 1930; x_wconf 85' lang='lat' dir='ltr'><strong>desiluisset</strong></span> <span class='ocrx_word' id='word_1_176' title='bbox 1445 1886 1641 1945; x_wconf 91' lang='lat' dir='ltr'><strong>seque</strong></span> <span class='ocrx_word' id='word_1_177' title='bbox 1675 1871 1800 1930; x_wconf 89' lang='lat' dir='ltr'><strong>acri</strong></span> <span class='ocrx_word' id='word_1_178' title='bbox 1829 1869 2029 1930; x_wconf 88' lang='lat' dir='ltr'><strong>animo</strong></span> <span class='ocrx_word' id='word_1_179' title='bbox 2061 1871 2358 1931; x_wconf 75' lang='lat' dir='ltr'><strong>defende-</strong></span> 
     </span>
     <span class='ocr_line' id='line_1_21' title="bbox 268 1951 2361 2030; baseline 0 -17"><span class='ocrx_word' id='word_1_180' title='bbox 268 1963 393 2029; x_wconf 87' lang='lat' dir='ltr'><strong>ret,</strong></span> <span class='ocrx_word' id='word_1_181' title='bbox 422 1952 537 2027; x_wconf 88' lang='lat' dir='ltr'><strong>illi,</strong></span> <span class='ocrx_word' id='word_1_182' title='bbox 574 1951 681 2029; x_wconf 84' lang='lat' dir='ltr'><strong>qui</strong></span> <span class='ocrx_word' id='word_1_183' title='bbox 711 1962 883 2016; x_wconf 88' lang='lat' dir='ltr'><strong>erant</strong></span> <span class='ocrx_word' id='word_1_184' title='bbox 909 1970 1046 2015; x_wconf 90' lang='lat' dir='ltr'><strong>cum</strong></span> <span class='ocrx_word' id='word_1_185' title='bbox 1079 1952 1311 2030; x_wconf 74' lang='lat' dir='ltr'><strong>ClodIo,</strong></span> <span class='ocrx_word' id='word_1_186' title='bbox 1341 1952 1560 2029; x_wconf 86' lang='lat' dir='ltr'><strong>gladiis</strong></span> <span class='ocrx_word' id='word_1_187' title='bbox 1592 1955 1859 2029; x_wconf 81' lang='lat' dir='ltr'><strong>eductiS,</strong></span> <span class='ocrx_word' id='word_1_188' title='bbox 1892 1953 2108 2030; x_wconf 89' lang='lat' dir='ltr'><strong>partim</strong></span> <span class='ocrx_word' id='word_1_189' title='bbox 2140 1971 2361 2014; x_wconf 90' lang='lat' dir='ltr'><strong>recur-</strong></span> 
     </span>
     <span class='ocr_line' id='line_1_22' title="bbox 273 2036 2364 2114; baseline 0.001 -17"><span class='ocrx_word' id='word_1_190' title='bbox 273 2054 411 2098; x_wconf 79' lang='lat' dir='ltr'><strong>rere</strong></span> <span class='ocrx_word' id='word_1_191' title='bbox 457 2038 536 2099; x_wconf 88' lang='lat' dir='ltr'><strong>ad</strong></span> <span class='ocrx_word' id='word_1_192' title='bbox 577 2038 857 2111; x_wconf 89' lang='lat' dir='ltr'><strong>raedam,</strong></span> <span class='ocrx_word' id='word_1_193' title='bbox 916 2046 981 2098; x_wconf 89' lang='lat' dir='ltr'><strong>ut</strong></span> <span class='ocrx_word' id='word_1_194' title='bbox 1035 2055 1072 2098; x_wconf 89' lang='lat' dir='ltr'><strong>a</strong></span> <span class='ocrx_word' id='word_1_195' title='bbox 1125 2047 1298 2113; x_wconf 81' lang='lat' dir='ltr'><strong>tergo</strong></span> <span class='ocrx_word' id='word_1_196' title='bbox 1327 2038 1614 2098; x_wconf 89' lang='lat' dir='ltr'><strong>Milonem</strong></span> <span class='ocrx_word' id='word_1_197' title='bbox 1658 2036 2071 2111; x_wconf 84' lang='lat' dir='ltr'><strong>adorirentur,</strong></span> <span class='ocrx_word' id='word_1_198' title='bbox 2114 2037 2364 2114; x_wconf 89' lang='lat' dir='ltr'><strong>partim,</strong></span> 
     </span>
     <span class='ocr_line' id='line_1_23' title="bbox 275 2120 2361 2198; baseline 0 -16"><span class='ocrx_word' id='word_1_199' title='bbox 275 2122 445 2196; x_wconf 90' lang='lat' dir='ltr'><strong>quod</strong></span> <span class='ocrx_word' id='word_1_200' title='bbox 475 2122 638 2183; x_wconf 91' lang='lat' dir='ltr'><strong>hunc</strong></span> <span class='ocrx_word' id='word_1_201' title='bbox 668 2120 787 2182; x_wconf 88' lang='lat' dir='ltr'><strong>iam</strong></span> <span class='ocrx_word' id='word_1_202' title='bbox 820 2124 1195 2183; x_wconf 84' lang='lat' dir='ltr'><strong>interfectum</strong></span> <span class='ocrx_word' id='word_1_203' title='bbox 1229 2129 1541 2197; x_wconf 86' lang='lat' dir='ltr'><strong>putarent,</strong></span> <span class='ocrx_word' id='word_1_204' title='bbox 1593 2123 1853 2183; x_wconf 86' lang='lat' dir='ltr'><strong>caedere</strong></span> <span class='ocrx_word' id='word_1_205' title='bbox 1893 2121 2191 2198; x_wconf 87' lang='lat' dir='ltr'><strong>incipiunt</strong></span> <span class='ocrx_word' id='word_1_206' title='bbox 2221 2122 2361 2183; x_wconf 91' lang='lat' dir='ltr'><strong>eius</strong></span> 
     </span>
     <span class='ocr_line' id='line_1_24' title="bbox 270 2204 2329 2281; baseline 0.001 -17"><span class='ocrx_word' id='word_1_207' title='bbox 270 2221 519 2279; x_wconf 66' lang='grc' dir='ltr'><strong>εει-νος,</strong></span> <span class='ocrx_word' id='word_1_208' title='bbox 572 2206 676 2281; x_wconf 89' lang='lat' dir='ltr'><strong>qui</strong></span> <span class='ocrx_word' id='word_1_209' title='bbox 713 2215 855 2280; x_wconf 91' lang='lat' dir='ltr'><strong>post</strong></span> <span class='ocrx_word' id='word_1_210' title='bbox 883 2215 1081 2267; x_wconf 73' lang='lat' dir='ltr'><strong>erantz</strong></span> <span class='ocrx_word' id='word_1_211' title='bbox 1129 2222 1207 2265; x_wconf 84' lang='lat' dir='ltr'><strong>ex</strong></span> <span class='ocrx_word' id='word_1_212' title='bbox 1244 2207 1466 2280; x_wconf 91' lang='lat' dir='ltr'><strong>quibus</strong></span> <span class='ocrx_word' id='word_1_213' title='bbox 1501 2205 1605 2281; x_wconf 89' lang='lat' dir='ltr'><strong>qui</strong></span> <span class='ocrx_word' id='word_1_214' title='bbox 1635 2207 1837 2266; x_wconf 89' lang='lat' dir='ltr'><strong>animo</strong></span> <span class='ocrx_word' id='word_1_215' title='bbox 1869 2205 2034 2265; x_wconf 89' lang='lat' dir='ltr'><strong>fideli</strong></span> <span class='ocrx_word' id='word_1_216' title='bbox 2064 2204 2125 2264; x_wconf 90' lang='lat' dir='ltr'><strong>in</strong></span> <span class='ocrx_word' id='word_1_217' title='bbox 2157 2205 2329 2266; x_wconf 90' lang='lat' dir='ltr'><strong>domi</strong></span> 
     </span>
    </p>

    <p class='ocr_par' dir='ltr' id='par_1_3' title="bbox 197 2288 2368 3535">
     <span class='ocr_line' id='line_1_25' title="bbox 270 2288 2359 2364; baseline 0.001 -18"><span class='ocrx_word' id='word_1_218' title='bbox 270 2304 417 2347; x_wconf 89' lang='lat' dir='ltr'><strong>num</strong></span> <span class='ocrx_word' id='word_1_219' title='bbox 447 2297 507 2350; x_wconf 93' lang='lat' dir='ltr'><strong>et</strong></span> <span class='ocrx_word' id='word_1_220' title='bbox 540 2289 850 2363; x_wconf 88' lang='lat' dir='ltr'><strong>praesenti</strong></span> <span class='ocrx_word' id='word_1_221' title='bbox 886 2291 1157 2361; x_wconf 77' lang='lat' dir='ltr'><strong>suerunt,</strong></span> <span class='ocrx_word' id='word_1_222' title='bbox 1208 2291 1424 2364; x_wconf 89' lang='lat' dir='ltr'><strong>partim</strong></span> <span class='ocrx_word' id='word_1_223' title='bbox 1457 2288 1650 2349; x_wconf 89' lang='lat' dir='ltr'><strong>occisi</strong></span> <span class='ocrx_word' id='word_1_224' title='bbox 1683 2297 1854 2362; x_wconf 87' lang='lat' dir='ltr'><strong>sunt,</strong></span> <span class='ocrx_word' id='word_1_225' title='bbox 1887 2288 2134 2364; x_wconf 90' lang='lat' dir='ltr'><strong>partim,</strong></span> <span class='ocrx_word' id='word_1_226' title='bbox 2169 2305 2359 2362; x_wconf 89' lang='lat' dir='ltr'><strong>quum</strong></span> 
     </span>
     <span class='ocr_line' id='line_1_26' title="bbox 272 2371 2356 2447; baseline -0 -16"><span class='ocrx_word' id='word_1_227' title='bbox 272 2371 353 2431; x_wconf 91' lang='lat' dir='ltr'><strong>ad</strong></span> <span class='ocrx_word' id='word_1_228' title='bbox 363 2372 617 2431; x_wconf 89' lang='lat' dir='ltr'><strong>raedam</strong></span> <span class='ocrx_word' id='word_1_229' title='bbox 633 2371 891 2446; x_wconf 82' lang='lat' dir='ltr'><strong>pugnari</strong></span> <span class='ocrx_word' id='word_1_230' title='bbox 905 2373 1199 2444; x_wconf 89' lang='lat' dir='ltr'><strong>viderent,</strong></span> <span class='ocrx_word' id='word_1_231' title='bbox 1216 2372 1464 2434; x_wconf 90' lang='lat' dir='ltr'><strong>domino</strong></span> <span class='ocrx_word' id='word_1_232' title='bbox 1481 2389 1844 2433; x_wconf 88' lang='lat' dir='ltr'><strong>succurrere</strong></span> <span class='ocrx_word' id='word_1_233' title='bbox 1861 2372 2356 2447; x_wconf 84' lang='lat' dir='ltr'><strong>prohiberentur,</strong></span> 
     </span>
     <span class='ocr_line' id='line_1_27' title="bbox 272 2454 2360 2531; baseline 0.001 -18"><span class='ocrx_word' id='word_1_234' title='bbox 272 2454 559 2514; x_wconf 90' lang='lat' dir='ltr'><strong>Milonem</strong></span> <span class='ocrx_word' id='word_1_235' title='bbox 590 2456 859 2515; x_wconf 90' lang='lat' dir='ltr'><strong>occisum</strong></span> <span class='ocrx_word' id='word_1_236' title='bbox 894 2464 1056 2516; x_wconf 87' lang='lat' dir='ltr'><strong>etex</strong></span> <span class='ocrx_word' id='word_1_237' title='bbox 1086 2455 1225 2531; x_wconf 89' lang='lat' dir='ltr'><strong>ipso</strong></span> <span class='ocrx_word' id='word_1_238' title='bbox 1259 2456 1468 2516; x_wconf 89' lang='lat' dir='ltr'><strong>Clodio</strong></span> <span class='ocrx_word' id='word_1_239' title='bbox 1499 2457 1780 2518; x_wconf 85' lang='lat' dir='ltr'><strong>audirent</strong></span> <span class='ocrx_word' id='word_1_240' title='bbox 1819 2464 1880 2518; x_wconf 90' lang='lat' dir='ltr'><strong>et</strong></span> <span class='ocrx_word' id='word_1_241' title='bbox 1905 2473 1973 2517; x_wconf 91' lang='lat' dir='ltr'><strong>re</strong></span> <span class='ocrx_word' id='word_1_242' title='bbox 2006 2471 2151 2516; x_wconf 85' lang='lat' dir='ltr'><strong>vera</strong></span> <span class='ocrx_word' id='word_1_243' title='bbox 2178 2463 2360 2529; x_wconf 84' lang='lat' dir='ltr'><strong>puta-</strong></span> 
     </span>
     <span class='ocr_line' id='line_1_28' title="bbox 273 2538 2358 2615; baseline -0 -18"><span class='ocrx_word' id='word_1_244' title='bbox 273 2546 427 2612; x_wconf 89' lang='lat' dir='ltr'><strong>rent,</strong></span> <span class='ocrx_word' id='word_1_245' title='bbox 461 2540 735 2598; x_wconf 85' lang='lat' dir='ltr'><strong>fecerunt</strong></span> <span class='ocrx_word' id='word_1_246' title='bbox 764 2538 828 2598; x_wconf 92' lang='lat' dir='ltr'><strong>id</strong></span> <span class='ocrx_word' id='word_1_247' title='bbox 857 2540 1020 2599; x_wconf 89' lang='lat' dir='ltr'><strong>servi</strong></span> <span class='ocrx_word' id='word_1_248' title='bbox 1048 2539 1295 2600; x_wconf 90' lang='lat' dir='ltr'><strong>Milonis</strong></span> <span class='ocrx_word' id='word_1_249' title='bbox 1326 2574 1397 2583; x_wconf 97' lang='lat'><strong>—</strong></span> <span class='ocrx_word' id='word_1_250' title='bbox 1433 2540 1629 2599; x_wconf 90' lang='lat' dir='ltr'><strong>dicam</strong></span> <span class='ocrx_word' id='word_1_251' title='bbox 1662 2540 1822 2601; x_wconf 89' lang='lat' dir='ltr'><strong>enim</strong></span> <span class='ocrx_word' id='word_1_252' title='bbox 1857 2548 2068 2615; x_wconf 90' lang='lat' dir='ltr'><strong>aperte</strong></span> <span class='ocrx_word' id='word_1_253' title='bbox 2100 2555 2222 2598; x_wconf 90' lang='lat' dir='ltr'><strong>non</strong></span> <span class='ocrx_word' id='word_1_254' title='bbox 2248 2538 2358 2597; x_wconf 91' lang='lat' dir='ltr'><strong>de·</strong></span> 
     </span>
     <span class='ocr_line' id='line_1_29' title="bbox 271 2622 2363 2697; baseline 0 -14"><span class='ocrx_word' id='word_1_255' title='bbox 271 2622 512 2683; x_wconf 89' lang='lat' dir='ltr'><strong>rivandi</strong></span> <span class='ocrx_word' id='word_1_256' title='bbox 555 2622 822 2683; x_wconf 89' lang='lat' dir='ltr'><strong>criminis</strong></span> <span class='ocrx_word' id='word_1_257' title='bbox 868 2640 1084 2695; x_wconf 88' lang='lat' dir='ltr'><strong>causa,</strong></span> <span class='ocrx_word' id='word_1_258' title='bbox 1142 2625 1254 2683; x_wconf 91' lang='lat' dir='ltr'><strong>sed</strong></span> <span class='ocrx_word' id='word_1_259' title='bbox 1285 2632 1364 2688; x_wconf 78' lang='lat' dir='ltr'><strong>,ut</strong></span> <span class='ocrx_word' id='word_1_260' title='bbox 1387 2625 1607 2683; x_wconf 88' lang='lat' dir='ltr'><strong>sactum</strong></span> <span class='ocrx_word' id='word_1_261' title='bbox 1640 2632 1737 2684; x_wconf 89' lang='lat' dir='ltr'><strong>est</strong></span> <span class='ocrx_word' id='word_1_262' title='bbox 1760 2657 1847 2668; x_wconf 92' lang='lat'><strong>—-</strong></span> <span class='ocrx_word' id='word_1_263' title='bbox 1874 2639 1990 2683; x_wconf 90' lang='lat' dir='ltr'><strong>nec</strong></span> <span class='ocrx_word' id='word_1_264' title='bbox 2020 2624 2363 2697; x_wconf 84' lang='lat' dir='ltr'><strong>imperante</strong></span> 
     </span>
     <span class='ocr_line' id='line_1_30' title="bbox 271 2706 2365 2782; baseline 0 -16"><span class='ocrx_word' id='word_1_265' title='bbox 271 2723 385 2768; x_wconf 87' lang='lat' dir='ltr'><strong>nec</strong></span> <span class='ocrx_word' id='word_1_266' title='bbox 411 2707 642 2768; x_wconf 90' lang='lat' dir='ltr'><strong>sciente</strong></span> <span class='ocrx_word' id='word_1_267' title='bbox 665 2723 779 2767; x_wconf 92' lang='lat' dir='ltr'><strong>nec</strong></span> <span class='ocrx_word' id='word_1_268' title='bbox 803 2715 1130 2782; x_wconf 85' lang='lat' dir='ltr'><strong>praesente</strong></span> <span class='ocrx_word' id='word_1_269' title='bbox 1160 2706 1433 2777; x_wconf 92' lang='lat' dir='ltr'><strong>domino,</strong></span> <span class='ocrx_word' id='word_1_270' title='bbox 1468 2707 1635 2781; x_wconf 85' lang='lat' dir='ltr'><strong>quod</strong></span> <span class='ocrx_word' id='word_1_271' title='bbox 1665 2724 1818 2778; x_wconf 86' lang='lat' dir='ltr'><strong>suos</strong></span> <span class='ocrx_word' id='word_1_272' title='bbox 1844 2706 2105 2782; x_wconf 90' lang='lat' dir='ltr'><strong>quisque</strong></span> <span class='ocrx_word' id='word_1_273' title='bbox 2134 2722 2365 2767; x_wconf 89' lang='lat' dir='ltr'><strong>servos</strong></span> 
     </span>
     <span class='ocr_line' id='line_1_31' title="bbox 271 2788 2365 2865; baseline 0 -16"><span class='ocrx_word' id='word_1_274' title='bbox 271 2790 352 2851; x_wconf 87' lang='lat' dir='ltr'><strong>in.</strong></span> <span class='ocrx_word' id='word_1_275' title='bbox 366 2792 467 2851; x_wconf 90' lang='lat' dir='ltr'><strong>tali</strong></span> <span class='ocrx_word' id='word_1_276' title='bbox 495 2808 562 2852; x_wconf 92' lang='lat' dir='ltr'><strong>re</strong></span> <span class='ocrx_word' id='word_1_277' title='bbox 592 2793 796 2852; x_wconf 82' lang='lat' dir='ltr'><strong>facere</strong></span> <span class='ocrx_word' id='word_1_278' title='bbox 824 2790 1139 2852; x_wconf 79' lang='lat' dir='ltr'><strong>volu1sset.</strong></span> <span class='ocrx_word' id='word_1_279' title='bbox 1228 2791 1329 2849; x_wconf 87' lang='lat' dir='ltr'><strong>XI.</strong></span> <span class='ocrx_word' id='word_1_280' title='bbox 1362 2789 1469 2851; x_wconf 87' lang='lat'><strong>30.</strong></span> <span class='ocrx_word' id='word_1_281' title='bbox 1501 2790 1696 2865; x_wconf 84' lang='lat' dir='ltr'><strong>Haec,</strong></span> <span class='ocrx_word' id='word_1_282' title='bbox 1727 2789 1908 2850; x_wconf 83' lang='lat' dir='ltr'><strong>sicuti</strong></span> <span class='ocrx_word' id='word_1_283' title='bbox 1934 2788 2229 2865; x_wconf 90' lang='lat' dir='ltr'><strong>exposui,</strong></span> <span class='ocrx_word' id='word_1_284' title='bbox 2273 2788 2365 2849; x_wconf 89' lang='lat' dir='ltr'><strong>ita</strong></span> 
     </span>
     <span class='ocr_line' id='line_1_32' title="bbox 271 2872 2365 2948; baseline -0 -15"><span class='ocrx_word' id='word_1_285' title='bbox 271 2882 446 2948; x_wconf 89' lang='lat' dir='ltr'><strong>gesta</strong></span> <span class='ocrx_word' id='word_1_286' title='bbox 477 2884 635 2946; x_wconf 89' lang='lat' dir='ltr'><strong>sunt,</strong></span> <span class='ocrx_word' id='word_1_287' title='bbox 673 2876 940 2937; x_wconf 85' lang='lat' dir='ltr'><strong>iudices=</strong></span> <span class='ocrx_word' id='word_1_288' title='bbox 971 2872 1291 2934; x_wconf 89' lang='lat' dir='ltr'><strong>insidiator</strong></span> <span class='ocrx_word' id='word_1_289' title='bbox 1320 2880 1643 2948; x_wconf 88' lang='lat' dir='ltr'><strong>superatus</strong></span> <span class='ocrx_word' id='word_1_290' title='bbox 1674 2882 1799 2945; x_wconf 91' lang='lat' dir='ltr'><strong>est,</strong></span> <span class='ocrx_word' id='word_1_291' title='bbox 1847 2874 1906 2932; x_wconf 90' lang='lat' dir='ltr'><strong>vi</strong></span> <span class='ocrx_word' id='word_1_292' title='bbox 1942 2873 2099 2933; x_wconf 91' lang='lat' dir='ltr'><strong>victa</strong></span> <span class='ocrx_word' id='word_1_293' title='bbox 2130 2872 2225 2932; x_wconf 89' lang='lat' dir='ltr'><strong>vis</strong></span> <span class='ocrx_word' id='word_1_294' title='bbox 2254 2875 2365 2932; x_wconf 86' lang='lat' dir='ltr'><strong>vel</strong></span> 
     </span>
     <span class='ocr_line' id='line_1_33' title="bbox 273 2955 2364 3031; baseline 0 -16"><span class='ocrx_word' id='word_1_295' title='bbox 273 2957 481 3029; x_wconf 91' lang='lat' dir='ltr'><strong>potius</strong></span> <span class='ocrx_word' id='word_1_296' title='bbox 513 2973 817 3031; x_wconf 90' lang='lat' dir='ltr'><strong>oppressa</strong></span> <span class='ocrx_word' id='word_1_297' title='bbox 849 2958 1067 3019; x_wconf 90' lang='lat' dir='ltr'><strong>virtute</strong></span> <span class='ocrx_word' id='word_1_298' title='bbox 1101 2956 1360 3016; x_wconf 87' lang='lat' dir='ltr'><strong>audacia</strong></span> <span class='ocrx_word' id='word_1_299' title='bbox 1389 2963 1501 3017; x_wconf 88' lang='lat' dir='ltr'><strong>est.</strong></span> <span class='ocrx_word' id='word_1_300' title='bbox 1570 2957 1724 3016; x_wconf 90' lang='lat' dir='ltr'><strong>Nihil</strong></span> <span class='ocrx_word' id='word_1_301' title='bbox 1756 2957 1895 3017; x_wconf 92' lang='lat' dir='ltr'><strong>dico</strong></span> <span class='ocrx_word' id='word_1_302' title='bbox 1929 2955 2074 3030; x_wconf 87' lang='lat' dir='ltr'><strong>quid</strong></span> <span class='ocrx_word' id='word_1_303' title='bbox 2104 2971 2206 3016; x_wconf 92' lang='lat' dir='ltr'><strong>res</strong></span> <span class='ocrx_word' id='word_1_304' title='bbox 2240 2969 2364 3030; x_wconf 88' lang='lat' dir='ltr'><strong>pu-</strong></span> 
     </span>
     <span class='ocr_line' id='line_1_34' title="bbox 272 3036 2363 3114; baseline -0.001 -17"><span class='ocrx_word' id='word_1_305' title='bbox 272 3036 434 3097; x_wconf 92' lang='lat' dir='ltr'><strong>blica</strong></span> <span class='ocrx_word' id='word_1_306' title='bbox 480 3048 815 3100; x_wconf 89' lang='lat' dir='ltr'><strong>consecuta</strong></span> <span class='ocrx_word' id='word_1_307' title='bbox 850 3041 956 3112; x_wconf 92' lang='lat' dir='ltr'><strong>sit,</strong></span> <span class='ocrx_word' id='word_1_308' title='bbox 999 3038 1145 3099; x_wconf 89' lang='lat' dir='ltr'><strong>nihil</strong></span> <span class='ocrx_word' id='word_1_309' title='bbox 1180 3039 1329 3113; x_wconf 91' lang='lat' dir='ltr'><strong>quid</strong></span> <span class='ocrx_word' id='word_1_310' title='bbox 1359 3055 1508 3113; x_wconf 92' lang='lat' dir='ltr'><strong>vos,</strong></span> <span class='ocrx_word' id='word_1_311' title='bbox 1555 3040 1700 3099; x_wconf 87' lang='lat' dir='ltr'><strong>nihil</strong></span> <span class='ocrx_word' id='word_1_312' title='bbox 1733 3039 1880 3114; x_wconf 85' lang='lat' dir='ltr'><strong>quid</strong></span> <span class='ocrx_word' id='word_1_313' title='bbox 1923 3057 2136 3101; x_wconf 90' lang='lat' dir='ltr'><strong>omnes</strong></span> <span class='ocrx_word' id='word_1_314' title='bbox 2171 3038 2325 3099; x_wconf 89' lang='lat' dir='ltr'><strong>boni</strong></span> <span class='ocrx_word' id='word_1_315' title='bbox 2346 3062 2363 3095; x_wconf 67' lang='grc' dir='ltr'><em>ε</em></span> 
     </span>
     <span class='ocr_line' id='line_1_35' title="bbox 258 3120 2367 3198; baseline 0.001 -19"><span class='ocrx_word' id='word_1_316' title='bbox 258 3120 420 3179; x_wconf 78' lang='lat' dir='ltr'><strong>nihil</strong></span> <span class='ocrx_word' id='word_1_317' title='bbox 452 3136 602 3181; x_wconf 91' lang='lat' dir='ltr'><strong>sane</strong></span> <span class='ocrx_word' id='word_1_318' title='bbox 632 3121 693 3180; x_wconf 90' lang='lat' dir='ltr'><strong>id</strong></span> <span class='ocrx_word' id='word_1_319' title='bbox 723 3122 918 3196; x_wconf 91' lang='lat' dir='ltr'><strong>prosit</strong></span> <span class='ocrx_word' id='word_1_320' title='bbox 942 3120 1184 3194; x_wconf 90' lang='lat' dir='ltr'><strong>Miloni,</strong></span> <span class='ocrx_word' id='word_1_321' title='bbox 1237 3122 1339 3197; x_wconf 90' lang='lat' dir='ltr'><strong>qui</strong></span> <span class='ocrx_word' id='word_1_322' title='bbox 1381 3122 1499 3183; x_wconf 91' lang='lat' dir='ltr'><strong>hoc</strong></span> <span class='ocrx_word' id='word_1_323' title='bbox 1532 3123 1653 3184; x_wconf 76' lang='lat' dir='ltr'><strong>fato</strong></span> <span class='ocrx_word' id='word_1_324' title='bbox 1695 3132 1871 3184; x_wconf 89' lang='lat' dir='ltr'><strong>natus</strong></span> <span class='ocrx_word' id='word_1_325' title='bbox 1914 3129 2040 3198; x_wconf 89' lang='lat' dir='ltr'><strong>est,</strong></span> <span class='ocrx_word' id='word_1_326' title='bbox 2082 3132 2150 3184; x_wconf 94' lang='lat' dir='ltr'><strong>ut</strong></span> <span class='ocrx_word' id='word_1_327' title='bbox 2176 3138 2255 3182; x_wconf 93' lang='lat' dir='ltr'><strong>ne</strong></span> <span class='ocrx_word' id='word_1_328' title='bbox 2285 3139 2367 3181; x_wconf 86' lang='lat' dir='ltr'><strong>se</strong></span> 
     </span>
     <span class='ocr_line' id='line_1_36' title="bbox 275 3202 2368 3282; baseline 0.001 -20"><span class='ocrx_word' id='word_1_329' title='bbox 275 3202 522 3278; x_wconf 86' lang='lat' dir='ltr'><strong>quidem</strong></span> <span class='ocrx_word' id='word_1_330' title='bbox 559 3220 806 3264; x_wconf 87' lang='lat' dir='ltr'><strong>servare</strong></span> <span class='ocrx_word' id='word_1_331' title='bbox 830 3204 1097 3279; x_wconf 88' lang='lat' dir='ltr'><strong>potuerit</strong></span> <span class='ocrx_word' id='word_1_332' title='bbox 1129 3205 1275 3280; x_wconf 93' lang='lat' dir='ltr'><strong>quin</strong></span> <span class='ocrx_word' id='word_1_333' title='bbox 1306 3223 1426 3266; x_wconf 87' lang='lat' dir='ltr'><strong>una</strong></span> <span class='ocrx_word' id='word_1_334' title='bbox 1451 3222 1576 3265; x_wconf 91' lang='lat' dir='ltr'><strong>rem</strong></span> <span class='ocrx_word' id='word_1_335' title='bbox 1611 3206 1911 3282; x_wconf 87' lang='lat' dir='ltr'><strong>publicam</strong></span> <span class='ocrx_word' id='word_1_336' title='bbox 1949 3222 2189 3282; x_wconf 87' lang='lat' dir='ltr'><strong>vosque</strong></span> <span class='ocrx_word' id='word_1_337' title='bbox 2225 3222 2368 3266; x_wconf 87' lang='lat' dir='ltr'><strong>ser—</strong></span> 
     </span>
     <span class='ocr_line' id='line_1_37' title="bbox 197 3285 2366 3366; baseline 0.004 -26"><span class='ocrx_word' id='word_1_338' title='bbox 197 3335 200 3340; x_wconf 85' lang='lat'><em>.</em></span> <span class='ocrx_word' id='word_1_339' title='bbox 277 3292 464 3346; x_wconf 91' lang='lat' dir='ltr'><strong>varet.</strong></span> <span class='ocrx_word' id='word_1_340' title='bbox 555 3285 620 3345; x_wconf 91' lang='lat' dir='ltr'><strong>Si</strong></span> <span class='ocrx_word' id='word_1_341' title='bbox 648 3287 711 3347; x_wconf 90' lang='lat' dir='ltr'><strong>id</strong></span> <span class='ocrx_word' id='word_1_342' title='bbox 737 3286 867 3348; x_wconf 90' lang='lat' dir='ltr'><strong>iure</strong></span> <span class='ocrx_word' id='word_1_343' title='bbox 897 3287 1029 3349; x_wconf 83' lang='lat' dir='ltr'><strong>fieri</strong></span> <span class='ocrx_word' id='word_1_344' title='bbox 1064 3306 1184 3349; x_wconf 92' lang='lat' dir='ltr'><strong>non</strong></span> <span class='ocrx_word' id='word_1_345' title='bbox 1225 3289 1450 3365; x_wconf 90' lang='lat' dir='ltr'><strong>potuit,</strong></span> <span class='ocrx_word' id='word_1_346' title='bbox 1495 3289 1643 3350; x_wconf 91' lang='lat' dir='ltr'><strong>nihil</strong></span> <span class='ocrx_word' id='word_1_347' title='bbox 1686 3290 1884 3351; x_wconf 89' lang='lat' dir='ltr'><strong>habeo</strong></span> <span class='ocrx_word' id='word_1_348' title='bbox 1927 3290 2095 3366; x_wconf 91' lang='lat' dir='ltr'><strong>quod</strong></span> <span class='ocrx_word' id='word_1_349' title='bbox 2138 3289 2366 3349; x_wconf 76' lang='lat' dir='ltr'><strong>defen-</strong></span> 
     </span>
     <span class='ocr_line' id='line_1_38' title="bbox 274 3367 2366 3436; baseline 0.003 -9"><span class='ocrx_word' id='word_1_350' title='bbox 274 3367 435 3427; x_wconf 88' lang='lat' dir='ltr'><strong>dam.</strong></span> <span class='ocrx_word' id='word_1_351' title='bbox 525 3368 630 3429; x_wconf 90' lang='lat' dir='ltr'><strong>Sin</strong></span> <span class='ocrx_word' id='word_1_352' title='bbox 659 3370 777 3432; x_wconf 90' lang='lat' dir='ltr'><strong>hoc</strong></span> <span class='ocrx_word' id='word_1_353' title='bbox 808 3380 866 3434; x_wconf 91' lang='lat' dir='ltr'><strong>et</strong></span> <span class='ocrx_word' id='word_1_354' title='bbox 894 3373 1047 3434; x_wconf 89' lang='lat' dir='ltr'><strong>ratio</strong></span> <span class='ocrx_word' id='word_1_355' title='bbox 1081 3374 1281 3436; x_wconf 90' lang='lat' dir='ltr'><strong>doctis</strong></span> <span class='ocrx_word' id='word_1_356' title='bbox 1305 3383 1366 3435; x_wconf 90' lang='lat' dir='ltr'><strong>et</strong></span> <span class='ocrx_word' id='word_1_357' title='bbox 1397 3371 1740 3435; x_wconf 87' lang='lat' dir='ltr'><strong>necessitas</strong></span> <span class='ocrx_word' id='word_1_358' title='bbox 1789 3372 2068 3434; x_wconf 86' lang='lat' dir='ltr'><strong>barbaris</strong></span> <span class='ocrx_word' id='word_1_359' title='bbox 2108 3381 2170 3434; x_wconf 93' lang='lat' dir='ltr'><strong>et</strong></span> <span class='ocrx_word' id='word_1_360' title='bbox 2216 3389 2366 3434; x_wconf 87' lang='lat' dir='ltr'><strong>mos</strong></span> 
     </span>
     <span class='ocr_line' id='line_1_39' title="bbox 270 3451 2363 3535; baseline 0.004 -26"><span class='ocrx_word' id='word_1_361' title='bbox 270 3451 553 3525; x_wconf 76' lang='lat' dir='ltr'><strong>gentibus</strong></span> <span class='ocrx_word' id='word_1_362' title='bbox 585 3463 644 3515; x_wconf 92' lang='lat' dir='ltr'><strong>et</strong></span> <span class='ocrx_word' id='word_1_363' title='bbox 674 3454 820 3516; x_wconf 84' lang='lat' dir='ltr'><strong>reris</strong></span> <span class='ocrx_word' id='word_1_364' title='bbox 851 3457 1029 3519; x_wconf 86' lang='lat' dir='ltr'><strong>etiam</strong></span> <span class='ocrx_word' id='word_1_365' title='bbox 1058 3458 1257 3520; x_wconf 88' lang='lat' dir='ltr'><strong>beluis</strong></span> <span class='ocrx_word' id='word_1_366' title='bbox 1281 3468 1495 3520; x_wconf 87' lang='lat' dir='ltr'><strong>natura</strong></span> <span class='ocrx_word' id='word_1_367' title='bbox 1522 3454 1660 3533; x_wconf 88' lang='lat' dir='ltr'><strong>ipsa</strong></span> <span class='ocrx_word' id='word_1_368' title='bbox 1689 3456 2106 3535; x_wconf 85' lang='lat' dir='ltr'><strong>praescripsit,</strong></span> <span class='ocrx_word' id='word_1_369' title='bbox 2137 3462 2205 3518; x_wconf 91' lang='lat' dir='ltr'><strong>ut</strong></span> <span class='ocrx_word' id='word_1_370' title='bbox 2227 3472 2363 3517; x_wconf 88' lang='lat' dir='ltr'><strong>om·</strong></span> 
     </span>
    </p>
   </div>
  </div>
 </body>
</html>
