<?xml version="1.0" encoding="UTF-8"?>
<!DOCTYPE html PUBLIC "-//W3C//DTD XHTML 1.0 Transitional//EN"
    "http://www.w3.org/TR/xhtml1/DTD/xhtml1-transitional.dtd">
<html xmlns="http://www.w3.org/1999/xhtml" xml:lang="en" lang="en">
 <head>
  <title>
</title>
<meta http-equiv="Content-Type" content="text/html;charset=utf-8" />
  <meta name='ocr-system' content='tesseract 3.04.00' />
  <meta name='ocr-capabilities' content='ocr_page ocr_carea ocr_par ocr_line ocrx_word'/>
</head>
<body>
  <div class='ocr_page' id='page_1' title='image "./scriptaquaemans02cicegoog_0529.png"; bbox 0 0 2514 3928; ppageno 0'>
   <div class='ocr_carea' id='block_1_1' title="bbox 228 304 2295 374">
    <p class='ocr_par' dir='ltr' id='par_1_1' title="bbox 228 304 2295 374">
     <span class='ocr_line' id='line_1_1' title="bbox 228 304 2295 374; baseline 0.005 -12"><span class='ocrx_word' id='word_1_1' title='bbox 228 312 333 367; x_wconf 84' lang='lat'><strong>169</strong></span> <span class='ocrx_word' id='word_1_2' title='bbox 906 304 1070 365; x_wconf 84' lang='lat' dir='ltr'><strong>CAP.</strong></span> <span class='ocrx_word' id='word_1_3' title='bbox 1104 316 1132 366; x_wconf 92' lang='lat'>1</span> <span class='ocrx_word' id='word_1_4' title='bbox 1151 340 1224 350; x_wconf 94' lang='lat'><strong>—</strong></span> <span class='ocrx_word' id='word_1_5' title='bbox 1244 316 1297 366; x_wconf 74' lang='lat'><strong>2.</strong></span> <span class='ocrx_word' id='word_1_6' title='bbox 1328 313 1380 373; x_wconf 80' lang='lat' dir='ltr'><strong>s.</strong></span> <span class='ocrx_word' id='word_1_7' title='bbox 1417 319 1441 368; x_wconf 89' lang='lat'><em>1</em></span> <span class='ocrx_word' id='word_1_8' title='bbox 1456 319 1605 367; x_wconf 74' lang='lat'><strong>-5.</strong></span> <span class='ocrx_word' id='word_1_9' title='bbox 2175 311 2295 374; x_wconf 83' lang='lat'><strong>467</strong></span> 
     </span>
    </p>
   </div>
   <div class='ocr_carea' id='block_1_2' title="bbox 149 454 2301 3035">
    <p class='ocr_par' dir='ltr' id='par_1_2' title="bbox 149 454 2301 3035">
     <span class='ocr_line' id='line_1_2' title="bbox 221 454 2298 532; baseline 0.004 -16"><span class='ocrx_word' id='word_1_10' title='bbox 221 471 505 532; x_wconf 80' lang='lat' dir='ltr'>pugnae:</span> <span class='ocrx_word' id='word_1_11' title='bbox 560 454 821 517; x_wconf 88' lang='lat' dir='ltr'><strong>reditum</strong></span> <span class='ocrx_word' id='word_1_12' title='bbox 851 456 930 516; x_wconf 90' lang='lat' dir='ltr'><strong>ad</strong></span> <span class='ocrx_word' id='word_1_13' title='bbox 966 457 1248 518; x_wconf 89' lang='lat' dir='ltr'><strong>vestitum</strong></span> <span class='ocrx_word' id='word_1_14' title='bbox 1285 460 1601 519; x_wconf 82' lang='lat' dir='ltr'><strong>conlectae</strong></span> <span class='ocrx_word' id='word_1_15' title='bbox 1633 460 1921 521; x_wconf 81' lang='lat' dir='ltr'><strong>victoriae</strong></span> <span class='ocrx_word' id='word_1_16' title='bbox 1969 472 2298 524; x_wconf 84' lang='lat' dir='ltr'><strong>reservate.</strong></span> 
     </span>
     <span class='ocr_line' id='line_1_3' title="bbox 230 538 2296 620; baseline 0.004 -22"><span class='ocrx_word' id='word_1_17' title='bbox 230 538 544 599; x_wconf 81' lang='lat' dir='ltr'><strong>Confectio</strong></span> <span class='ocrx_word' id='word_1_18' title='bbox 575 546 777 600; x_wconf 88' lang='lat' dir='ltr'><strong>autem</strong></span> <span class='ocrx_word' id='word_1_19' title='bbox 810 539 991 601; x_wconf 89' lang='lat' dir='ltr'><strong>huius</strong></span> <span class='ocrx_word' id='word_1_20' title='bbox 1024 541 1165 601; x_wconf 88' lang='lat' dir='ltr'><strong>belli</strong></span> <span class='ocrx_word' id='word_1_21' title='bbox 1195 550 1292 601; x_wconf 89' lang='lat' dir='ltr'><strong>est</strong></span> <span class='ocrx_word' id='word_1_22' title='bbox 1322 543 1390 601; x_wconf 90' lang='lat' dir='ltr'><strong>D.</strong></span> <span class='ocrx_word' id='word_1_23' title='bbox 1423 542 1588 602; x_wconf 88' lang='lat' dir='ltr'><strong>Bruti</strong></span> <span class='ocrx_word' id='word_1_24' title='bbox 1619 545 1806 604; x_wconf 85' lang='lat' dir='ltr'><strong>salus.</strong></span> <span class='ocrx_word' id='word_1_25' title='bbox 1896 546 1954 605; x_wconf 78' lang='lat'><strong>2.</strong></span> <span class='ocrx_word' id='word_1_26' title='bbox 2000 546 2167 620; x_wconf 82' lang='lat' dir='ltr'><strong>Quae</strong></span> <span class='ocrx_word' id='word_1_27' title='bbox 2195 564 2296 606; x_wconf 89' lang='lat' dir='ltr'><strong>au-</strong></span> 
     </span>
     <span class='ocr_line' id='line_1_4' title="bbox 228 621 2298 698; baseline 0.001 -13"><span class='ocrx_word' id='word_1_28' title='bbox 228 631 348 685; x_wconf 89' lang='lat' dir='ltr'><strong>tem</strong></span> <span class='ocrx_word' id='word_1_29' title='bbox 384 630 480 683; x_wconf 88' lang='lat' dir='ltr'><strong>est</strong></span> <span class='ocrx_word' id='word_1_30' title='bbox 515 621 634 683; x_wconf 85' lang='lat' dir='ltr'><strong>ista</strong></span> <span class='ocrx_word' id='word_1_31' title='bbox 663 622 994 698; x_wconf 85' lang='lat' dir='ltr'><strong>sententia,</strong></span> <span class='ocrx_word' id='word_1_32' title='bbox 1030 632 1093 685; x_wconf 96' lang='grc' dir='ltr'><strong>ιιι</strong></span> <span class='ocrx_word' id='word_1_33' title='bbox 1134 623 1194 683; x_wconf 91' lang='lat' dir='ltr'><strong>in</strong></span> <span class='ocrx_word' id='word_1_34' title='bbox 1235 624 1595 685; x_wconf 86' lang='lat' dir='ltr'><strong>hodiernum</strong></span> <span class='ocrx_word' id='word_1_35' title='bbox 1627 626 1785 686; x_wconf 88' lang='lat' dir='ltr'><strong>diem</strong></span> <span class='ocrx_word' id='word_1_36' title='bbox 1822 627 2078 688; x_wconf 72' lang='lat' dir='ltr'><strong>xesfitus</strong></span> <span class='ocrx_word' id='word_1_37' title='bbox 2111 639 2298 689; x_wconf 87' lang='lat' dir='ltr'><strong>mute-</strong></span> 
     </span>
     <span class='ocr_line' id='line_1_5' title="bbox 226 669 2298 786; baseline 0.001 -19"><span class='ocrx_word' id='word_1_38' title='bbox 226 716 353 779; x_wconf 90' lang='lat' dir='ltr'><strong>tur,</strong></span> <span class='ocrx_word' id='word_1_39' title='bbox 386 704 609 766; x_wconf 90' lang='lat' dir='ltr'><strong>deinde</strong></span> <span class='ocrx_word' id='word_1_40' title='bbox 637 721 776 766; x_wconf 88' lang='lat' dir='ltr'><strong>cras</strong></span> <span class='ocrx_word' id='word_1_41' title='bbox 806 669 999 783; x_wconf 72' lang='lat' dir='ltr'><strong>sagati</strong></span> <span class='ocrx_word' id='word_1_42' title='bbox 1043 707 1463 783; x_wconf 70' lang='lat' dir='ltr'><strong>prodeamus?</strong></span> <span class='ocrx_word' id='word_1_43' title='bbox 1547 708 1673 769; x_wconf 89' lang='lat' dir='ltr'><strong>Nos</strong></span> <span class='ocrx_word' id='word_1_44' title='bbox 1700 725 1847 769; x_wconf 83' lang='lat' dir='ltr'><strong>vero</strong></span> <span class='ocrx_word' id='word_1_45' title='bbox 1882 727 2066 786; x_wconf 90' lang='lat' dir='ltr'><strong>quum</strong></span> <span class='ocrx_word' id='word_1_46' title='bbox 2112 713 2298 771; x_wconf 90' lang='lat' dir='ltr'><strong>semel</strong></span> 
     </span>
     <span class='ocr_line' id='line_1_6' title="bbox 228 777 2299 866; baseline 0.003 -18"><span class='ocrx_word' id='word_1_47' title='bbox 228 789 306 848; x_wconf 89' lang='lat' dir='ltr'><strong>ad</strong></span> <span class='ocrx_word' id='word_1_48' title='bbox 336 803 492 866; x_wconf 83' lang='lat' dir='ltr'><strong>eum,</strong></span> <span class='ocrx_word' id='word_1_49' title='bbox 525 805 707 864; x_wconf 83' lang='lat' dir='ltr'><strong>quem</strong></span> <span class='ocrx_word' id='word_1_50' title='bbox 736 789 1018 866; x_wconf 89' lang='lat' dir='ltr'><strong>cupimus</strong></span> <span class='ocrx_word' id='word_1_51' title='bbox 1051 798 1478 866; x_wconf 85' lang='lat' dir='ltr'><strong>optamusque,</strong></span> <span class='ocrx_word' id='word_1_52' title='bbox 1512 777 1792 852; x_wconf 88' lang='lat' dir='ltr'><strong>vestitu‘m</strong></span> <span class='ocrx_word' id='word_1_53' title='bbox 1823 792 2203 866; x_wconf 83' lang='lat' dir='ltr'><strong>redierimus,</strong></span> <span class='ocrx_word' id='word_1_54' title='bbox 2238 796 2299 854; x_wconf 92' lang='lat' dir='ltr'><strong>id</strong></span> 
     </span>
     <span class='ocr_line' id='line_1_7' title="bbox 227 872 2299 951; baseline 0.002 -18"><span class='ocrx_word' id='word_1_55' title='bbox 227 888 500 947; x_wconf 53' lang='lat' dir='ltr'><strong>agamus</strong></span> <span class='ocrx_word' id='word_1_56' title='bbox 537 880 603 935; x_wconf 89' lang='grc' dir='ltr'><strong>ιιι</strong></span> <span class='ocrx_word' id='word_1_57' title='bbox 629 887 770 934; x_wconf 89' lang='lat' dir='ltr'><strong>eum</strong></span> <span class='ocrx_word' id='word_1_58' title='bbox 785 872 859 933; x_wconf 90' lang='lat' dir='ltr'><strong>in</strong></span> <span class='ocrx_word' id='word_1_59' title='bbox 892 883 1253 950; x_wconf 87' lang='lat' dir='ltr'><strong>perpetuum</strong></span> <span class='ocrx_word' id='word_1_60' title='bbox 1286 875 1672 936; x_wconf 80' lang='lat' dir='ltr'><strong>retineamus.</strong></span> <span class='ocrx_word' id='word_1_61' title='bbox 1728 876 1878 936; x_wconf 88' lang='lat' dir='ltr'><strong>Nam</strong></span> <span class='ocrx_word' id='word_1_62' title='bbox 1911 876 2030 946; x_wconf 82' lang='lat' dir='ltr'><strong>hoc</strong></span> <span class='ocrx_word' id='word_1_63' title='bbox 2055 877 2299 951; x_wconf 88' lang='lat' dir='ltr'><strong>quidem</strong></span> 
     </span>
     <span class='ocr_line' id='line_1_8' title="bbox 229 956 2299 1035; baseline 0.001 -18"><span class='ocrx_word' id='word_1_64' title='bbox 229 972 413 1033; x_wconf 89' lang='lat' dir='ltr'><strong>quum</strong></span> <span class='ocrx_word' id='word_1_65' title='bbox 455 965 633 1032; x_wconf 85' lang='lat' dir='ltr'><strong>turpe</strong></span> <span class='ocrx_word' id='word_1_66' title='bbox 662 965 759 1018; x_wconf 86' lang='lat' dir='ltr'><strong>est</strong></span> <span class='ocrx_word' id='word_1_67' title='bbox 787 965 909 1019; x_wconf 89' lang='lat' dir='ltr'><strong>tum</strong></span> <span class='ocrx_word' id='word_1_68' title='bbox 941 974 1019 1018; x_wconf 91' lang='lat' dir='ltr'><strong>ne</strong></span> <span class='ocrx_word' id='word_1_69' title='bbox 1048 958 1145 1018; x_wconf 90' lang='lat' dir='ltr'><strong>dis</strong></span> <span class='ocrx_word' id='word_1_70' title='bbox 1178 956 1425 1034; x_wconf 89' lang='lat' dir='ltr'><strong>quidem</strong></span> <span class='ocrx_word' id='word_1_71' title='bbox 1455 958 1894 1021; x_wconf 80' lang='lat' dir='ltr'><strong>immortalibus</strong></span> <span class='ocrx_word' id='word_1_72' title='bbox 1925 969 2190 1035; x_wconf 84' lang='lat' dir='ltr'><strong>gratum,</strong></span> <span class='ocrx_word' id='word_1_73' title='bbox 2222 961 2299 1019; x_wconf 89' lang='lat' dir='ltr'><strong>ab</strong></span> 
     </span>
     <span class='ocr_line' id='line_1_9' title="bbox 226 1038 2300 1119; baseline 0.001 -19"><span class='ocrx_word' id='word_1_74' title='bbox 226 1055 434 1100; x_wconf 89' lang='lat' dir='ltr'><strong>eorum</strong></span> <span class='ocrx_word' id='word_1_75' title='bbox 479 1038 634 1115; x_wconf 90' lang='lat' dir='ltr'><strong>aris,</strong></span> <span class='ocrx_word' id='word_1_76' title='bbox 695 1042 776 1101; x_wconf 87' lang='lat' dir='ltr'><strong>ad</strong></span> <span class='ocrx_word' id='word_1_77' title='bbox 820 1056 975 1117; x_wconf 87' lang='lat' dir='ltr'><strong>quas</strong></span> <span class='ocrx_word' id='word_1_78' title='bbox 1030 1041 1218 1117; x_wconf 84' lang='lat' dir='ltr'><strong>togati</strong></span> <span class='ocrx_word' id='word_1_79' title='bbox 1268 1041 1631 1116; x_wconf 78' lang='lat' dir='ltr'><strong>adierimuS,</strong></span> <span class='ocrx_word' id='word_1_80' title='bbox 1686 1043 1765 1103; x_wconf 88' lang='lat' dir='ltr'><strong>ad</strong></span> <span class='ocrx_word' id='word_1_81' title='bbox 1811 1059 1963 1119; x_wconf 86' lang='lat' dir='ltr'><strong>saga</strong></span> <span class='ocrx_word' id='word_1_82' title='bbox 2003 1043 2300 1104; x_wconf 85' lang='lat' dir='ltr'><strong>sumenda</strong></span> 
     </span>
     <span class='ocr_line' id='line_1_10' title="bbox 225 1121 2298 1202; baseline 0.001 -18"><span class='ocrx_word' id='word_1_83' title='bbox 225 1121 568 1188; x_wconf 83' lang='lat' dir='ltr'><strong>discedere.</strong></span> <span class='ocrx_word' id='word_1_84' title='bbox 656 1121 718 1185; x_wconf 83' lang='lat'><strong>3.</strong></span> <span class='ocrx_word' id='word_1_85' title='bbox 745 1126 954 1201; x_wconf 86' lang='lat' dir='ltr'><strong>Atque</strong></span> <span class='ocrx_word' id='word_1_86' title='bbox 988 1125 1444 1200; x_wconf 86' lang='lat' dir='ltr'><strong>animadverto,</strong></span> <span class='ocrx_word' id='word_1_87' title='bbox 1477 1135 1681 1202; x_wconf 85' lang='lat' dir='ltr'><strong>patres</strong></span> <span class='ocrx_word' id='word_1_88' title='bbox 1712 1125 2075 1201; x_wconf 85' lang='lat' dir='ltr'><strong>conscripti,</strong></span> <span class='ocrx_word' id='word_1_89' title='bbox 2113 1141 2298 1202; x_wconf 89' lang='lat' dir='ltr'><strong>quos-</strong></span> 
     </span>
     <span class='ocr_line' id='line_1_11' title="bbox 226 1205 2294 1286; baseline 0.001 -19"><span class='ocrx_word' id='word_1_90' title='bbox 226 1207 364 1267; x_wconf 86' lang='lat' dir='ltr'><strong>dam</strong></span> <span class='ocrx_word' id='word_1_91' title='bbox 403 1205 545 1268; x_wconf 84' lang='lat' dir='ltr'><strong>huic</strong></span> <span class='ocrx_word' id='word_1_92' title='bbox 576 1209 792 1269; x_wconf 87' lang='lat' dir='ltr'><strong>favere</strong></span> <span class='ocrx_word' id='word_1_93' title='bbox 823 1209 1193 1284; x_wconf 86' lang='lat' dir='ltr'><strong>sententiae,</strong></span> <span class='ocrx_word' id='word_1_94' title='bbox 1239 1225 1498 1286; x_wconf 90' lang='lat' dir='ltr'><strong>quorum</strong></span> <span class='ocrx_word' id='word_1_95' title='bbox 1538 1225 1615 1269; x_wconf 89' lang='lat' dir='ltr'><strong>ea</strong></span> <span class='ocrx_word' id='word_1_96' title='bbox 1649 1226 1823 1271; x_wconf 90' lang='lat' dir='ltr'><strong>mens</strong></span> <span class='ocrx_word' id='word_1_97' title='bbox 1865 1207 2052 1286; x_wconf 90' lang='lat' dir='ltr'><strong>idque</strong></span> <span class='ocrx_word' id='word_1_98' title='bbox 2095 1207 2294 1270; x_wconf 88' lang='lat' dir='ltr'><strong>consi·</strong></span> 
     </span>
     <span class='ocr_line' id='line_1_12' title="bbox 222 1290 2295 1369; baseline 0.001 -18"><span class='ocrx_word' id='word_1_99' title='bbox 222 1290 366 1351; x_wconf 91' lang='lat' dir='ltr'><strong>lium</strong></span> <span class='ocrx_word' id='word_1_100' title='bbox 412 1298 540 1364; x_wconf 89' lang='lat' dir='ltr'><strong>est,</strong></span> <span class='ocrx_word' id='word_1_101' title='bbox 596 1299 663 1353; x_wconf 87' lang='lat' dir='ltr'><strong>ut</strong></span> <span class='ocrx_word' id='word_1_102' title='bbox 706 1308 895 1369; x_wconf 90' lang='lat' dir='ltr'><strong>quum</strong></span> <span class='ocrx_word' id='word_1_103' title='bbox 935 1291 1188 1354; x_wconf 85' lang='lat' dir='ltr'><strong>videant</strong></span> <span class='ocrx_word' id='word_1_104' title='bbox 1228 1292 1751 1368; x_wconf 80' lang='lat' dir='ltr'><strong>gloriosissimum.</strong></span> <span class='ocrx_word' id='word_1_105' title='bbox 1782 1292 1951 1355; x_wconf 91' lang='lat' dir='ltr'><strong>illum</strong></span> <span class='ocrx_word' id='word_1_106' title='bbox 2007 1295 2077 1354; x_wconf 90' lang='lat' dir='ltr'><strong>D.</strong></span> <span class='ocrx_word' id='word_1_107' title='bbox 2107 1294 2295 1355; x_wconf 90' lang='lat' dir='ltr'><strong>Bruto</strong></span> 
     </span>
     <span class='ocr_line' id='line_1_13' title="bbox 222 1374 2290 1453; baseline 0.001 -21"><span class='ocrx_word' id='word_1_108' title='bbox 222 1374 494 1435; x_wconf 89' lang='lat' dir='ltr'><strong>futurum</strong></span> <span class='ocrx_word' id='word_1_109' title='bbox 546 1375 739 1448; x_wconf 86' lang='lat' dir='ltr'><strong>diem,</strong></span> <span class='ocrx_word' id='word_1_110' title='bbox 792 1391 918 1452; x_wconf 91' lang='lat' dir='ltr'><strong>quo</strong></span> <span class='ocrx_word' id='word_1_111' title='bbox 971 1377 1074 1437; x_wconf 88' lang='lat' dir='ltr'><strong>die</strong></span> <span class='ocrx_word' id='word_1_112' title='bbox 1121 1383 1384 1453; x_wconf 89' lang='lat' dir='ltr'><strong>propter</strong></span> <span class='ocrx_word' id='word_1_113' title='bbox 1428 1377 1563 1437; x_wconf 91' lang='lat' dir='ltr'><strong>eius</strong></span> <span class='ocrx_word' id='word_1_114' title='bbox 1615 1377 1876 1436; x_wconf 86' lang='lat' dir='ltr'><strong>salutem</strong></span> <span class='ocrx_word' id='word_1_115' title='bbox 1929 1375 2290 1435; x_wconf 74' lang='lat' dir='ltr'><strong>redierimus</strong></span> 
     </span>
     <span class='ocr_line' id='line_1_14' title="bbox 221 1456 2291 1536; baseline 0 -19"><span class='ocrx_word' id='word_1_116' title='bbox 221 1459 323 1530; x_wconf 87' lang='lat' dir='ltr'><strong>[ad</strong></span> <span class='ocrx_word' id='word_1_117' title='bbox 369 1456 711 1536; x_wconf 86' lang='lat' dir='ltr'><strong>vestitum]‚</strong></span> <span class='ocrx_word' id='word_1_118' title='bbox 755 1459 920 1521; x_wconf 89' lang='lat' dir='ltr'><strong>hunc</strong></span> <span class='ocrx_word' id='word_1_119' title='bbox 956 1459 1014 1522; x_wconf 89' lang='lat' dir='ltr'><strong>ei</strong></span> <span class='ocrx_word' id='word_1_120' title='bbox 1044 1460 1308 1520; x_wconf 90' lang='lat' dir='ltr'><strong>fructum</strong></span> <span class='ocrx_word' id='word_1_121' title='bbox 1353 1459 1595 1534; x_wconf 88' lang='lat' dir='ltr'><strong>eripere</strong></span> <span class='ocrx_word' id='word_1_122' title='bbox 1633 1458 1909 1534; x_wconf 87' lang='lat' dir='ltr'><strong>cupiant,</strong></span> <span class='ocrx_word' id='word_1_123' title='bbox 1950 1474 2031 1520; x_wconf 88' lang='lat' dir='ltr'><strong>ne</strong></span> <span class='ocrx_word' id='word_1_124' title='bbox 2062 1474 2291 1519; x_wconf 65' lang='lat' dir='ltr'><strong>memo»</strong></span> 
     </span>
     <span class='ocr_line' id='line_1_15' title="bbox 218 1541 2291 1620; baseline -0 -18"><span class='ocrx_word' id='word_1_125' title='bbox 218 1545 348 1603; x_wconf 87' lang='lat' dir='ltr'><strong>riae</strong></span> <span class='ocrx_word' id='word_1_126' title='bbox 391 1541 856 1619; x_wconf 81' lang='lat' dir='ltr'><strong>posteritatique</strong></span> <span class='ocrx_word' id='word_1_127' title='bbox 905 1545 1201 1620; x_wconf 88' lang='lat' dir='ltr'><strong>prodatur</strong></span> <span class='ocrx_word' id='word_1_128' title='bbox 1245 1551 1497 1619; x_wconf 88' lang='lat' dir='ltr'><strong>propter</strong></span> <span class='ocrx_word' id='word_1_129' title='bbox 1537 1542 1720 1604; x_wconf 90' lang='lat' dir='ltr'><strong>unius</strong></span> <span class='ocrx_word' id='word_1_130' title='bbox 1760 1542 1913 1604; x_wconf 84' lang='lat' dir='ltr'><strong>civis</strong></span> <span class='ocrx_word' id='word_1_131' title='bbox 1955 1542 2291 1618; x_wconf 90' lang='lat' dir='ltr'><strong>periculum</strong></span> 
     </span>
     <span class='ocr_line' id='line_1_16' title="bbox 220 1626 2291 1703; baseline -0.002 -14"><span class='ocrx_word' id='word_1_132' title='bbox 220 1627 516 1703; x_wconf 89' lang='lat' dir='ltr'><strong>populum</strong></span> <span class='ocrx_word' id='word_1_133' title='bbox 556 1628 897 1688; x_wconf 84' lang='lat' dir='ltr'><strong>Romanum</strong></span> <span class='ocrx_word' id='word_1_134' title='bbox 944 1628 1024 1688; x_wconf 89' lang='lat' dir='ltr'><strong>ad</strong></span> <span class='ocrx_word' id='word_1_135' title='bbox 1060 1643 1210 1703; x_wconf 85' lang='lat' dir='ltr'><strong>saga</strong></span> <span class='ocrx_word' id='word_1_136' title='bbox 1238 1628 1399 1699; x_wconf 88' lang='lat' dir='ltr'><strong>isse,</strong></span> <span class='ocrx_word' id='word_1_137' title='bbox 1438 1635 1689 1702; x_wconf 86' lang='lat' dir='ltr'><strong>propter</strong></span> <span class='ocrx_word' id='word_1_138' title='bbox 1717 1626 1994 1687; x_wconf 89' lang='lat' dir='ltr'><strong>eiusdem</strong></span> <span class='ocrx_word' id='word_1_139' title='bbox 2036 1628 2291 1686; x_wconf 87' lang='lat' dir='ltr'><strong>salutem</strong></span> 
     </span>
     <span class='ocr_line' id='line_1_17' title="bbox 218 1710 2301 1787; baseline 0 -18"><span class='ocrx_word' id='word_1_140' title='bbox 218 1710 476 1772; x_wconf 31' lang='lat' dir='ltr'><strong>redisse*</strong></span> <span class='ocrx_word' id='word_1_141' title='bbox 502 1710 584 1772; x_wconf 88' lang='lat' dir='ltr'><strong>ad</strong></span> <span class='ocrx_word' id='word_1_142' title='bbox 622 1719 823 1787; x_wconf 81' lang='lat' dir='ltr'><strong>togas.</strong></span> <span class='ocrx_word' id='word_1_143' title='bbox 893 1710 1106 1772; x_wconf 81' lang='lat' dir='ltr'><strong>Tollite</strong></span> <span class='ocrx_word' id='word_1_144' title='bbox 1145 1710 1335 1770; x_wconf 79' lang='lat' dir='ltr'><strong>hanc=</strong></span> <span class='ocrx_word' id='word_1_145' title='bbox 1378 1711 1603 1771; x_wconf 87' lang='lat' dir='ltr'><strong>nullam</strong></span> <span class='ocrx_word' id='word_1_146' title='bbox 1632 1720 1752 1771; x_wconf 87' lang='lat' dir='ltr'><strong>tam</strong></span> <span class='ocrx_word' id='word_1_147' title='bbox 1793 1725 2021 1785; x_wconf 88' lang='lat' dir='ltr'><strong>pravae</strong></span> <span class='ocrx_word' id='word_1_148' title='bbox 2057 1716 2301 1771; x_wconf 88' lang='lat' dir='ltr'><strong>senten-</strong></span> 
     </span>
     <span class='ocr_line' id='line_1_18' title="bbox 219 1792 2296 1870; baseline -0.002 -15"><span class='ocrx_word' id='word_1_149' title='bbox 219 1794 341 1855; x_wconf 84' lang='lat' dir='ltr'><strong>tiae</strong></span> <span class='ocrx_word' id='word_1_150' title='bbox 386 1809 633 1856; x_wconf 87' lang='lat' dir='ltr'><strong>causam</strong></span> <span class='ocrx_word' id='word_1_151' title='bbox 677 1792 1017 1870; x_wconf 89' lang='lat' dir='ltr'><strong>reperietis.</strong></span> <span class='ocrx_word' id='word_1_152' title='bbox 1088 1796 1222 1855; x_wconf 87' lang='lat' dir='ltr'><strong>Vos</strong></span> <span class='ocrx_word' id='word_1_153' title='bbox 1266 1809 1449 1867; x_wconf 81' lang='lat' dir='ltr'><strong>vem,</strong></span> <span class='ocrx_word' id='word_1_154' title='bbox 1491 1801 1699 1869; x_wconf 87' lang='lat' dir='ltr'><strong>patres</strong></span> <span class='ocrx_word' id='word_1_155' title='bbox 1743 1792 2104 1868; x_wconf 88' lang='lat' dir='ltr'><strong>conscripti,</strong></span> <span class='ocrx_word' id='word_1_156' title='bbox 2151 1808 2296 1851; x_wconf 80' lang='lat' dir='ltr'><strong>con-</strong></span> 
     </span>
     <span class='ocr_line' id='line_1_19' title="bbox 221 1876 2296 1950; baseline -0.003 -13"><span class='ocrx_word' id='word_1_157' title='bbox 221 1885 466 1939; x_wconf 88' lang='lat' dir='ltr'><strong>servate</strong></span> <span class='ocrx_word' id='word_1_158' title='bbox 508 1879 928 1940; x_wconf 79' lang='lat' dir='ltr'><strong>auctoritatem</strong></span> <span class='ocrx_word' id='word_1_159' title='bbox 968 1886 1266 1950; x_wconf 84' lang='lat' dir='ltr'><strong>vestram,</strong></span> <span class='ocrx_word' id='word_1_160' title='bbox 1315 1886 1555 1938; x_wconf 86' lang='lat' dir='ltr'><strong>manete</strong></span> <span class='ocrx_word' id='word_1_161' title='bbox 1600 1876 1660 1937; x_wconf 91' lang='lat' dir='ltr'><strong>in</strong></span> <span class='ocrx_word' id='word_1_162' title='bbox 1713 1877 2042 1948; x_wconf 89' lang='lat' dir='ltr'><strong>sententia,</strong></span> <span class='ocrx_word' id='word_1_163' title='bbox 2094 1883 2296 1935; x_wconf 90' lang='lat' dir='ltr'><strong>tenete</strong></span> 
     </span>
     <span class='ocr_line' id='line_1_20' title="bbox 222 1955 2292 2037; baseline -0.002 -17"><span class='ocrx_word' id='word_1_164' title='bbox 222 1969 430 2021; x_wconf 88' lang='lat' dir='ltr'><strong>vestra</strong></span> <span class='ocrx_word' id='word_1_165' title='bbox 473 1961 793 2034; x_wconf 88' lang='lat' dir='ltr'><strong>memoria,</strong></span> <span class='ocrx_word' id='word_1_166' title='bbox 841 1959 1009 2037; x_wconf 90' lang='lat' dir='ltr'><strong>quod</strong></span> <span class='ocrx_word' id='word_1_167' title='bbox 1056 1976 1246 2037; x_wconf 83' lang='lat' dir='ltr'><strong>saepe</strong></span> <span class='ocrx_word' id='word_1_168' title='bbox 1288 1958 1674 2036; x_wconf 81' lang='lat' dir='ltr'><strong>ostendistiS,</strong></span> <span class='ocrx_word' id='word_1_169' title='bbox 1720 1960 1898 2022; x_wconf 87' lang='lat' dir='ltr'><strong>huius</strong></span> <span class='ocrx_word' id='word_1_170' title='bbox 1933 1958 2119 2021; x_wconf 87' lang='lat' dir='ltr'><strong>totius</strong></span> <span class='ocrx_word' id='word_1_171' title='bbox 2154 1955 2292 2019; x_wconf 86' lang='lat' dir='ltr'><strong>belli</strong></span> 
     </span>
     <span class='ocr_line' id='line_1_21' title="bbox 218 2042 2293 2119; baseline -0.002 -13"><span class='ocrx_word' id='word_1_172' title='bbox 218 2045 282 2106; x_wconf 88' lang='lat' dir='ltr'><strong>in</strong></span> <span class='ocrx_word' id='word_1_173' title='bbox 307 2046 488 2106; x_wconf 87' lang='lat' dir='ltr'><strong>unius</strong></span> <span class='ocrx_word' id='word_1_174' title='bbox 518 2044 625 2104; x_wconf 89' lang='lat' dir='ltr'><strong>viri</strong></span> <span class='ocrx_word' id='word_1_175' title='bbox 658 2044 968 2106; x_wconf 82' lang='lat' dir='ltr'><strong>fortissimi</strong></span> <span class='ocrx_word' id='word_1_176' title='bbox 994 2053 1056 2106; x_wconf 89' lang='grc' dir='ltr'><strong>ει</strong></span> <span class='ocrx_word' id='word_1_177' title='bbox 1078 2044 1323 2105; x_wconf 86' lang='lat' dir='ltr'><strong>maximi</strong></span> <span class='ocrx_word' id='word_1_178' title='bbox 1345 2043 1471 2104; x_wconf 88' lang='lat' dir='ltr'><strong>vita</strong></span> <span class='ocrx_word' id='word_1_179' title='bbox 1493 2045 1756 2119; x_wconf 90' lang='lat' dir='ltr'><strong>positum</strong></span> <span class='ocrx_word' id='word_1_180' title='bbox 1782 2060 1927 2105; x_wconf 89' lang='lat' dir='ltr'><strong>esse</strong></span> <span class='ocrx_word' id='word_1_181' title='bbox 1949 2042 2293 2103; x_wconf 85' lang='lat' dir='ltr'><strong>discrimen.</strong></span> 
     </span>
     <span class='ocr_line' id='line_1_22' title="bbox 216 2124 2293 2203; baseline -0.002 -15"><span class='ocrx_word' id='word_1_182' title='bbox 216 2129 292 2188; x_wconf 95' lang='lat' dir='ltr'><strong>II.</strong></span> <span class='ocrx_word' id='word_1_183' title='bbox 328 2126 390 2189; x_wconf 84' lang='lat'><strong>4.</strong></span> <span class='ocrx_word' id='word_1_184' title='bbox 433 2128 532 2187; x_wconf 93' lang='lat' dir='ltr'><strong>Ad</strong></span> <span class='ocrx_word' id='word_1_185' title='bbox 561 2129 632 2189; x_wconf 89' lang='lat' dir='ltr'><strong>D.</strong></span> <span class='ocrx_word' id='word_1_186' title='bbox 660 2128 910 2190; x_wconf 87' lang='lat' dir='ltr'><strong>Brutum</strong></span> <span class='ocrx_word' id='word_1_187' title='bbox 952 2128 1330 2189; x_wconf 90' lang='lat' dir='ltr'><strong>liberandum</strong></span> <span class='ocrx_word' id='word_1_188' title='bbox 1363 2127 1543 2203; x_wconf 84' lang='lat' dir='ltr'><strong>legati</strong></span> <span class='ocrx_word' id='word_1_189' title='bbox 1583 2127 1757 2187; x_wconf 91' lang='lat' dir='ltr'><strong>missi</strong></span> <span class='ocrx_word' id='word_1_190' title='bbox 1800 2128 2111 2202; x_wconf 88' lang='lat' dir='ltr'><strong>principes</strong></span> <span class='ocrx_word' id='word_1_191' title='bbox 2147 2124 2293 2184; x_wconf 87' lang='lat' dir='ltr'><strong>civi-</strong></span> 
     </span>
     <span class='ocr_line' id='line_1_23' title="bbox 218 2208 2292 2288; baseline -0.003 -16"><span class='ocrx_word' id='word_1_192' title='bbox 218 2210 399 2285; x_wconf 82' lang='lat' dir='ltr'><strong>tatiS,</strong></span> <span class='ocrx_word' id='word_1_193' title='bbox 445 2210 549 2285; x_wconf 89' lang='lat' dir='ltr'><strong>qui</strong></span> <span class='ocrx_word' id='word_1_194' title='bbox 591 2211 672 2271; x_wconf 87' lang='lat' dir='ltr'><strong>illi</strong></span> <span class='ocrx_word' id='word_1_195' title='bbox 717 2211 877 2273; x_wconf 87' lang='lat' dir='ltr'><strong>hosti</strong></span> <span class='ocrx_word' id='word_1_196' title='bbox 903 2228 978 2272; x_wconf 89' lang='lat' dir='ltr'><strong>ac</strong></span> <span class='ocrx_word' id='word_1_197' title='bbox 1023 2212 1365 2288; x_wconf 85' lang='lat' dir='ltr'><strong>parricidae</strong></span> <span class='ocrx_word' id='word_1_198' title='bbox 1407 2211 1862 2283; x_wconf 82' lang='lat' dir='ltr'><strong>denuntiarent,</strong></span> <span class='ocrx_word' id='word_1_199' title='bbox 1905 2217 1971 2271; x_wconf 91' lang='lat' dir='ltr'><strong>ut</strong></span> <span class='ocrx_word' id='word_1_200' title='bbox 2000 2225 2038 2269; x_wconf 87' lang='lat' dir='ltr'><strong>a</strong></span> <span class='ocrx_word' id='word_1_201' title='bbox 2064 2208 2292 2269; x_wconf 81' lang='lat' dir='ltr'><strong>Mutina</strong></span> 
     </span>
     <span class='ocr_line' id='line_1_24' title="bbox 221 2292 2291 2369; baseline -0.002 -14"><span class='ocrx_word' id='word_1_202' title='bbox 221 2294 604 2355; x_wconf 75' lang='lat' dir='ltr'><strong>discederet:</strong></span> <span class='ocrx_word' id='word_1_203' title='bbox 655 2295 928 2355; x_wconf 92' lang='lat' dir='ltr'><strong>eiusdem</strong></span> <span class='ocrx_word' id='word_1_204' title='bbox 958 2295 1029 2354; x_wconf 92' lang='lat' dir='ltr'><strong>D.</strong></span> <span class='ocrx_word' id='word_1_205' title='bbox 1057 2294 1227 2356; x_wconf 90' lang='lat' dir='ltr'><strong>Bruti</strong></span> <span class='ocrx_word' id='word_1_206' title='bbox 1261 2292 1667 2356; x_wconf 87' lang='lat' dir='ltr'><strong>conservandi</strong></span> <span class='ocrx_word' id='word_1_207' title='bbox 1691 2293 1884 2369; x_wconf 85' lang='lat' dir='ltr'><strong>gratia</strong></span> <span class='ocrx_word' id='word_1_208' title='bbox 1913 2293 2132 2355; x_wconf 87' lang='lat' dir='ltr'><strong>consul</strong></span> <span class='ocrx_word' id='word_1_209' title='bbox 2162 2308 2291 2353; x_wconf 85' lang='lat' dir='ltr'><strong>sor·</strong></span> 
     </span>
     <span class='ocr_line' id='line_1_25' title="bbox 220 2376 2288 2453; baseline -0.002 -15"><span class='ocrx_word' id='word_1_210' title='bbox 220 2377 334 2439; x_wconf 90' lang='lat' dir='ltr'><strong>titu</strong></span> <span class='ocrx_word' id='word_1_211' title='bbox 356 2378 435 2437; x_wconf 86' lang='lat' dir='ltr'><strong>ad</strong></span> <span class='ocrx_word' id='word_1_212' title='bbox 468 2378 690 2439; x_wconf 90' lang='lat' dir='ltr'><strong>bellum</strong></span> <span class='ocrx_word' id='word_1_213' title='bbox 727 2378 1040 2453; x_wconf 88' lang='lat' dir='ltr'><strong>profectus</strong></span> <span class='ocrx_word' id='word_1_214' title='bbox 1073 2381 1150 2438; x_wconf 90' lang='lat' dir='ltr'><strong>A.</strong></span> <span class='ocrx_word' id='word_1_215' title='bbox 1185 2379 1441 2452; x_wconf 79' lang='lat' dir='ltr'><strong>HirtiuS,</strong></span> <span class='ocrx_word' id='word_1_216' title='bbox 1483 2378 1669 2440; x_wconf 80' lang='lat' dir='ltr'><strong>cuius.</strong></span> <span class='ocrx_word' id='word_1_217' title='bbox 1689 2376 2155 2439; x_wconf 86' lang='lat' dir='ltr'><strong>imbecillitatem</strong></span> <span class='ocrx_word' id='word_1_218' title='bbox 2188 2392 2288 2435; x_wconf 81' lang='lat' dir='ltr'><strong>va—</strong></span> 
     </span>
     <span class='ocr_line' id='line_1_26' title="bbox 220 2459 2290 2537; baseline -0.002 -16"><span class='ocrx_word' id='word_1_219' title='bbox 220 2459 507 2523; x_wconf 89' lang='lat' dir='ltr'><strong>letudinis</strong></span> <span class='ocrx_word' id='word_1_220' title='bbox 536 2459 723 2522; x_wconf 85' lang='lat' dir='ltr'><strong>animi</strong></span> <span class='ocrx_word' id='word_1_221' title='bbox 750 2461 944 2524; x_wconf 89' lang='lat' dir='ltr'><strong>virtus</strong></span> <span class='ocrx_word' id='word_1_222' title='bbox 983 2469 1045 2523; x_wconf 91' lang='lat' dir='ltr'><strong>et</strong></span> <span class='ocrx_word' id='word_1_223' title='bbox 1075 2478 1224 2537; x_wconf 89' lang='lat' dir='ltr'><strong>spes</strong></span> <span class='ocrx_word' id='word_1_224' title='bbox 1268 2460 1560 2523; x_wconf 86' lang='lat' dir='ltr'><strong>victoriae</strong></span> <span class='ocrx_word' id='word_1_225' title='bbox 1593 2461 2004 2522; x_wconf 80' lang='lat' dir='ltr'><strong>confirmavit:</strong></span> <span class='ocrx_word' id='word_1_226' title='bbox 2050 2460 2290 2532; x_wconf 87' lang='lat' dir='ltr'><strong>Caesar,</strong></span> 
     </span>
     <span class='ocr_line' id='line_1_27' title="bbox 221 2541 2288 2621; baseline -0.002 -19"><span class='ocrx_word' id='word_1_227' title='bbox 221 2559 412 2617; x_wconf 89' lang='lat' dir='ltr'><strong>quum</strong></span> <span class='ocrx_word' id='word_1_228' title='bbox 442 2545 716 2605; x_wconf 88' lang='lat' dir='ltr'><strong>exercitu</strong></span> <span class='ocrx_word' id='word_1_229' title='bbox 748 2560 864 2619; x_wconf 87' lang='lat' dir='ltr'><strong>per</strong></span> <span class='ocrx_word' id='word_1_230' title='bbox 884 2560 956 2606; x_wconf 89' lang='lat' dir='ltr'><strong>se</strong></span> <span class='ocrx_word' id='word_1_231' title='bbox 985 2552 1343 2621; x_wconf 83' lang='lat' dir='ltr'><strong>comparato</strong></span> <span class='ocrx_word' id='word_1_232' title='bbox 1374 2551 1412 2615; x_wconf 76' lang='grc' dir='ltr'><strong>-ι-</strong></span> <span class='ocrx_word' id='word_1_233' title='bbox 1435 2559 1574 2603; x_wconf 92' lang='lat' dir='ltr'><strong>cum</strong></span> <span class='ocrx_word' id='word_1_234' title='bbox 1605 2542 1816 2618; x_wconf 89' lang='lat' dir='ltr'><strong>primis</strong></span> <span class='ocrx_word' id='word_1_235' title='bbox 1845 2541 2129 2618; x_wconf 89' lang='lat' dir='ltr'><strong>pestibus</strong></span> <span class='ocrx_word' id='word_1_236' title='bbox 2161 2556 2288 2599; x_wconf 88' lang='lat' dir='ltr'><strong>rem</strong></span> 
     </span>
     <span class='ocr_line' id='line_1_28' title="bbox 216 2625 2278 2705; baseline -0.001 -20"><span class='ocrx_word' id='word_1_237' title='bbox 216 2625 525 2702; x_wconf 89' lang='lat' dir='ltr'><strong>publicam</strong></span> <span class='ocrx_word' id='word_1_238' title='bbox 559 2628 917 2700; x_wconf 88' lang='lat' dir='ltr'><strong>liberasset,</strong></span> <span class='ocrx_word' id='word_1_239' title='bbox 951 2645 1031 2690; x_wconf 90' lang='lat' dir='ltr'><strong>ne</strong></span> <span class='ocrx_word' id='word_1_240' title='bbox 1068 2629 1214 2705; x_wconf 92' lang='lat' dir='ltr'><strong>quid</strong></span> <span class='ocrx_word' id='word_1_241' title='bbox 1255 2635 1478 2704; x_wconf 86' lang='lat' dir='ltr'><strong>postea</strong></span> <span class='ocrx_word' id='word_1_242' title='bbox 1508 2625 1760 2686; x_wconf 85' lang='lat' dir='ltr'><strong>sceleris</strong></span> <span class='ocrx_word' id='word_1_243' title='bbox 1792 2631 2101 2696; x_wconf 88' lang='lat' dir='ltr'><strong>oreretur,</strong></span> <span class='ocrx_word' id='word_1_244' title='bbox 2138 2640 2278 2699; x_wconf 89' lang='lat' dir='ltr'><strong>pro-</strong></span> 
     </span>
     <span class='ocr_line' id='line_1_29' title="bbox 219 2708 2286 2785; baseline -0.001 -16"><span class='ocrx_word' id='word_1_245' title='bbox 219 2710 421 2771; x_wconf 85' lang='lat' dir='ltr'><strong>fectus</strong></span> <span class='ocrx_word' id='word_1_246' title='bbox 453 2720 550 2772; x_wconf 88' lang='lat' dir='ltr'><strong>est</strong></span> <span class='ocrx_word' id='word_1_247' title='bbox 578 2713 660 2773; x_wconf 86' lang='lat' dir='ltr'><strong>ad</strong></span> <span class='ocrx_word' id='word_1_248' title='bbox 690 2712 972 2774; x_wconf 89' lang='lat' dir='ltr'><strong>eumdem</strong></span> <span class='ocrx_word' id='word_1_249' title='bbox 1002 2714 1260 2774; x_wconf 90' lang='lat' dir='ltr'><strong>Brutum</strong></span> <span class='ocrx_word' id='word_1_250' title='bbox 1297 2710 1678 2772; x_wconf 85' lang='lat' dir='ltr'><strong>liberandum</strong></span> <span class='ocrx_word' id='word_1_251' title='bbox 1711 2708 1981 2785; x_wconf 85' lang='lat' dir='ltr'><strong>vicitque</strong></span> <span class='ocrx_word' id='word_1_252' title='bbox 2010 2709 2286 2769; x_wconf 90' lang='lat' dir='ltr'><strong>dolorem</strong></span> 
     </span>
     <span class='ocr_line' id='line_1_30' title="bbox 218 2789 2290 2870; baseline -0.002 -17"><span class='ocrx_word' id='word_1_253' title='bbox 218 2793 486 2868; x_wconf 89' lang='lat' dir='ltr'><strong>aliquem</strong></span> <span class='ocrx_word' id='word_1_254' title='bbox 511 2796 922 2858; x_wconf 89' lang='lat' dir='ltr'><strong>domesticum</strong></span> <span class='ocrx_word' id='word_1_255' title='bbox 956 2797 1192 2870; x_wconf 87' lang='lat' dir='ltr'><strong>patriae</strong></span> <span class='ocrx_word' id='word_1_256' title='bbox 1225 2795 1499 2856; x_wconf 86' lang='lat' dir='ltr'><strong>caritate.</strong></span> <span class='ocrx_word' id='word_1_257' title='bbox 1563 2792 1620 2850; x_wconf 81' lang='lat'><strong>5.</strong></span> <span class='ocrx_word' id='word_1_258' title='bbox 1653 2792 1807 2866; x_wconf 81' lang='lat' dir='ltr'><strong>Quid</strong></span> <span class='ocrx_word' id='word_1_259' title='bbox 1839 2793 1900 2853; x_wconf 89' lang='lat' dir='ltr'><strong>C.</strong></span> <span class='ocrx_word' id='word_1_260' title='bbox 1932 2793 2132 2851; x_wconf 88' lang='lat' dir='ltr'><strong>Pansa</strong></span> <span class='ocrx_word' id='word_1_261' title='bbox 2168 2789 2290 2865; x_wconf 85' lang='lat' dir='ltr'><strong>egit</strong></span> 
     </span>
     <span class='ocr_line' id='line_1_31' title="bbox 149 2874 2290 2951; baseline -0.003 -16"><span class='ocrx_word' id='word_1_262' title='bbox 149 2914 154 2919; x_wconf 80' lang='lat'><em>-</em></span> <span class='ocrx_word' id='word_1_263' title='bbox 219 2874 388 2936; x_wconf 88' lang='lat' dir='ltr'><strong>aliud</strong></span> <span class='ocrx_word' id='word_1_264' title='bbox 439 2874 766 2939; x_wconf 87' lang='lat' dir='ltr'><strong>dilectibus</strong></span> <span class='ocrx_word' id='word_1_265' title='bbox 821 2874 1155 2950; x_wconf 85' lang='lat' dir='ltr'><strong>habendis,</strong></span> <span class='ocrx_word' id='word_1_266' title='bbox 1222 2875 1485 2951; x_wconf 88' lang='lat' dir='ltr'><strong>pecunia</strong></span> <span class='ocrx_word' id='word_1_267' title='bbox 1537 2874 1980 2950; x_wconf 86' lang='lat' dir='ltr'><strong>comparanda,</strong></span> <span class='ocrx_word' id='word_1_268' title='bbox 2040 2880 2290 2932; x_wconf 90' lang='lat' dir='ltr'><strong>senatus</strong></span> 
     </span>
     <span class='ocr_line' id='line_1_32' title="bbox 216 2955 2289 3035; baseline -0.003 -17"><span class='ocrx_word' id='word_1_269' title='bbox 216 2958 517 3020; x_wconf 89' lang='lat' dir='ltr'><strong>consultis</strong></span> <span class='ocrx_word' id='word_1_270' title='bbox 545 2958 847 3021; x_wconf 80' lang='lat' dir='ltr'><strong>faciendis</strong></span> <span class='ocrx_word' id='word_1_271' title='bbox 879 2958 1259 3035; x_wconf 88' lang='lat' dir='ltr'><strong>gravissimis</strong></span> <span class='ocrx_word' id='word_1_272' title='bbox 1290 2959 1349 3019; x_wconf 91' lang='lat' dir='ltr'><strong>in</strong></span> <span class='ocrx_word' id='word_1_273' title='bbox 1381 2957 1730 3032; x_wconf 89' lang='lat' dir='ltr'><strong>Antonium,</strong></span> <span class='ocrx_word' id='word_1_274' title='bbox 1763 2957 1940 3020; x_wconf 91' lang='lat' dir='ltr'><strong>nobis</strong></span> <span class='ocrx_word' id='word_1_275' title='bbox 1969 2955 2289 3017; x_wconf 89' lang='lat' dir='ltr'><strong>cohortan-</strong></span> 
     </span>
    </p>
   </div>
   <div class='ocr_carea' id='block_1_3' title="bbox 115 3037 2292 3119">
    <p class='ocr_par' dir='ltr' id='par_1_3' title="bbox 115 3037 2292 3119">
     <span class='ocr_line' id='line_1_33' title="bbox 115 3037 2292 3119; baseline -0.003 -17"><span class='ocrx_word' id='word_1_276' title='bbox 115 3074 120 3077; x_wconf 97' lang='lat'>-</span> <span class='ocrx_word' id='word_1_277' title='bbox 216 3041 335 3115; x_wconf 78' lang='lat' dir='ltr'><strong>diS,</strong></span> <span class='ocrx_word' id='word_1_278' title='bbox 377 3045 608 3119; x_wconf 90' lang='lat' dir='ltr'><strong>populo</strong></span> <span class='ocrx_word' id='word_1_279' title='bbox 648 3045 926 3106; x_wconf 89' lang='lat' dir='ltr'><strong>Romano</strong></span> <span class='ocrx_word' id='word_1_280' title='bbox 966 3043 1044 3104; x_wconf 93' lang='lat' dir='ltr'><strong>ad</strong></span> <span class='ocrx_word' id='word_1_281' title='bbox 1089 3058 1343 3104; x_wconf 85' lang='lat' dir='ltr'><strong>causam</strong></span> <span class='ocrx_word' id='word_1_282' title='bbox 1377 3041 1669 3105; x_wconf 89' lang='lat' dir='ltr'><strong>libertatis</strong></span> <span class='ocrx_word' id='word_1_283' title='bbox 1713 3042 2024 3115; x_wconf 87' lang='lat' dir='ltr'><strong>vocando,</strong></span> <span class='ocrx_word' id='word_1_284' title='bbox 2073 3037 2189 3100; x_wconf 89' lang='lat' dir='ltr'><strong>nisi</strong></span> <span class='ocrx_word' id='word_1_285' title='bbox 2231 3046 2292 3098; x_wconf 92' lang='lat' dir='ltr'><strong>ut</strong></span> 
     </span>
    </p>
   </div>
   <div class='ocr_carea' id='block_1_4' title="bbox 213 3120 2292 3536">
    <p class='ocr_par' dir='ltr' id='par_1_4' title="bbox 215 3120 2292 3286">
     <span class='ocr_line' id='line_1_34' title="bbox 215 3120 2292 3201; baseline -0.002 -16"><span class='ocrx_word' id='word_1_286' title='bbox 215 3126 288 3185; x_wconf 92' lang='lat' dir='ltr'><strong>D.</strong></span> <span class='ocrx_word' id='word_1_287' title='bbox 316 3125 541 3187; x_wconf 87' lang='lat' dir='ltr'><strong>Brutus</strong></span> <span class='ocrx_word' id='word_1_288' title='bbox 570 3125 970 3188; x_wconf 71' lang='lat' dir='ltr'><strong>liberaretur?</strong></span> <span class='ocrx_word' id='word_1_289' title='bbox 1007 3129 1066 3185; x_wconf 89' lang='lat' dir='ltr'><strong>A</strong></span> <span class='ocrx_word' id='word_1_290' title='bbox 1091 3142 1214 3201; x_wconf 90' lang='lat' dir='ltr'><strong>quo</strong></span> <span class='ocrx_word' id='word_1_291' title='bbox 1246 3128 1516 3201; x_wconf 90' lang='lat' dir='ltr'><strong>populus</strong></span> <span class='ocrx_word' id='word_1_292' title='bbox 1545 3127 1860 3187; x_wconf 83' lang='lat' dir='ltr'><strong>Romanus</strong></span> <span class='ocrx_word' id='word_1_293' title='bbox 1891 3126 2180 3201; x_wconf 80' lang='lat' dir='ltr'><strong>frequens</strong></span> <span class='ocrx_word' id='word_1_294' title='bbox 2210 3120 2292 3180; x_wconf 89' lang='lat' dir='ltr'><strong>ita</strong></span> 
     </span>
     <span class='ocr_line' id='line_1_35' title="bbox 215 3209 2291 3286; baseline -0.003 -17"><span class='ocrx_word' id='word_1_295' title='bbox 215 3209 474 3270; x_wconf 88' lang='lat' dir='ltr'><strong>salutem</strong></span> <span class='ocrx_word' id='word_1_296' title='bbox 495 3210 566 3271; x_wconf 90' lang='lat' dir='ltr'><strong>D.</strong></span> <span class='ocrx_word' id='word_1_297' title='bbox 578 3211 747 3272; x_wconf 90' lang='lat' dir='ltr'><strong>Bruti</strong></span> <span class='ocrx_word' id='word_1_298' title='bbox 769 3227 892 3271; x_wconf 88' lang='lat' dir='ltr'><strong>una</strong></span> <span class='ocrx_word' id='word_1_299' title='bbox 906 3225 1068 3270; x_wconf 88' lang='lat' dir='ltr'><strong>voce</strong></span> <span class='ocrx_word' id='word_1_300' title='bbox 1091 3210 1480 3286; x_wconf 87' lang='lat' dir='ltr'><strong>depoposcit,</strong></span> <span class='ocrx_word' id='word_1_301' title='bbox 1509 3217 1575 3271; x_wconf 91' lang='lat' dir='ltr'><strong>ut</strong></span> <span class='ocrx_word' id='word_1_302' title='bbox 1595 3226 1729 3270; x_wconf 90' lang='lat' dir='ltr'><strong>eam</strong></span> <span class='ocrx_word' id='word_1_303' title='bbox 1754 3226 1875 3271; x_wconf 90' lang='lat' dir='ltr'><strong>non</strong></span> <span class='ocrx_word' id='word_1_304' title='bbox 1902 3210 2099 3272; x_wconf 89' lang='lat' dir='ltr'><strong>solum</strong></span> <span class='ocrx_word' id='word_1_305' title='bbox 2122 3220 2291 3266; x_wconf 88' lang='lat' dir='ltr'><strong>com·</strong></span> 
     </span>
    </p>

    <p class='ocr_par' dir='ltr' id='par_1_5' title="bbox 213 3285 2292 3536">
     <span class='ocr_line' id='line_1_36' title="bbox 214 3285 2292 3377; baseline -0.003 -24"><span class='ocrx_word' id='word_1_306' title='bbox 214 3291 420 3353; x_wconf 86' lang='lat' dir='ltr'><strong>modis</strong></span> <span class='ocrx_word' id='word_1_307' title='bbox 462 3291 621 3366; x_wconf 75' lang='lat' dir='ltr'><strong>suiS,</strong></span> <span class='ocrx_word' id='word_1_308' title='bbox 675 3294 788 3356; x_wconf 89' lang='lat' dir='ltr'><strong>sed</strong></span> <span class='ocrx_word' id='word_1_309' title='bbox 828 3293 1010 3355; x_wconf 86' lang='lat' dir='ltr'><strong>etiam</strong></span> <span class='ocrx_word' id='word_1_310' title='bbox 1048 3292 1405 3356; x_wconf 86' lang='lat' dir='ltr'><strong>necessitati</strong></span> <span class='ocrx_word' id='word_1_311' title='bbox 1443 3292 1642 3355; x_wconf 84' lang='lat' dir='ltr'><strong>victus</strong></span> <span class='ocrx_word' id='word_1_312' title='bbox 1680 3294 2025 3356; x_wconf 77' lang='lat' dir='ltr'><strong>anteferret</strong></span> <span class='ocrx_word' id='word_1_313' title='bbox 2115 3285 2292 3377; x_wconf 81' lang='lat' dir='ltr'><strong>Quod</strong></span> 
     </span>
     <span class='ocr_line' id='line_1_37' title="bbox 215 3364 2291 3453; baseline -0.006 -16"><span class='ocrx_word' id='word_1_314' title='bbox 215 3391 472 3451; x_wconf 88' lang='lat' dir='ltr'><strong>sperare</strong></span> <span class='ocrx_word' id='word_1_315' title='bbox 513 3393 629 3438; x_wconf 89' lang='lat' dir='ltr'><strong>nos</strong></span> <span class='ocrx_word' id='word_1_316' title='bbox 673 3376 920 3453; x_wconf 90' lang='lat' dir='ltr'><strong>quidem</strong></span> <span class='ocrx_word' id='word_1_317' title='bbox 955 3376 1285 3451; x_wconf 87' lang='lat' dir='ltr'><strong>debemus,</strong></span> <span class='ocrx_word' id='word_1_318' title='bbox 1340 3387 1549 3453; x_wconf 85' lang='lat' dir='ltr'><strong>patres</strong></span> <span class='ocrx_word' id='word_1_319' title='bbox 1589 3376 1948 3452; x_wconf 89' lang='lat' dir='ltr'><strong>conscripti,</strong></span> <span class='ocrx_word' id='word_1_320' title='bbox 1993 3383 2097 3435; x_wconf 88' lang='lat' dir='ltr'><strong>aut</strong></span> <span class='ocrx_word' id='word_1_321' title='bbox 2143 3364 2291 3431; x_wconf 87' lang='lat' dir='ltr'><strong>inibi</strong></span> 
     </span>
     <span class='ocr_line' id='line_1_38' title="bbox 213 3449 2290 3536; baseline -0.004 -17"><span class='ocrx_word' id='word_1_322' title='bbox 213 3474 364 3521; x_wconf 84' lang='lat' dir='ltr'><strong>esse</strong></span> <span class='ocrx_word' id='word_1_323' title='bbox 394 3469 499 3522; x_wconf 88' lang='lat' dir='ltr'><strong>aut</strong></span> <span class='ocrx_word' id='word_1_324' title='bbox 526 3462 646 3520; x_wconf 87' lang='lat' dir='ltr'><strong>iam</strong></span> <span class='ocrx_word' id='word_1_325' title='bbox 677 3476 823 3522; x_wconf 87' lang='lat' dir='ltr'><strong>esse</strong></span> <span class='ocrx_word' id='word_1_326' title='bbox 852 3460 1231 3523; x_wconf 87' lang='lat' dir='ltr'><strong>confectum·</strong></span> <span class='ocrx_word' id='word_1_327' title='bbox 1283 3460 1399 3521; x_wconf 90' lang='lat' dir='ltr'><strong>sed</strong></span> <span class='ocrx_word' id='word_1_328' title='bbox 1420 3458 1556 3536; x_wconf 87' lang='lat' dir='ltr'><strong>spei</strong></span> <span class='ocrx_word' id='word_1_329' title='bbox 1586 3461 1843 3521; x_wconf 80' lang='lat' dir='ltr'><strong>fructum</strong></span> <span class='ocrx_word' id='word_1_330' title='bbox 1882 3456 1973 3519; x_wconf 90' lang='lat' dir='ltr'><strong>rei</strong></span> <span class='ocrx_word' id='word_1_331' title='bbox 2002 3449 2290 3517; x_wconf 88' lang='lat' dir='ltr'><strong>convenit</strong></span> 
     </span>
    </p>
   </div>
   <div class='ocr_carea' id='block_1_5' title="bbox 212 3537 2288 3686">
    <p class='ocr_par' dir='ltr' id='par_1_6' title="bbox 212 3537 2288 3686">
     <span class='ocr_line' id='line_1_39' title="bbox 212 3537 2288 3686; baseline -0.005 -82"><span class='ocrx_word' id='word_1_332' title='bbox 212 3552 277 3605; x_wconf 86' lang='lat' dir='ltr'><strong>et</strong></span> <span class='ocrx_word' id='word_1_333' title='bbox 305 3542 551 3607; x_wconf 84' lang='lat' dir='ltr'><strong>eventui</strong></span> <span class='ocrx_word' id='word_1_334' title='bbox 580 3543 917 3622; x_wconf 87' lang='lat' dir='ltr'><strong>reservari,</strong></span> <span class='ocrx_word' id='word_1_335' title='bbox 943 3559 1024 3607; x_wconf 88' lang='lat' dir='ltr'><strong>ne</strong></span> <span class='ocrx_word' id='word_1_336' title='bbox 1052 3550 1155 3606; x_wconf 80' lang='lat' dir='ltr'><strong>aut</strong></span> <span class='ocrx_word' id='word_1_337' title='bbox 1190 3545 1447 3607; x_wconf 86' lang='lat' dir='ltr'><strong>deorum</strong></span> <span class='ocrx_word' id='word_1_338' title='bbox 1476 3541 1901 3686; x_wconf 58' lang='lat' dir='ltr'><strong>immortalggm</strong></span> <span class='ocrx_word' id='word_1_339' title='bbox 1925 3537 2288 3655; x_wconf 82' lang='lat' dir='ltr'><strong>beneficium</strong></span> 
     </span>
    </p>
   </div>
  </div>
 </body>
</html>
