2514 3928
381 289 513 351 306
688 293 765 349 m
793 290 874 348 M.
906 287 1308 349 Ari-romum
1338 287 1620 347 oRATto
1655 286 2075 346 PH1L1PP10A
2111 239 2154 345 1.
2461 299 2496 353 3

399 439 542 513 lege
564 436 804 498 sublata
825 437 1193 498 videnturne
1223 436 1402 500 vobis
1432 455 1626 513 posse
1683 437 1966 498 Caesaris
2011 447 2146 499 acta
2190 440 2447 501 servari
2467 449 2495 501 ‘i

393 522 596 597 Quid?
637 524 806 597 lege,
859 539 1020 598 quae
1070 523 1455 597 promulgata
1494 531 1591 582 est
1631 523 1708 581 de
1753 521 1926 582 tertia
1970 521 2237 590 decuria,
2273 537 2492 585 nonne

391 623 605 667 omnes
659 605 1021 667 ,iudiciariae
1088 608 1259 681 leges
1332 605 1612 665 Caesaris
1685 605 2151 666 dissolvuntur?
2215 606 2299 667 Et
2363 625 2490 668 vos

390 698 525 750 acta
588 689 868 750 Caesaris
929 690 1255 749 defenditis
1284 733 1299 761 ,
1371 689 1475 765 qui
1541 690 1713 764 leges
1776 689 1910 749 eius
1961 689 2276 751 evertitis?
2348 690 2489 751 Nisi

393 776 573 846 forte,
607 771 662 833 si
692 774 838 848 quid
861 771 1190 833 memoriae
1220 789 1413 833 eausa
1439 773 1665 833 rettulit
1693 771 1753 830 in
1784 772 2069 845 libellum,
2104 772 2166 833 id
2196 790 2486 833 numera-

391 856 549 920 bitur
578 855 638 915 in
674 857 827 918 actis
860 863 947 926 et,
993 855 1276 928 quamvis
1300 855 1575 931 iniquum
1608 864 1667 916 et
1694 855 1904 916 inutile
1935 859 2039 929 sit,
2080 857 2486 919 defendeturz

394 941 563 1016 quod
605 942 682 1000 ad
727 941 1018 1016 populum
1058 939 1411 1000 centuriatis
1447 938 1706 1000 comitiis
1740 939 1898 1012 tulit,
1945 940 2005 998 id
2040 938 2099 998 in
2144 940 2300 999 actis
2330 941 2485 1000 Cae·

392 1024 549 1084 saris
595 1039 716 1083 non
767 1023 1102 1082 habebitur.
1159 1022 1302 1100 720.
1342 1025 1423 1082 At
1464 1039 1623 1097 quae
1666 1031 1761 1083 est
1806 1022 1924 1083 ista
1966 1023 2140 1084 tertia
2182 1024 2483 1085 decuria?

398 1104 860 1178 centurionum,
903 1104 1118 1181 inquit.
1209 1105 1406 1180 Quid?
1445 1105 1542 1167 isti
1573 1106 1773 1167 ordini
1802 1105 2103 1166 iudicatus
2136 1108 2274 1183 lege
2306 1109 2481 1180 Iulia,

393 1190 743 1254 etiamante
775 1189 1095 1264 Pompeia,
1125 1189 1373 1250 Aurelia
1403 1207 1525 1251 non
1560 1190 1849 1265 patebat?
1881 1190 2115 1251 Census
2149 1191 2478 1266 praefinie-

391 1274 585 1347 batur‚
616 1271 828 1349 inquit.
870 1273 1002 1334 Non
1029 1273 1369 1334 centurioni
1401 1273 1647 1349 quidem
1684 1274 1900 1344 solum,
1937 1275 2048 1333 sed
2078 1273 2272 1347 equiti
2299 1276 2475 1340 etiam

391 1358 688 1418 Romano.
775 1359 989 1432 Itaque
1032 1356 1143 1417 viri
1182 1357 1496 1418 fortissimi
1536 1366 1720 1431 atque
1748 1356 2195 1430 honestissimi,
2243 1358 2354 1433 qui
2387 1376 2473 1419 or-

395 1441 569 1502 dines
600 1441 920 1515 duxerunt,
950 1456 1051 1502 res
1097 1449 1158 1502 et
1184 1440 1456 1502 iudicant
1484 1448 1544 1501 et
1581 1440 2021 1501 iudicaverunt.
2062 1441 2196 1502 Non
2219 1458 2480 1517 quaero,

394 1523 607 1600 inquit,
639 1526 811 1587 istos.
903 1523 1282 1600 Quicumque
1315 1526 1583 1586 ordinem
1617 1524 1818 1598 duxit,
1862 1523 2103 1585 iudicet.
2159 1527 2241 1585 At
2276 1526 2331 1586 si
2365 1526 2477 1585 ser-

391 1610 568 1682 retiS‚
615 1608 985 1685 quicumque
1016 1624 1178 1683 equo
1211 1609 1566 1681 meruisset,
1613 1610 1776 1683 quod
1824 1617 1917 1668 est
1956 1608 2208 1681 lautiuS,
2250 1607 2474 1669 nemini

395 1692 756 1767 probaretis.
858 1693 923 1751 ln
966 1691 1163 1753 iudice
1214 1693 1372 1751 enim
1404 1693 1666 1767 spectari
1710 1699 1771 1752 et
1803 1693 2043 1752 fortuna
2075 1692 2264 1752 debet
2300 1699 2366 1751 et
2395 1693 2471 1751 di·

392 1778 612 1850 gnitas.
698 1776 833 1836 Non
870 1792 1129 1851 quaero,
1163 1775 1375 1850 inquit,
1408 1775 1556 1836 ista=
1598 1775 1760 1836 addo
1793 1774 1972 1850 etiam
2008 1773 2246 1835 iudices
2284 1776 2471 1835 mani-

396 1860 640 1934 pulares
686 1875 764 1919 ex
808 1858 1052 1933 legione
1090 1859 1487 1919 Alaudarum.
1586 1858 1779 1918 Aliter
1817 1857 1976 1917 enim
2018 1859 2211 1919 nostri
2252 1869 2474 1933 negant

396 1958 586 2019 posse
630 1958 700 2003 se
741 1943 949 2003 salvos
988 1958 1150 2004 esse.
1241 1940 1288 2001 Ο
1330 1943 1834 2005 contumeliosum
1866 1942 2163 2003 honorem
2193 1941 2293 2015 iis,
2322 1958 2472 2018 quos

393 2025 883 2087 adiudicandum
920 2043 1034 2086 nec
1063 2025 1387 2102 opinantes
1423 2026 1690 2088 vocatis!
1722 2027 1833 2085 Hie
1874 2024 2033 2085 enim
2064 2035 2161 2087 est
2200 2027 2363 2101 legis
2397 2026 2471 2085 iu·

394 2111 545 2184 deX,
595 2118 660 2170 ut
705 2109 745 2170 ii
773 2127 876 2170 res
918 2111 978 2169 in
1025 2109 1197 2170 tertia
1227 2110 1476 2170 decuria
1503 2109 1800 2181 iudicent,
1838 2109 1941 2184 qui
1973 2109 2159 2169 libere
2203 2108 2471 2170 iudicare

394 2210 516 2254 non
554 2194 837 2254 audeant.
923 2195 987 2253 In
1021 2209 1143 2268 quo
1175 2203 1439 2269 quantus
1469 2210 1638 2254 error
1673 2202 1796 2264 est,
1840 2192 1900 2252 di
1931 2192 2339 2254 immortales!
2374 2211 2467 2254 eo-

394 2293 557 2347 rum,
596 2276 699 2349 qui
730 2277 905 2336 istam
940 2278 1137 2351 legem
1168 2276 1700 2351 excogitaverunt!
1744 2277 1823 2337 Ut
1854 2276 2009 2336 enim
2045 2276 2316 2351 quisque
2348 2293 2471 2337 sor-

396 2357 751 2419 didissimus
812 2360 1145 2430 videbitur,
1201 2358 1285 2420 ita
1342 2360 1739 2421 libentissime
1795 2359 2118 2421 severitate
2160 2358 2471 2420 iudicandi

396 2443 616 2504 sordes
663 2459 810 2503 suas
854 2444 1015 2504 eluet
1058 2443 1483 2518 laborabitque
1532 2453 1594 2504 ut
1636 2444 1909 2504 honestis
1954 2442 2218 2503 decuriis
2273 2444 2471 2517 potius
2512 2440 2514 2455 '

395 2526 616 2600 dignus
650 2525 929 2588 videatur
960 2543 1141 2601 quam
1172 2525 1231 2587 in
1263 2536 1498 2603 turpem
1528 2527 1659 2588 iure
1690 2523 2022 2587 coniectus.
2096 2527 2196 2603 IX.
2232 2525 2341 2588 21.
2376 2529 2471 2585 Al-

394 2619 520 2671 tera
557 2612 940 2686 promulgata
967 2612 1066 2671 lex
1096 2619 1219 2683 est,
1253 2620 1319 2671 ut
1347 2620 1408 2674 et
1432 2613 1514 2674 de
1545 2614 1605 2672 vi
1633 2619 1693 2672 et
1722 2610 2062 2671 maiestatis
2096 2610 2372 2669 damnati
2401 2609 2472 2667 ad

397 2697 690 2770 populum
728 2705 1099 2771 provocent,
1136 2692 1189 2754 si
1233 2693 1437 2753 velint.
1522 2695 1689 2754 Haec
1733 2701 1932 2753 utrum
1974 2693 2219 2753 tandem
2251 2693 2358 2753 lex
2387 2700 2473 2752 est

394 2794 469 2837 an
506 2780 707 2853 legum
742 2780 1007 2839 omnium
1040 2776 1407 2838 dissolutio?
1449 2775 1595 2850 Quis
1626 2786 1722 2838 est
1755 2777 1915 2837 enim
1957 2775 2139 2835 hodie
2177 2776 2363 2836 cuius
2395 2775 2471 2835 in-

381 2860 751 2922 ·tersitistam
793 2864 986 2938 legem
1015 2868 1306 2921 manere?
1333 2861 1519 2921 Nemo
1537 2876 1680 2921 reus
1705 2868 1801 2920 est
1830 2859 2066 2934 legibus
2102 2857 2221 2919 illis
2241 2906 2257 2931 ,
2295 2874 2466 2920 nemo

395 2960 576 3018 quem
616 2946 874 3005 futurum
919 2954 1222 3020 putemus.
1310 2944 1513 3003 Armis
1555 2942 1715 3002 enim
1756 2949 1933 3018 gesta
1967 2959 2469 3018 numquam-pro·

395 3026 554 3086 recto
602 3028 660 3085 in
700 3028 986 3087 iudicium
1028 3024 1429 3087 vocabuntur.
1527 3032 1607 3087 At
1648 3043 1750 3086 res
1795 3024 2127 3102 popularis.
2230 3025 2470 3086 Utinam

394 3108 642 3183 quidem
670 3111 898 3184 aliquid
935 3110 1174 3170 velletis
1205 3126 1349 3170 esse
1389 3111 1718 3186 populare!
1766 3109 1988 3170 Omnes
2036 3107 2201 3169 enim
2235 3108 2363 3168 iam
2396 3107 2469 3169 ci-

395 3209 505 3252 ves
538 3194 615 3252 de
644 3193 731 3252 rei
759 3192 1038 3265 publicae
1068 3194 1264 3253 salute
1294 3210 1415 3254 una
1454 3201 1513 3254 et
1547 3201 1746 3254 mente
1784 3200 1845 3254 et
1874 3208 2030 3254 voce
2061 3192 2468 3254 consentiunt.

393 3273 562 3347 Quae
586 3283 682 3335 est
708 3273 887 3350 igitur
919 3276 1034 3335 ista
1058 3275 1363 3350 cupiditas
1396 3275 1551 3351 legis
1574 3276 1708 3337 eius
1747 3277 2053 3348 ferendae,
2088 3292 2255 3350 quae
2289 3274 2467 3350 turpi-

389 3356 661 3418 tudinem
691 3375 984 3419 summam
1021 3358 1254 3431 habeat,
1289 3359 1540 3434 gratiam
1571 3362 1837 3420 nullam?
1867 3359 2021 3433 Quid
2044 3357 2209 3418 enim
2232 3358 2467 3437 turpius

392 3457 577 3516 quam
614 3441 717 3516 qui
747 3442 1118 3503 maiestatem
1150 3442 1365 3518 populi
1397 3442 1654 3504 Romani
1688 3442 1964 3504 minuerit
1994 3459 2105 3517 per
2141 3443 2305 3518 vim,
2344 3456 2467 3504 eum

394 3524 739 3585 damnatum
769 3522 993 3586 iudicio
1026 3526 1105 3587 ad
1136 3542 1270 3586 eam
1300 3526 1497 3603 ipsam
1538 3526 1660 3587 vim
1691 3526 1944 3607 reverti,
1989 3531 2248 3602 propter
2296 3538 2471 3603 quam
