2514 3928
344 290 469 352 290
790 287 938 351 PRO
980 258 1189 352 REGE
1232 288 1627 351 DmoTARo
1675 287 1981 352 οιιΑτιο.
2349 297 2421 349 oe

345 471 604 518 rannum
629 454 909 529 inveniri,
941 466 1007 517 ιιι
1031 458 1182 518 haec
1209 455 1503 530 omittam,
1535 454 1712 519 cuius
1736 454 1889 517 tanti
1912 454 2139 517 luroris
2163 454 2272 516 fuit
2294 472 2415 517 om·

289 562 294 567 ·
347 557 458 602 nes
491 554 696 616 reges,
728 557 990 617 quorum
1026 540 1199 603 multi
1229 550 1404 603 erant
1431 539 1688 613 finitimi,
1720 554 1937 601 omnes
1969 538 2198 601 liberos
2222 556 2415 617 popm

347 627 461 699 los,
488 637 706 687 omnes
730 623 965 699 socios,
988 641 1208 687 omnes
1230 624 1608 703 provincias,
1632 622 1842 686 omnia
1861 622 2414 700 deniqueomnium

348 722 515 766 arma
536 712 749 767 contra
778 722 848 767 se
872 723 1056 766 unum
1082 706 1389 767 excitare?
1417 705 1690 777 Quonam
1712 704 1813 765 ille
1842 705 2031 767 mode
2049 720 2414 780 cumxregno,

348 806 487 851 cum
517 789 733 862 domo,
764 805 902 850 cum
934 790 1224 864 coniuge,
1270 804 1417 848 curn-
1450 786 1771 850 carissime
1810 789 1935 849 filio
1967 786 2293 850 distraetus
2322 804 2419 851 es-

349 882 470 946 set,
514 878 680 934 tanto
723 873 960 933 scelere
1006 888 1131 931 non
1170 872 1363 932 modo
1398 872 1705 946 perfecto,
1749 871 1867 932 sed*
1903 871 2085 933 etiam·
2117 869 2463 947 cogitato!-

346 955 449 1015 Vl.
486 955 581 1017 16.
611 958 717 1028 Αι,
755 955 973 1026 credo,
1018 955 1170 1015 haec
1200 954 1793 1017 homoinconsultus
1818 963 1886 1016 et¹
1906 952 2264 1017 temerarius
2295 971 2419 1016 non

347 1038 609 1099 videbat.
657 1037 804 1111 Quis
834 1037 1279 1099 consideratior
1301 1038 1450 1099 illo?
1495 1037 1637 1113 quis
1667 1037 1939 1100 rectiora
1979 1038 2117 1113 quis
2148 1039 2416 1113 pruden-

346 1121 505 1182 tior?
541 1137 909 1196 quamquam
930 1120 1212 1182 hocloco
1236 1119 1587 1183 Deiotarum
1617 1138 1737 1183 non
1769 1129 1887 1184 tam
1916 1119 2161 1196 ingenio
2195 1129 2257 1182 et
2278 1139 2419 1196 pru-

347 1202 556 1265 dentia
589 1220 770 1280 quam
802 1205 924 1265 lide
952 1213 1014 1266 et
1038 1203 1334 1280 religione
1367 1204 1526 1265 vitae
1559 1204 2009 1266 defendendum
2041 1212 2209 1280 puto.
2266 1205 2422 1267 Nota

347 1285 450 1349 tibi
492 1295 588 1349 est
629 1286 893 1349 hominis
935 1287 1238 1364 protritae,
1271 1289 1333 1348 G.
1361 1289 1616 1362 Caesar,
1662 1286 1789 1349 noti
1818 1303 2053 1362 moreS,
2098 1295 2409 1350 noteoon·

347 1369 584 1433 stantia.
658 1369 767 1433 Oui
801 1388 1016 1448 porro,
1049 1373 1151 1447 qui
1180 1372 1365 1433 modo
1397 1370 1606 1447 populi
1634 1369 1892 1432 Romani
1920 1382 2149 1431 nomen
2166 1370 2421 1445 audivit,

348 1454 611 1517 Deiotari
654 1453 998 1530 integritas,
1054 1454 1353 1531 gravitas,
1410 1455 1630 1527 virtuS,
1669 1454 1826 1515 fides
1865 1470 1986 1515 non
2027 1452 2237 1515 audita
2284 1462 2427 1517 est?

346 1539 523 1613 Quod
569 1537 752 1614 igitur-
793 1537 1031 1600 facinus
1076 1555 1190 1599 nec
1246 1537 1306 1598 in
1337 1537 1642 1599 hominem
1681 1534 2126 1613 imprudentem
2173 1537 2423 1600 caderet

347 1629 597 1697 propter
649 1628 873 1683 metum
918 1621 1262 1696 praesentis
1301 1620 1498 1694 exitii,
1543 1636 1657 1683 nee
1706 1621 1765 1680 in
1813 1619 2259 1694 facinorosum,
2304 1620 2426 1682 nisi

345 1714 515 1766 esset
556 1703 717 1765 idem
767 1703 1219 1766 amentissimus
1246 1751 1262 1777 ,
1310 1705 1371 1764 id
1419 1722 1547 1766 vos
1587 1712 1649 1766 et
1697 1721 1735 1764 a
1791 1702 1925 1766 viro
1962 1703 2192 1780 optimo
2239 1711 2305 1765 et'
2347 1705 2427 1764 ab

346 1786 592 1848 homine
633 1784 879 1848 minime
919 1789 1103 1848 stulto
1147 1787 1474 1862 cogitatum
1535 1804 1680 1849 esse
1723 1785 2092 1863 confingitis.
2200 1784 2297 1848 17.
2346 1790 2422 1847 At

347 1885 527 1944 quam
558 1885 683 1929 non
716 1870 904 1930 modo
924 1886 1048 1930 non
1084 1869 1479 1943 credibiliter,
1513 1871 1624 1931 sed
1655 1887 1730 1931 ne
1771 1868 2105 1946 suspitiose
2136 1868 2426 1944 quidem!

346 1953 555 2028 Quum,
580 1951 792 2029 inquit,
824 1951 887 2014 in
918 1954 1231 2015 castellum
1256 1952 1536 2015 Blucium
1569 1953 1850 2015 venisses
1869 1961 1930 2015 et
1953 1953 2199 2015 domum
2230 1952 2422 2029 regis,

346 2035 604 2112 hospitis
639 2033 754 2110 tui,
786 2037 1190 2111 devenisses,
1222 2039 1397 2098 locus
1429 2044 1559 2098 erat
1591 2036 1859 2112 quidam,
1895 2034 1954 2097 in
1988 2053 2111 2112 quo
2140 2044 2319 2097 erant
2350 2053 2429 2099 ea

345 2119 716 2196 composita,
762 2118 985 2197 quibus
1027 2129 1085 2182 te
1127 2135 1239 2180 rex
1280 2136 1597 2181 munerare
1626 2118 2043 2182 constituerat:
2127 2120 2264 2179 Huc
2292 2128 2363 2180 te
2390 2137 2427 2181 e

345 2202 581 2278 balneo,
611 2202 782 2278 prius
809 2219 989 2278 qua-m
1018 2202 1432 2278 accumbereS,
1460 2204 1695 2265 ducere
1720 2204 1979 2265 volebat.
2036 2202 2226 2264 Urunt
2255 2201 2421 2269 enim

342 2285 584 2358 armati,
632 2286 735 2376 qui
782 2293 838 2347 te
881 2286 1316 2359 interficerent,
1358 2286 1418 2345 in
1458 2304 1533 2349 eo
1574 2287 1712 2361 ipse
1760 2289 1899 2347 loco
1935 2284 2236 2347 collocati.
2331 2285 2424 2346 En

343 2366 601 2442 crimen,
630 2370 705 2428 en
738 2384 959 2443 causa,
1006 2383 1116 2429 cur
1139 2383 1347 2444 regem
1379 2369 1686 2466 fugitivus,
1717 2368 2041 2432 dominum
2058 2384 2297 2431 servus
2319 2385 2424 2430 ac

342 2458 538 2512 cuset.·
597 2451 727 2528 Ego
753 2468 852 2512 me
874 2453 1194 2523 Hercules,
1221 2449 1465 2528 Caesar,
1495 2451 1686 2528 initio,
1716 2469 1903 2529 quum
1932 2460 2041 2515 est
2055 2452 2135 2513 ad
2164 2467 2265 2513 me
2295 2450 2426 2513 ista

342 2550 531 2595 causa
561 2535 777 2610 delata,
808 2533 1173 2612 Phidippum
1203 2534 1537 2608 medicum,
1569 2551 1816 2597 servum
1853 2534 2101 2613 regium,-
2134 2534 2245 2611 qui
2276 2551 2426 2597 cum

340 2616 557 2694 legatis
587 2618 813 2683 missus
836 2627 1024 2694 esset,
1051 2619 1131 2680 ab
1153 2617 1273 2680 isto
1302 2618 1701 2681 adolescente
1723 2635 1873 2681 esse·
1894 2625 2272 2695 comptum,
2302 2618 2429 2680 hec

342 2719 475 2763 sum
532 2701 878 2780 suspitione
946 2718 1314 2777 percussus:
1370 2702 1674 2763 Medicum
1713 2701 1978 2765 indicem
2019 2697 2428 2765 subornavit:

330 2787 527 2862 finget
554 2784 839 2849 videlicet
866 2785 1118 2865 aliquod
1163 2786 1388 2847 crimen
1422 2785 1660 2847 veneni.
1705 2785 1835 2847 Etsi
1862 2803 1900 2847 a
1927 2785 2425 2862 veritatelonge,

340 2877 538 2929 tamen
584 2885 623 2928 a
669 2868 1118 2932 consuetudine
1149 2868 1505 2930 criminandi
1544 2885 1665 2930 non
1709 2871 1958 2931 multum
1989 2884 2091 2952 res
2121 2868 2431 2931 abhorre-

338 2951 457 3012 bat.
547 2948 645 3012 18.
691 2952 846 3026 Quid
886 2951 970 3013 ait
1008 2951 1284 3014 medicus
1305 2960 1334 3012 ’ἓ
1372 2951 1527 3013 Nihil
1569 2952 1647 3014 de
1689 2969 1951 3015 venena·
2046 2953 2129 3013 A=t
2172 2951 2237 3011 id
2285 2951 2431 3013 fieri

340 3031 538 3109 potuit
565 3032 824 3109 primum
862 3033 1163 3095 occultius
1190 3032 1251 3095 in
1284 3034 1534 3112 potione
1565 3036 1664 3098 vel
1692 3036 1753 3097 in
1781 3034 1951 3099 cibo:
1982 3034 2209 3097 deinde
2230 3034 2433 3098 etiam

335 3113 647 3192 impunius
676 3116 772 3189 fit,
818 3118 987 3192 quod
1017 3135 1202 3193 quum
1217 3128 1321 3181 fest
1356 3122 1615 3196 factum,
1655 3120 1864 3196 negari
1891 3125 2115 3195 potest.
2205 3116 2278 3179 Si
2308 3134 2411 3193 pa·

335 3199 455 3259 lam
487 3205 547 3261 te
576 3196 1014 3275 interemisset,
1058 3200 1326 3263 omnium
1371 3204 1431 3264 in
1465 3219 1536 3266 se
1562 3204 1828 3281 gentium
1861 3219 1983 3264 non
2012 3202 2215 3263 solnm
2253 3200 2436 3275 odia,

337 3281 450 3341 sed
486 3282 665 3343 etiam
688 3298 857 3343 arma
888 3282 1323 3348 convertisset·
1370 3286 1425 3348 si
1457 3303 1727 3363 veneno,
1756 3285 1927 3349 lovis
1966 3285 2133 3347 iltius
2161 3282 2438 3360 quidem

338 3362 659 3440 hospitalis
704 3382 924 3427 numen
966 3384 1298 3445 numquam
1345 3372 1547 3432 celare
1588 3369 1922 3447 potuisset,
1963 3365 2250 3430 homines
2296 3367 2439 3430 for-

337 3450 503 3509 tasse
546 3450 832 3514 celasset.
930 3452 1109 3530 Quod
1160 3453 1347 3532 igitur
1398 3462 1461 3515 et
1504 3452 1713 3515 conari
1743 3451 2040 3515 occultius
2069 3459 2132 3513 et
2158 3451 2441 3513 efficere

337 3529 571 3593 cautius
608 3532 819 3610 potuit,
851 3532 913 3595 id
952 3533 1075 3611 tibi,
1110 3543 1171 3597 et
1194 3534 1433 3596 medico
1461 3534 1681 3598 callido
1716 3544 1777 3598 et
1805 3552 2006 3609 servo,
2043 3539 2108 3595 ut
2137 3534 2440 3610 putabat,
