2514 3928
157 396 224 451 69
835 400 999 461 CAP.
1030 403 1225 463 2—5.
1270 406 1323 468 s.
1354 410 1584 464 4-12.
1816 397 1823 398 ἢ
2124 403 2247 469 387

169 558 295 619 uisi
326 562 396 615 ut
433 565 636 628 paene
677 559 937 627 corpore
981 551 1322 613 suo-Gallia
1351 553 1702 629 prohiberet
1730 550 2109 617 Antonium?
2147 557 2247 621 Ad

169 636 334 701 hunc
363 646 574 697 utrum
594 635 833 710 legatos
862 652 948 695 an
973 635 1249 710 legiones
1272 635 1365 716 ire
1386 637 1899 711 oportebatrSed
1922 640 2255 715 praeterita

175 719 539 783 omittamus.
583 719 920 793 Properent
952 720 1163 795 legati,
1200 720 1370 794 quod
1402 720 1583 780 video
1615 733 1761 782 esse
1785 724 2083 783 facturos:
2132 739 2247 785 vos

175 819 323 880 saga
365 813 595 880 parate.
666 802 781 881 Est
825 803 986 863 enim
1026 803 1108 864 ita
1150 803 1493 878 decretum,
1538 810 1631 877 ut,
1679 803 1734 865 si
1777 805 1880 864 ille
1908 807 2248 867 auctoritati

174 897 421 949 senatus
452 902 578 947 uon¹
600 887 932 961 paruisset,
974 888 1055 947 ad
1085 895 1246 961 saga
1265 886 1468 949 iretur.
1537 888 1743 949 lbitur.
1811 889 1947 949 Non
1976 889 2248 964 parebit=

176 988 288 1032 nos
320 971 584 1031 amissos
611 978 704 1031 tot
734 970 868 1030 dies
907 971 997 1031 rei
1025 972 1336 1047 gerendae
1369 985 1715 1047 queremur.
1934 1009 1937 1010 ν

296 1056 397 1115 lV.
443 1053 576 1116 Non
619 1057 854 1129 metuo,
902 1054 1348 1131 QuiriteS,·ne,
1397 1073 1586 1131 quum
1626 1055 1889 1118 audierit
1918 1054 2244 1129 Antonius,

174 1153 267 1199 me
294 1140 411 1201 hoc
428 1139 798 1220 etinsenatu
816 1138 946 1198 etin
964 1134 1251 1216 contione
1274 1141 1696 1211 confirmasse,
1726 1152 2055 1216 numquam
2081 1140 2249 1199 illum

174 1224 434 1283 futurum
479 1221 539 1280 in
582 1231 831 1282 senatus
875 1227 1212 1296 potestate,
1261 1219 1577 1282 refellendi
1616 1223 1735 1283 mei
1765 1239 1983 1297 causa,
2033 1231 2100 1285 ut
2129 1237 2247 1298 ego

172 1306 317 1366 nihil
360 1304 594 1365 vidisse
639 1305 879 1377 videar,
921 1311 1116 1366 vertat
1141 1318 1214 1365 sc
1241 1313 1304 1365 et
1336 1307 1572 1367 senatui
1603 1315 1833 1381 pareat.
1903 1308 2246 1383 Numquam

178 1389 384 1450 saciet:
417 1404 542 1449 non
570 1385 868 1447 invidebit
897 1387 1037 1448 huic
1064 1401 1236 1448 meae
1265 1388 1530 1461 gloriae:
1564 1391 1745 1466 malet
1772 1401 1873 1450 me
1898 1391 2247 1465 sapientem

174 1492 208 1536 a
251 1471 656 1548 vobis-quam
696 1483 765 1530 se
805 1470 1149 1531 modestum
1186 1470 1540 1532 existimari.
1632 1471 1730 1534 10.
1777 1473 1976 1547 Quid?
2019 1474 2249 1547 ipsesi-

175 1555 346 1629 velit,
395 1572 536 1616 num
590 1556 770 1616 etiam
816 1554 882 1613 L.
926 1554 1170 1616 fratrem
1215 1570 1541 1629 passurum
1587 1556 1988 1618 arbitramur?
2039 1558 2253 1631 Nuper

174 1638 420 1716 quidem
450 1638 668 1700 dicitur
694 1638 773 1698 ad
794 1636 1008 1710 Tibur,
1038 1648 1105 1699 ut
1132 1638 1380 1713 opinor,
1419 1655 1606 1713 quum
1635 1639 1692 1700 ei
1722 1641 1931 1700 labare
1951 1640 2032 1699 M.
2059 1641 2248 1702 Auto-

178 1725 313 1784 nius
347 1722 672 1791 videretur,
703 1730 956 1782 mortem
993 1722 1159 1782 fratri
1189 1737 1333 1783 esse
1365 1721 1691 1785 minitatus.
1729 1724 2006 1785 Etiamne
2029 1725 2107 1784 ab
2129 1724 2250 1784 hoc

172 1806 557 1883 myrmillone
580 1806 851 1868 Asiatico
876 1814 1127 1868 senatus
1170 1808 1484 1879 mandata,
1532 1807 1869 1883 legatorum
1914 1808 2101 1868 verba
2142 1824 2247 1866 au·

174 1890 454 1951 dientur2
493 1887 619 1949 Nec
646 1887 804 1948 enim
830 1890 1071 1950 secerni
1099 1905 1139 1949 a
1168 1890 1352 1951 fratre
1379 1889 1632 1967 poterit,
1683 1899 1848 1952 tanta
1891 1889 2249 1968 praesertim

170 1972 545 2035 auctoritate.
577 1973 732 2032 Nam
760 1970 859 2031 hic
888 1973 1044 2034 inter
1074 1972 1214 2035 illos
1242 1974 1572 2036 Africanus
1603 1987 1725 2037 est:
1770 1976 1962 2050 pluris
1993 1976 2248 2036 habetur

155 2074 351 2133 quam
366 2056 797 2127 L.TrebelliuS,
818 2056 1012 2130 pluris
1036 2072 1218 2132 quam
1229 2059 1295 2118 T.
1314 2059 1572 2119 Plancus
1578 2103 1855 2133 .........
1880 2060 2250 2120 adolescens

171 2139 414 2202 nobilis.
433 2139 741 2212 Plancum,
755 2139 866 2214 qui'
885 2141 1168 2202 omnibus
1191 2141 1508 2202 sententiis
1524 2144 1790 2202 maximo
1806 2151 2012 2203 vestro
2025 2143 2251 2217 plausu

170 2224 645 2295 condemnatus,
690 2222 903 2282 nescio
938 2241 1061 2299 quo
1097 2225 1281 2285 modo
1314 2241 1384 2285 se
1413 2227 1672 2287 coniecit
1701 2227 1762 2286 in
1798 2225 2036 2286 turbam
2063 2232 2250 2300 atque

167 2307 256 2369 ita
281 2315 553 2367 maestus
583 2305 790 2376 rediit,
835 2314 899 2366 ut
927 2317 1255 2382 retractuS,
1305 2325 1431 2370 non
1456 2322 1742 2370 reversus
1774 2309 2111 2381 videretur,
2158 2307 2250 2368 sic

166 2390 529 2463 contemnit,
574 2398 881 2470 tamquam
927 2389 979 2450 si
1024 2391 1107 2451 illi
1136 2404 1298 2466 aqua
1325 2401 1387 2453 et
1414 2393 1539 2468 igni
1572 2393 1956 2454 interdictum
1988 2393 2094 2453 sita
2142 2392 2248 2451 ali-

167 2475 421 2552 quando
454 2482 639 2551 negat
665 2473 721 2533 ei
749 2475 950 2533 locum
982 2490 1126 2536 esse
1159 2486 1445 2550 oportere
1473 2477 1536 2536 in
1562 2476 1746 2548 curia,
1785 2477 1890 2552 qui
1913 2472 2252 2537 incenderit

162 2558 420 2622 curiam.
509 2557 608 2618 11.
642 2557 793 2618 Nam
824 2557 1185 2620 Trebellium
1227 2561 1408 2620 valde
1450 2561 1571 2621 iam
1600 2560 1818 2634 diligit:
1862 2561 2077 2619 oderat
2102 2566 2246 2629 tum,

161 2659 356 2720 quum
397 2641 499 2702 ille
547 2641 771 2702 tabulis
825 2642 1005 2702 novis
1058 2643 1528 2704 adversabatur:
1583 2644 1702 2704 iam
1759 2645 1874 2702 fert
1921 2643 1980 2700 in
2034 2639 2250 2712 oculis,

156 2737 392 2806 postea
414 2744 596 2803 quam
618 2727 823 2804 ipsum
836 2726 1203 2789 Trebellium
1220 2727 1374 2790 vidit
1395 2728 1532 2788 sine
1553 2727 1779 2788 tabulis
1804 2724 1983 2785 novis
2014 2726 2250 2783 salvum

160 2822 317 2869 esse
348 2820 473 2867 non
501 2821 714 2882 posse.
799 2805 1075 2868 Audisse
1104 2808 1265 2869 enim
1291 2827 1407 2871 vos
1435 2809 1723 2880 arbitror,
1757 2807 2048 2882 QuiriteS,
2083 2806 2250 2882 quod

159 2890 353 2954 etiam
397 2888 608 2951 videre
648 2888 969 2966 potuistis,
1017 2892 1241 2953 cotidie
1288 2908 1628 2968 sponsores
1680 2904 1742 2953 et
1789 2892 2128 2953 creditores
2180 2889 2248 2948 L.

158 2974 450 3036 Trebellii
503 2972 856 3034 convenire.
945 2973 993 3035 O
1032 2974 1215 3036 Fide!
1264 2977 1384 3036 hoc
1417 2974 1580 3038 enim
1621 2976 1845 3050 opinor
1888 2977 2251 3037 Trebellium

165 3058 522 3133 sumpsisse
564 3073 943 3132 cognomen,
998 3076 1159 3135 quae
1211 3069 1418 3136 potest
1456 3077 1599 3122 esse
1641 3060 1835 3121 maior
1872 3060 2032 3122 fides
2065 3070 2250 3135 quam

159 3141 455 3204 fraudare
498 3141 866 3215 creditoreS,
922 3143 1105 3204 domo
1149 3145 1506 3220 profugere,
1565 3153 1817 3220 propter
1846 3161 1955 3206 aes
1986 3146 2252 3205 alienum

155 3227 259 3290 ire
298 3227 379 3286 ad
410 3233 628 3286 arma?
705 3224 835 3286 Ubi·
868 3228 1126 3302 plausus
1161 3230 1263 3289 ille
1303 3229 1361 3287 in
1406 3228 1714 3304 triumpho
1761 3239 1886 3302 est,
1935 3244 2129 3303 saepe
2160 3227 2252 3286 lu·

160 3310 313 3374 dis?
355 3310 468 3372 ubi
499 3308 781 3372 aedilitas
812 3309 1015 3372 delata
1047 3328 1284 3373 summo
1317 3313 1523 3375 studio
1550 3314 1900 3376 bonorum?
1985 3311 2132 3386 Quis
2154 3320 2253 3369 est

165 3395 278 3474 qui
306 3395 470 3457 hune
492 3410 618 3456 non
649 3406 802 3456 casu
828 3396 1136 3457 existimet
1159 3406 1324 3458 recte
1348 3395 1591 3470 secisse,
1614 3394 1886 3472 nequitia
1910 3396 2254 3458 scelerate?

157 3481 245 3541 V.
302 3474 422 3541 12.
449 3477 577 3540 Sed
607 3476 798 3541 redeo
833 3479 913 3538 ad
949 3496 1193 3542 amores
1226 3481 1609 3556 deliciasque
1646 3490 1920 3548 vestras,
1964 3479 2029 3537 L.
2058 3480 2251 3537 Anto—

152 3562 367 3641 nium,
401 3561 506 3639 qui
534 3578 652 3623 vos
690 3577 907 3622 omnes
933 3562 996 3624 in
1023 3564 1209 3625 fidem
1239 3581 1413 3626 suam
1444 3564 1694 3638 recepit.
1749 3562 2042 3638 Negatis?
2069 3559 2251 3618 Num·-

147 3645 466 3728 quisnam‘
495 3655 608 3739 est
628 3652 908 3707 vestrum
946 3648 1053 3724 qui
1093 3646 1314 3710 tribum
1353 3664 1478 3708 non
1521 3647 1794 3788 habeag
1807 3644 2017 3763 ¹“certe
2046 3652 2251 3701 nemo.
