2514 3928
206 172 321 236 '120
402 213 405 217 <
624 172 776 233 PRO
806 170 874 233 L.
908 171 1287 234 CORNELIO
1323 172 1583 234 BALBO
1614 172 1921 242 ORATIO.
2227 187 2303 239 22

191 341 752 401 recognoscemuS,
783 341 920 387 cum
951 324 1193 402 legibus
1228 326 1659 398 conferemuS,
1712 342 1851 392 cum
1896 328 2301 393 foederibus?

193 410 399 473 omnia
414 408 817 470 acerbissima
833 408 1148 486 diligentia
1166 410 1670 486 perpendemus?
1695 409 1796 472 12.
1828 410 2090 474 Athenis
2105 411 2301 489 aiunt„

195 512 385 571 quum
417 494 666 570 quidam
686 494 870 569 apud
901 510 1047 569 eos,
1084 495 1191 570 qui
1220 498 1434 555 sancte
1462 493 1857 570 graviterque
1889 494 2168 569 vixisset,
2204 505 2297 557 te⁴

194 577 544 640 stimonium
579 577 827 655 publice
853 577 1115 639 dixisset
1143 587 1218 650 et,
1250 586 1318 640 ut
1344 593 1480 639 mos
1504 576 1878 640 Graecorum
1908 587 2021 655 est,
2050 579 2299 642 iurandi

196 680 387 726 causa
427 664 507 723 ad
544 668 685 727 aras
716 662 1071 736 accederet,
1112 666 1239 723 un‘a
1271 676 1424 725 voce
1455 678 1669 723 omnes
1699 661 1941 725 iudices
1985 676 2065 725 ne
2107 666 2161 727 is
2201 665 2296 726 iu-

184 757 357 809 raret
384 745 779 809 reclamasse.
839 746 1035 820 Quum
1066 746 1285 808 Graeci
1326 745 1608 808 homines
1690 746 1954 823 spectati
1986 746 2104 809 viri
2181 765 2297 810 no-

194 835 440 893 luerunt
462 831 760 907 religione
779 830 973 892 videri
1005 830 1212 907 potius
1245 848 1430 907 quarn
1461 829 1717 892 veritate
1746 831 1935 894 fidem
1965 848 2111 894 esse
2139 848 2293 893 con·

196 916 499 991 strictam,
541 931 659 977 nos
701 915 880 976 etiam
923 914 984 974 in
1034 915 1173 990 ipsa
1217 915 1515 990 religione
1550 922 1612 976 et
1639 915 1842 990 legum
1879 924 1941 978 et
1970 917 2293 978 foederum

198 1001 631 1063 conservanda
675 999 877 1076 qualis
919 999 1101 1060 fuerit
1143 998 1247 1059 Cn.
1293 1000 1622 1076 Pompeius
1669 1000 2130 1062 dubitabimus?
2188 998 2292 1062 13.

193 1086 406 1148 Utrum
431 1084 592 1144 enim
616 1083 908 1145 scientem
933 1083 1119 1144 vultis
1143 1091 1356 1144 contra
1380 1084 1634 1145 foedera
1655 1083 1883 1146 fecisse
1913 1102 1992 1146 an
2025 1083 2292 1147 inscien-

194 1176 360 1231 tem?
379 1168 444 1230 Si
462 1166 758 1228 scientem
774 1203 859 1240 —‚
885 1184 922 1228 o
946 1184 1171 1230 nomen
1186 1166 1386 1228 nostri
1408 1165 1674 1244 imperii!
1721 1184 1759 1230 ο
1790 1168 2006 1246 populi
2033 1168 2294 1230 Romani

198 1254 515 1314 excellens
545 1248 841 1327 dignitas!
887 1268 924 1314 o
959 1253 1065 1313 Cn».
1105 1253 1380 1328 Pompeii
1423 1251 1512 1313 sic
1552 1252 1674 1313 late
1719 1253 2031 1330 longeque
2061 1252 2293 1314 diffusa

196 1340 364 1412 lauS,
407 1346 489 1399 ut
514 1337 650 1398 eius
694 1336 926 1412 gloriae
971 1335 1344 1399 domicilium
1387 1335 1724 1397 communis
1785 1337 2024 1414 imperii
2064 1337 2296 1398 finibus

194 1421 580 1484 terminetur!
618 1440 655 1483 o
688 1420 999 1494 nationeS,
1038 1420 1255 1494 urbes,
1289 1420 1538 1497 populi,
1568 1436 1768 1496 reges,
1801 1421 2160 1493 tetrarchae,
2193 1429 2290 1499 ty-

193 1505 371 1567 ranni
402 1514 595 1569 testes
626 1505 733 1566 Cn.
763 1504 1038 1581 Pompeii
1065 1522 1188 1567 non
1213 1504 1414 1565 solum
1429 1503 1665 1567 virtutis
1679 1505 1742 1565 in
1764 1504 1947 1580 bello,
1966 1506 2080 1566 sed
2109 1505 2292 1566 etiam

194 1589 512 1666 religionis
542 1589 603 1650 in
639 1597 827 1664 pace!
863 1605 979 1649 vos
1010 1586 1300 1664 denique,
1338 1596 1541 1650 mutae
1569 1588 1879 1664 regiones,
1914 1589 2196 1665 imploro,
2232 1597 2293 1649 et

196 1676 331 1737 sola
363 1682 660 1735 terrarum
694 1671 1061 1744 ultimarum,
1101 1687 1236 1746 νος,
1262 1674 1470 1746 maria,
1500 1681 1738 1749 portuS,
1767 1673 2028 1748 insulae,
2059 1672 2290 1734 littora!

196 1758 364 1833 Quae
394 1765 490 1819 est
515 1755 677 1818 enim
702 1773 829 1831 ora,
862 1770 1023 1832 quae
1053 1757 1263 1830 sedeS,
1300 1758 1404 1831 qui
1437 1758 1614 1818 locus
1638 1755 1700 1817 in
1736 1775 1863 1833 quo
1894 1774 2016 1818 non
2050 1762 2294 1819 exstent

195 1841 379 1902 huius
407 1856 596 1915 quum
621 1839 997 1902 fortitudinis
1022 1848 1147 1902 tum
1169 1856 1323 1903 vero
1352 1840 1953 1916 humanitatiS‚quum
1970 1841 2154 1903 animi
2167 1849 2293 1902 tum

197 1923 439 1987 consilii
471 1924 779 2002 impressa
823 1922 1125 2002 vestigia?
1160 1925 1339 1987 Hunc
1382 1924 1713 2003 quisquam
1752 1925 2095 1988 incredibili
2142 1942 2291 2002 qua-

195 2010 336 2070 dam
369 2017 556 2086 atque
589 2008 863 2071 inaudita
888 2011 1216 2087 gravitate,
1261 2010 1514 2085 virtute,
1563 2010 1908 2072 constantia
1947 2009 2294 2086 praeditum

196 2096 453 2155 foedera
487 2093 783 2155 scientem
812 2094 1202 2170 neglexisse,
1238 2094 1540 2168 violasse,
1583 2094 1834 2170 rupisse
1863 2095 2070 2155 dicere
2104 2094 2292 2155 aude·

196 2177 324 2238 bit?
363 2177 470 2237 vl.
507 2176 610 2239 14.
656 2176 1043 2239 Gratiflcatur
1086 2177 1231 2238 mihi
1275 2187 1455 2255 gestu
1508 2188 1864 2240 accusator:
1929 2177 2292 2239 inscientem

198 2262 303 2325 Cn.
330 2260 690 2336 Pompeiam
720 2262 948 2323 fecisse
976 2261 1301 2338 significat.
1346 2262 1534 2338 Quasi
1565 2279 1712 2323 vero
1742 2262 1943 2323 levius
1974 2261 2072 2336 sit,
2104 2279 2293 2339 quum

196 2344 256 2405 in
293 2351 455 2405 tanta
488 2361 556 2404 re
586 2344 834 2420 publica
865 2357 1113 2407 versere
1144 2354 1205 2406 et
1243 2346 1525 2408 maximis
1580 2345 1848 2421 negotiis
1888 2345 2163 2422 praesis,
2205 2348 2291 2405 fa-

196 2445 338 2489 cere
373 2426 607 2504 aliquid
653 2429 820 2504 qu'od
856 2428 1024 2490 scias
1062 2446 1184 2492 non
1213 2428 1429 2504 licere,
1482 2446 1666 2507 quam
1691 2430 1939 2492 omnino
1971 2429 2295 2491 non'scire

197 2511 343 2588 quid
369 2512 570 2574 liceat.
614 2512 851 2575 Etenim
895 2521 1092 2574 utrum
1120 2513 1225 2590 qui
1257 2513 1318 2574 in
1347 2514 1649 2590 Hispania
1675 2515 1901 2575 bellum
1927 2512 2292 2575 acerrimum
2403 2515 2410 2524 ‘
2492 2505 2494 2522 ⁴

195 2606 256 2658 et
298 2596 636 2659 maximum
678 2607 959 2674 gesserat
1004 2615 1127 2674 quo
1171 2599 1303 2659 iure
1347 2597 1646 2659 Gaditana
1707 2597 1926 2659 civitas
1971 2607 2141 2659 esset
2185 2613 2293 2657 ne-

194 2680 460 2757 sciebat,
490 2699 599 2759 an,
638 2697 825 2758 quum
874 2682 971 2743 ius
1003 2682 1166 2744 illius
1199 2681 1415 2758 populi
1444 2690 1692 2755 nosset,
1731 2681 2294 2758 interpretationem

195 2764 467 2827 foederis
528 2783 653 2838 non
695 2767 985 2829 tenebat?
1042 2767 1111 2827 Id
1166 2765 1353 2842 igitur
1406 2766 1734 2843 quisquam
1778 2766 1882 2827 Cn.
1935 2765 2294 2841 Pompeium

196 2847 522 2924 ignorasse
572 2849 781 2930 dicere·
823 2850 1101 2923 audebit,
1147 2850 1319 2925 quod
1356 2849 1702 2911 mediocres
1744 2850 2055 2923 homines,
2121 2850 2292 2924 quod

195 2934 363 2993 nullo
391 2949 542 3006 usu,
570 2936 736 2996 nullo
769 2933 974 2996 studio
998 2933 1262 3011 *praediti
1294 2932 1563 3009 militari,
1600 2934 1770 3010 quod
1799 2933 2090 2995 librarioli
2120 2932 2292 2993 deni·

198 3021 319 3092 que
343 3015 505 3077 scire
529 3018 974 3092 profiteantur?
1000 3015 1413 3094 15.Equidem
1444 3027 1657 3080 contra
1696 3016 2001 3091 existimo,
2033 3016 2296 3090 iudiceS,

199 3101 385 3177 quum
416 3100 475 3160 in
503 3102 665 3162 omni
696 3106 923 3177 genere
954 3107 1035 3163 a'c-
1052 3102 1346 3164 varietate
1370 3102 1607 3173 artium,
1635 3101 1815 3163 etiam
1839 3102 2097 3176 illarum,
2130 3107 2295 3177 quae

197 3185 331 3246 sine
363 3197 603 3246 summo
644 3184 769 3252 otio
808 3195 928 3248 non
969 3186 1147 3248 facile
1190 3186 1541 3260 discuntur,
1577 3187 1682 3247 Cn.
1711 3184 2043 3262 Pompeius
2086 3184 2292 3246 excel-

194 3268 333 3338 leat,
359 3267 732 3345 singularem
755 3271 1081 3347 quamdam
1097 3270 1343 3331 laudem
1367 3279 1428 3332 et
1449 3270 1884 3347 praestabilem
1914 3286 2060 3331 esse
2090 3266 2285 3329 scien·

195 3350 341 3413 tiam
373 3349 435 3411 in
478 3351 876 3425 foederibus,
913 3353 1333 3429 pactionibus,
1379 3353 1849 3415 condicionibus
1896 3353 2292 3430 populorum,

193 3449 442 3514 regum,
484 3437 831 3498 exterarum
864 3436 1209 3514 nationum,
1248 3438 1312 3499 in
1354 3436 1643 3500 universo
1675 3436 1943 3514 denique
1983 3436 2127 3497 belli
2158 3435 2291 3496 iure
