2514 3928
155 227 162 234 ’
209 241 286 295 ss
827 234 990 292 CAP.
1025 241 1285 294 13—150
1329 237 1382 297 s.
1410 239 1669 296 29—35.
2173 232 2285 294 151

214 384 316 444 ille
347 384 525 445 dolor
554 401 729 445 meus
753 385 1083 452 dumtaxat,
1118 391 1381 444 vestrum
1410 383 1656 458 quidem
1686 384 1892 443 scelus
1922 399 1996 443 ac
2020 383 2295 444 dedecus

212 467 560 529 haberetur.
649 468 842 540 Quum
873 483 1018 527 vero
1046 499 1127 510 --
1165 466 1417 527 forsitan
1451 467 1603 538 hoc,
1638 469 1801 542 quod
1835 466 2109 527 dicturus
2137 483 2294 538 sum,

217 551 493 611 mirabile
523 550 734 612 auditu
765 566 908 612 esse
938 551 1236 622 videatur,
1267 550 1379 611 sed
1416 557 1580 610 certe
1612 549 1670 609 id
1702 551 1921 622 dicam,
1954 551 2120 626 quod
2153 567 2293 610 sen·

219 652 298 696 uo
325 667 430 708 —,
464 653 649 710 quum
682 633 863 695 tantis
893 651 931 693 a
959 635 1170 705 vobiS‚
1201 643 1410 708 patres
1443 633 1807 708 conscripti,
1839 633 2155 694 beneficiis
2184 635 2291 694 ad·

225 719 412 778 lectus
445 719 558 778 sim
590 718 896 794 tantisque
923 716 1292 788 honoribus,
1331 733 1449 778 non
1482 716 1668 777 modo
1698 717 1859 776 illam
1893 716 2290 778 calamitatem

207 818 358 862 esse
394 818 512 862 non
547 804 726 875 duco,
760 803 890 873 sed,
923 802 974 862 si
1013 801 1156 877 quid
1187 800 1331 862 mihi
1365 807 1567 876 potest
1596 817 1634 860 a
1661 816 1729 859 re
1760 798 2004 876 publica
2028 816 2171 861 esse
2196 817 2291 860 se·

211 885 520 959 iunctum,
560 887 728 961 quod
761 885 859 945 vix
892 893 1122 960 potest,
1162 884 1439 960 privatim
1467 886 1548 946 ad
1580 899 1780 945 meum
1813 900 2032 944 nomen
2065 900 2286 959 augen-

209 970 390 1042 dum,
435 971 766 1044 optandam
811 969 971 1030 duco
1010 968 1156 1028 mihi
1191 969 1386 1030 luisse
1415 970 1575 1030 illam
1608 969 2142 1045 expetendamque
2172 969 2291 1028 sor·

210 1061 438 1112 tunam.
482 1052 586 1115 33.
614 1057 820 1127 Atque
849 1061 914 1113 ut
943 1059 1109 1112 tuum
1139 1053 1534 1114 laetissimum
1571 1051 1731 1112 diem
1768 1070 1907 1113 cum
1944 1051 2289 1115 tristissimo

211 1153 352 1197 meo
376 1137 710 1207 conseram,
739 1144 938 1196 utrum
968 1136 1208 1195 tandem
1232 1136 1397 1196 bono
1422 1137 1553 1196 viro
1579 1144 1640 1195 et
1673 1136 1932 1211 sapienti
1963 1136 2289 1213 optabilius

210 1228 396 1293 putas
430 1219 523 1278 sic
551 1219 720 1278 exire
750 1234 786 1276 e
822 1216 1046 1291 patria,
1092 1226 1158 1277 ut
1195 1234 1410 1277 omnes
1447 1219 1543 1280 sui
1581 1218 1755 1278 cives
1785 1222 2072 1293 salutem,
2120 1219 2286 1281 inco-

211 1300 579 1372 lumitatem,
620 1300 879 1359 reditum
911 1307 1266 1373 precentur,
1309 1302 1477 1374 quod
1511 1298 1655 1359 mihi
1689 1301 1940 1372 accidit,
1976 1319 2086 1374 an,
2122 1305 2285 1378 quod

214 1382 325 1442 tibi
360 1381 770 1457 proficiscenti
802 1382 1005 1441 evenit
1028 1425 1045 1455 ,
1075 1389 1141 1441 ut
1173 1397 1387 1441 omnes
1416 1392 1911 1455 exsecrarentur,
1958 1385 2114 1445 male
2156 1402 2286 1459 pre-

218 1474 540 1538 carentur,
590 1482 770 1526 unam
814 1464 919 1524 tibi
963 1465 1121 1523 illam
1169 1464 1328 1524 viam
1375 1474 1435 1525 et
1468 1472 1821 1540 perpetuam
1858 1482 2000 1526 esse
2031 1467 2293 1527 vellent?

213 1548 394 1620 Mihi,
440 1548 678 1611 medius
722 1549 936 1621 fidiuS,
966 1547 1027 1609 in
1059 1556 1223 1609 tanto
1254 1547 1523 1609 omnium
1553 1549 1892 1608 mortalium
1924 1548 2104 1620 odio,
2131 1549 2288 1614 iusto

216 1633 576 1708 praesertim
606 1642 666 1693 et
698 1633 921 1701 debito,
962 1631 1219 1707 quaevis
1252 1634 1353 1707 l'u
1321 1648 1396 1691 a
1426 1649 1608 1707 quam
1634 1633 1754 1692 ulla
1785 1632 2102 1706 provincia
2124 1644 2294 1693 esset

217 1715 503 1792 optatior.

340 1801 471 1859 XV.
511 1799 636 1861 Sed
672 1817 858 1875 perge
887 1817 1092 1876 porro.
1178 1800 1328 1860 Nam
1378 1798 1430 1860 si
1472 1799 1619 1861 illud
1660 1816 1859 1861 meum
1904 1797 2288 1861 turbulentis-

221 1884 434 1944 simum
467 1881 1150 1966 tempus[prol'ectionis]
1167 1893 1269 1946 tuo
1301 1882 1800 1959 tranquillissimo
1827 1892 2113 1959 praestat,
2145 1882 2286 1958 quid

216 1970 527 2029 conferam
558 1968 829 2043 reliqua,
860 1984 1016 2044 quae
1045 1967 1106 2029 in
1139 1975 1197 2028 te
1229 1967 1555 2029 dedecoris
1587 1969 1767 2043 plena
1801 1970 2057 2039 suerunt,
2096 1967 2155 2028 in
2192 1984 2289 2027 me

214 2051 568 2127 dignitatis?
611 2049 716 2113 34.
756 2052 857 2112 Me
884 2052 1177 2113 Kalendis
1210 2051 1527 2125 lanuariiS,
1557 2050 1661 2127 qui
1696 2052 1830 2113 dies
1869 2060 2019 2128 post
2059 2050 2287 2112 obitum

215 2151 633 2210 occasumque
662 2144 928 2195 vestrum
961 2136 1046 2196 rei
1081 2134 1363 2210 publicae
1396 2134 1623 2210 primus
1651 2135 1878 2210 illuxit,
1926 2133 2289 2209 frequentis·

217 2219 409 2278 simus
442 2228 726 2291 senatus,
761 2235 1069 2281 concursu
1107 2218 1332 2292 ltaliae,
1364 2220 1663 2279 referente
1693 2218 2033 2280 clarissimo
2064 2234 2136 2277 ac
2168 2218 2287 2278 l'or·

219 2299 453 2362 tissimo
489 2302 653 2375 viro,
680 2302 743 2361 P.
774 2303 1060 2376 Lentulo,
1105 2301 1529 2364 consentiente
1558 2311 1744 2378 atque
1775 2321 1899 2363 una
1927 2318 2083 2363 voce
2112 2316 2288 2364 revo-

219 2384 400 2446 cavit.
487 2385 586 2445 Me
620 2383 779 2446 idem
814 2396 1064 2448 senatus
1081 2385 1318 2468 ,exteris
1348 2385 1726 2458 nationibuS,
1769 2403 1865 2450 me
1906 2385 2122 2461 legatis
2164 2400 2290 2445 ma·

217 2474 706 2550 gistratibusque
735 2475 966 2537 nostris
996 2475 1366 2537 auctoritate
1394 2491 1505 2537 sua
1540 2474 2102 2545 consularibusque
2133 2471 2286 2528 litte-

225 2559 327 2629 ris,
356 2573 499 2631 non,
524 2567 593 2619 ut
618 2567 676 2620 tu
697 2560 954 2620 lnsuber
974 2560 1184 2621 dicere
1203 2575 1502 2628 aususes,
1530 2560 1811 2619 orbatum
1828 2557 2039 2631 patria,
2064 2554 2198 2623 sed,
2225 2558 2295 2613 ut

225 2652 479 2704 senatus
497 2643 639 2703 illo
624 2660 771 2718 ipso
779 2652 1065 2721 tempore
1083 2643 1436 2718 appellavit,
1460 2642 1657 2703 civem
1670 2648 2180 2710 servatoremque
2204 2636 2291 2695 rei

222 2732 506 2807 publicae
532 2730 995 2793 commendavit.
1050 2730 1146 2791 Ad
1181 2744 1378 2787 meam
1408 2726 1586 2786 unius
1619 2725 1882 2787 hominis
1915 2724 2171 2783 salutem
2196 2736 2293 2781 se-

220 2823 401 2875 natus
431 2814 721 2875 auxilium
755 2816 1020 2876 omnium
1056 2812 1280 2874 civium
1311 2820 1529 2871 cuncta
1560 2826 1636 2869 ex
1668 2808 1858 2878 ltalia,
1890 2805 1996 2882 qui
2025 2822 2150 2865 rem
2183 2822 2294 2881 pu·

220 2898 440 2958 blicam
474 2900 705 2958 salvam
737 2915 881 2959 esse
918 2899 1168 2969 vellent,
1210 2894 1482 2955 consulis
1521 2909 1678 2953 voce
1720 2901 1784 2953 et
1827 2888 2036 2951 litteris
2075 2888 2294 2965 implo-

221 2974 481 3042 randum
511 2983 760 3057 putavit.
817 2981 938 3042 Mei
974 2980 1193 3056 capitis
1223 2977 1631 3040 conservandi
1665 2992 1857 3036 causa
1885 2977 2138 3035 Romam
2169 2990 2293 3035 uno

222 3073 494 3141 tempore
557 3066 736 3141 quasi
771 3065 949 3141 signo
982 3065 1123 3125 dato
1154 3062 1324 3125 Italia
1352 3070 1478 3123 tota
1513 3058 1815 3122 convenit.
1905 3061 1996 3120 De
2027 3075 2161 3119 mea
2194 3074 2295 3118 sa·

222 3149 342 3209 lute
383 3147 457 3207 P.-
492 3149 761 3220 Lentuli,
818 3147 1323 3224 praestantissimi
1366 3145 1479 3206 viri
1526 3153 1710 3221 atque
1750 3142 1960 3220 optimi
2002 3140 2300 3212 consuliS,

221 3232 327 3291 Cn.
355 3231 659 3307 Pompeii,
693 3231 1016 3293 clarissimi
1044 3239 1229 3306 atque
1264 3229 1645 3291 invictissimi
1674 3227 1859 3297 civis,
1932 3233 2302 3286 ceterorum·

222 3331 340 3397 que
365 3315 707 3391 principum
743 3315 1003 3376 clvitatis
1027 3313 1461 3376 celeberrimae
1485 3320 1545 3373 et
1564 3310 1948 3387 gratissimae
1976 3311 2297 3369 contiones

223 3399 480 3458 fuerunt.
566 3397 669 3460 35.
704 3400 791 3459 De
835 3415 930 3458 me
975 3405 1225 3459 senatus
1267 3398 1347 3457 ita
1390 3395 1661 3457 decrevit
1701 3395 1805 3453 Cn.
1850 3388 2143 3463 Pompeio
2192 3404 2298 3446 au

224 3489 391 3543 ctore
422 3489 483 3543 et
513 3481 651 3543 eius
672 3484 1010 3545 sententiae
1048 3480 1355 3558 principe,
1386 3490 1481 3553 ut,
1519 3479 1571 3538 si
1604 3476 1742 3552 quis
1776 3472 2135 3547 impedisset
2160 3466 2301 3526 red·

2287 3695 2313 3711 Α
