<?xml version="1.0" encoding="UTF-8"?>
<!DOCTYPE html PUBLIC "-//W3C//DTD XHTML 1.0 Transitional//EN"
    "http://www.w3.org/TR/xhtml1/DTD/xhtml1-transitional.dtd">
<html xmlns="http://www.w3.org/1999/xhtml" xml:lang="en" lang="en">
 <head>
  <title>
</title>
<meta http-equiv="Content-Type" content="text/html;charset=utf-8" />
  <meta name='ocr-system' content='tesseract 3.04.00' />
  <meta name='ocr-capabilities' content='ocr_page ocr_carea ocr_par ocr_line ocrx_word'/>
</head>
<body>
  <div class='ocr_page' id='page_1' title='image "./scriptaquaemans02cicegoog_0301.png"; bbox 0 0 2514 3928; ppageno 0'>
   <div class='ocr_carea' id='block_1_1' title="bbox 167 227 2230 293">
    <p class='ocr_par' dir='ltr' id='par_1_1' title="bbox 167 227 2230 293">
     <span class='ocr_line' id='line_1_1' title="bbox 167 227 2230 293; baseline 0 -3"><span class='ocrx_word' id='word_1_1' title='bbox 167 235 229 293; x_wconf 75' lang='lat'><strong>17</strong></span> <span class='ocrx_word' id='word_1_2' title='bbox 609 238 616 243; x_wconf 77' lang='grc'><strong>’</strong></span> <span class='ocrx_word' id='word_1_3' title='bbox 772 227 937 288; x_wconf 83' lang='grc' dir='ltr'><strong>ΟΑΡ.</strong></span> <span class='ocrx_word' id='word_1_4' title='bbox 971 238 1126 288; x_wconf 88' lang='grc'><strong>10-</strong></span> <span class='ocrx_word' id='word_1_5' title='bbox 1147 236 1231 289; x_wconf 76' lang='lat'><strong>12.</strong></span> <span class='ocrx_word' id='word_1_6' title='bbox 1263 233 1316 293; x_wconf 76' lang='lat'><strong>§-</strong></span> <span class='ocrx_word' id='word_1_7' title='bbox 1346 233 1410 289; x_wconf 80' lang='lat'><strong>27</strong></span> <span class='ocrx_word' id='word_1_8' title='bbox 1425 235 1599 290; x_wconf 75' lang='lat'><strong>-33.</strong></span> <span class='ocrx_word' id='word_1_9' title='bbox 2111 227 2230 291; x_wconf 80' lang='lat'><strong>241</strong></span> 
     </span>
    </p>
   </div>
   <div class='ocr_carea' id='block_1_2' title="bbox 161 375 2248 3456">
    <p class='ocr_par' dir='ltr' id='par_1_2' title="bbox 161 375 2248 3456">
     <span class='ocr_line' id='line_1_2' title="bbox 164 375 2237 454; baseline 0 -15"><span class='ocrx_word' id='word_1_10' title='bbox 164 394 300 440; x_wconf 88' lang='lat' dir='ltr'><strong>nem</strong></span> <span class='ocrx_word' id='word_1_11' title='bbox 342 394 588 452; x_wconf 80' lang='lat' dir='ltr'><strong>semper</strong></span> <span class='ocrx_word' id='word_1_12' title='bbox 628 375 782 451; x_wconf 90' lang='lat' dir='ltr'><strong>vim,</strong></span> <span class='ocrx_word' id='word_1_13' title='bbox 829 392 1216 452; x_wconf 86' lang='lat' dir='ltr'><strong>quacumque</strong></span> <span class='ocrx_word' id='word_1_14' title='bbox 1265 394 1385 452; x_wconf 91' lang='lat' dir='ltr'><strong>ope</strong></span> <span class='ocrx_word' id='word_1_15' title='bbox 1426 384 1712 454; x_wconf 75' lang='lat' dir='ltr'><strong>possent,</strong></span> <span class='ocrx_word' id='word_1_16' title='bbox 1775 394 1814 438; x_wconf 91' lang='lat' dir='ltr'><strong>a</strong></span> <span class='ocrx_word' id='word_1_17' title='bbox 1860 392 2155 454; x_wconf 88' lang='lat' dir='ltr'><strong>corpore,</strong></span> <span class='ocrx_word' id='word_1_18' title='bbox 2201 393 2237 439; x_wconf 83' lang='lat' dir='ltr'><strong>a</strong></span> 
     </span>
     <span class='ocr_line' id='line_1_3' title="bbox 166 460 2236 537; baseline 0 -15"><span class='ocrx_word' id='word_1_19' title='bbox 166 461 386 537; x_wconf 88' lang='lat' dir='ltr'><strong>capite,</strong></span> <span class='ocrx_word' id='word_1_20' title='bbox 422 477 461 520; x_wconf 89' lang='lat' dir='ltr'><strong>a</strong></span> <span class='ocrx_word' id='word_1_21' title='bbox 488 461 612 519; x_wconf 89' lang='lat' dir='ltr'><strong>vita</strong></span> <span class='ocrx_word' id='word_1_22' title='bbox 642 476 757 520; x_wconf 88' lang='lat' dir='ltr'><strong>sua</strong></span> <span class='ocrx_word' id='word_1_23' title='bbox 785 461 1233 535; x_wconf 82' lang='lat' dir='ltr'><strong>propulsarent,</strong></span> <span class='ocrx_word' id='word_1_24' title='bbox 1267 476 1389 520; x_wconf 91' lang='lat' dir='ltr'><strong>non</strong></span> <span class='ocrx_word' id='word_1_25' title='bbox 1420 461 1679 536; x_wconf 90' lang='lat' dir='ltr'><strong>potestis</strong></span> <span class='ocrx_word' id='word_1_26' title='bbox 1710 460 1827 522; x_wconf 90' lang='lat' dir='ltr'><strong>hoe</strong></span> <span class='ocrx_word' id='word_1_27' title='bbox 1857 461 2095 522; x_wconf 74' lang='lat' dir='ltr'><strong>facinus</strong></span> <span class='ocrx_word' id='word_1_28' title='bbox 2125 461 2236 522; x_wconf 88' lang='lat' dir='ltr'><strong>im·</strong></span> 
     </span>
     <span class='ocr_line' id='line_1_4' title="bbox 162 539 2236 621; baseline 0.001 -18"><span class='ocrx_word' id='word_1_29' title='bbox 162 544 425 621; x_wconf 91' lang='lat' dir='ltr'><strong>probum</strong></span> <span class='ocrx_word' id='word_1_30' title='bbox 453 541 727 602; x_wconf 88' lang='lat' dir='ltr'><strong>iudicare</strong></span> <span class='ocrx_word' id='word_1_31' title='bbox 762 541 905 617; x_wconf 91' lang='lat' dir='ltr'><strong>quin</strong></span> <span class='ocrx_word' id='word_1_32' title='bbox 933 541 1111 603; x_wconf 91' lang='lat' dir='ltr'><strong>simul</strong></span> <span class='ocrx_word' id='word_1_33' title='bbox 1139 539 1419 603; x_wconf 80' lang='lat' dir='ltr'><strong>iudicetiS</strong></span> <span class='ocrx_word' id='word_1_34' title='bbox 1450 544 1763 617; x_wconf 78' lang='lat' dir='ltr'><strong>omnibus3</strong></span> <span class='ocrx_word' id='word_1_35' title='bbox 1810 543 1915 620; x_wconf 91' lang='lat' dir='ltr'><strong>qui</strong></span> <span class='ocrx_word' id='word_1_36' title='bbox 1960 545 2022 605; x_wconf 90' lang='lat' dir='ltr'><strong>in</strong></span> <span class='ocrx_word' id='word_1_37' title='bbox 2054 545 2236 607; x_wconf 84' lang='lat' dir='ltr'><strong>latro-</strong></span> 
     </span>
     <span class='ocr_line' id='line_1_5' title="bbox 161 623 2238 699; baseline 0 -12"><span class='ocrx_word' id='word_1_38' title='bbox 161 643 275 687; x_wconf 88' lang='lat' dir='ltr'><strong>nes</strong></span> <span class='ocrx_word' id='word_1_39' title='bbox 326 623 677 699; x_wconf 83' lang='lat' dir='ltr'><strong>inciderint,</strong></span> <span class='ocrx_word' id='word_1_40' title='bbox 717 634 822 686; x_wconf 86' lang='lat' dir='ltr'><strong>aut</strong></span> <span class='ocrx_word' id='word_1_41' title='bbox 860 625 1099 686; x_wconf 88' lang='lat' dir='ltr'><strong>illorum</strong></span> <span class='ocrx_word' id='word_1_42' title='bbox 1135 623 1272 687; x_wconf 88' lang='lat' dir='ltr'><strong>telis</strong></span> <span class='ocrx_word' id='word_1_43' title='bbox 1316 633 1420 687; x_wconf 86' lang='lat' dir='ltr'><strong>aut</strong></span> <span class='ocrx_word' id='word_1_44' title='bbox 1458 625 1682 686; x_wconf 87' lang='lat' dir='ltr'><strong>vestris</strong></span> <span class='ocrx_word' id='word_1_45' title='bbox 1732 626 2046 688; x_wconf 85' lang='lat' dir='ltr'><strong>sententiis</strong></span> <span class='ocrx_word' id='word_1_46' title='bbox 2096 644 2238 688; x_wconf 89' lang='lat' dir='ltr'><strong>esse</strong></span> 
     </span>
     <span class='ocr_line' id='line_1_6' title="bbox 163 707 2239 786; baseline 0 -17"><span class='ocrx_word' id='word_1_47' title='bbox 163 709 559 785; x_wconf 90' lang='lat' dir='ltr'><strong>pereundum.</strong></span> <span class='ocrx_word' id='word_1_48' title='bbox 601 707 703 771; x_wconf 88' lang='lat'><strong>31.</strong></span> <span class='ocrx_word' id='word_1_49' title='bbox 738 709 914 783; x_wconf 81' lang='lat' dir='ltr'><strong>Quod</strong></span> <span class='ocrx_word' id='word_1_50' title='bbox 950 708 1003 770; x_wconf 91' lang='lat' dir='ltr'><strong>si</strong></span> <span class='ocrx_word' id='word_1_51' title='bbox 1038 708 1118 770; x_wconf 85' lang='lat' dir='ltr'><strong>ita</strong></span> <span class='ocrx_word' id='word_1_52' title='bbox 1149 715 1444 786; x_wconf 87' lang='lat' dir='ltr'><strong>putasset,</strong></span> <span class='ocrx_word' id='word_1_53' title='bbox 1477 716 1640 770; x_wconf 91' lang='lat' dir='ltr'><strong>certe</strong></span> <span class='ocrx_word' id='word_1_54' title='bbox 1675 707 2003 784; x_wconf 82' lang='lat' dir='ltr'><strong>optabilius</strong></span> <span class='ocrx_word' id='word_1_55' title='bbox 2029 709 2239 771; x_wconf 89' lang='lat' dir='ltr'><strong>Miloni</strong></span> 
     </span>
     <span class='ocr_line' id='line_1_7' title="bbox 166 790 2240 868; baseline 0 -16"><span class='ocrx_word' id='word_1_56' title='bbox 166 792 277 854; x_wconf 77' lang='lat' dir='ltr'><strong>fuit</strong></span> <span class='ocrx_word' id='word_1_57' title='bbox 320 793 468 852; x_wconf 86' lang='lat' dir='ltr'><strong>dare</strong></span> <span class='ocrx_word' id='word_1_58' title='bbox 506 790 777 868; x_wconf 80' lang='lat' dir='ltr'><strong>iugulum</strong></span> <span class='ocrx_word' id='word_1_59' title='bbox 805 792 870 852; x_wconf 90' lang='lat' dir='ltr'><strong>P.</strong></span> <span class='ocrx_word' id='word_1_60' title='bbox 905 791 1146 868; x_wconf 86' lang='lat' dir='ltr'><strong>Clodio,</strong></span> <span class='ocrx_word' id='word_1_61' title='bbox 1190 810 1314 854; x_wconf 92' lang='lat' dir='ltr'><strong>non</strong></span> <span class='ocrx_word' id='word_1_62' title='bbox 1367 793 1557 854; x_wconf 88' lang='lat' dir='ltr'><strong>semel</strong></span> <span class='ocrx_word' id='word_1_63' title='bbox 1603 794 1681 852; x_wconf 89' lang='lat' dir='ltr'><strong>ab</strong></span> <span class='ocrx_word' id='word_1_64' title='bbox 1721 791 1825 852; x_wconf 85' lang='lat' dir='ltr'><strong>illo</strong></span> <span class='ocrx_word' id='word_1_65' title='bbox 1869 807 2071 868; x_wconf 90' lang='lat' dir='ltr'><strong>neque</strong></span> <span class='ocrx_word' id='word_1_66' title='bbox 2117 801 2240 853; x_wconf 91' lang='lat' dir='ltr'><strong>tum</strong></span> 
     </span>
     <span class='ocr_line' id='line_1_8' title="bbox 163 873 2240 953; baseline 0 -19"><span class='ocrx_word' id='word_1_67' title='bbox 163 873 421 953; x_wconf 90' lang='lat' dir='ltr'><strong>primum</strong></span> <span class='ocrx_word' id='word_1_68' title='bbox 443 876 714 953; x_wconf 89' lang='lat' dir='ltr'><strong>petitum,</strong></span> <span class='ocrx_word' id='word_1_69' title='bbox 749 893 929 952; x_wconf 87' lang='lat' dir='ltr'><strong>quam</strong></span> <span class='ocrx_word' id='word_1_70' title='bbox 958 875 1216 952; x_wconf 84' lang='lat' dir='ltr'><strong>iugulari</strong></span> <span class='ocrx_word' id='word_1_71' title='bbox 1247 893 1285 937; x_wconf 87' lang='lat' dir='ltr'><strong>a</strong></span> <span class='ocrx_word' id='word_1_72' title='bbox 1312 876 1509 951; x_wconf 90' lang='lat' dir='ltr'><strong>vobis,</strong></span> <span class='ocrx_word' id='word_1_73' title='bbox 1545 877 1688 952; x_wconf 89' lang='lat' dir='ltr'><strong>quia</strong></span> <span class='ocrx_word' id='word_1_74' title='bbox 1717 891 1788 936; x_wconf 90' lang='lat' dir='ltr'><strong>se</strong></span> <span class='ocrx_word' id='word_1_75' title='bbox 1811 890 1936 935; x_wconf 91' lang='lat' dir='ltr'><strong>non</strong></span> <span class='ocrx_word' id='word_1_76' title='bbox 1965 875 2240 950; x_wconf 87' lang='lat' dir='ltr'><strong>iugulan—</strong></span> 
     </span>
     <span class='ocr_line' id='line_1_9' title="bbox 165 957 2239 1033; baseline 0 -14"><span class='ocrx_word' id='word_1_77' title='bbox 165 960 308 1019; x_wconf 88' lang='lat' dir='ltr'><strong>dum</strong></span> <span class='ocrx_word' id='word_1_78' title='bbox 348 958 433 1020; x_wconf 89' lang='lat' dir='ltr'><strong>illi</strong></span> <span class='ocrx_word' id='word_1_79' title='bbox 468 957 839 1022; x_wconf 83' lang='lat' dir='ltr'><strong>tradidisset.</strong></span> <span class='ocrx_word' id='word_1_80' title='bbox 928 959 1036 1020; x_wconf 89' lang='lat' dir='ltr'><strong>Sin</strong></span> <span class='ocrx_word' id='word_1_81' title='bbox 1077 960 1195 1021; x_wconf 90' lang='lat' dir='ltr'><strong>hoc</strong></span> <span class='ocrx_word' id='word_1_82' title='bbox 1226 977 1405 1022; x_wconf 88' lang='lat' dir='ltr'><strong>nemo</strong></span> <span class='ocrx_word' id='word_1_83' title='bbox 1441 967 1715 1022; x_wconf 88' lang='lat' dir='ltr'><strong>vestrum</strong></span> <span class='ocrx_word' id='word_1_84' title='bbox 1743 959 1827 1020; x_wconf 86' lang='lat' dir='ltr'><strong>ita</strong></span> <span class='ocrx_word' id='word_1_85' title='bbox 1861 957 2061 1033; x_wconf 89' lang='lat' dir='ltr'><strong>sentit,</strong></span> <span class='ocrx_word' id='word_1_86' title='bbox 2092 959 2239 1020; x_wconf 88' lang='lat' dir='ltr'><strong>illud</strong></span> 
     </span>
     <span class='ocr_line' id='line_1_10' title="bbox 162 1041 2241 1126; baseline 0 -24"><span class='ocrx_word' id='word_1_87' title='bbox 162 1041 281 1103; x_wconf 84' lang='lat' dir='ltr'><strong>iam</strong></span> <span class='ocrx_word' id='word_1_88' title='bbox 312 1042 373 1103; x_wconf 93' lang='lat' dir='ltr'><strong>in</strong></span> <span class='ocrx_word' id='word_1_89' title='bbox 402 1041 693 1126; x_wconf 84' lang='lat' dir='ltr'><strong>iudicium</strong></span> <span class='ocrx_word' id='word_1_90' title='bbox 724 1043 915 1117; x_wconf 89' lang='lat' dir='ltr'><strong>venit,</strong></span> <span class='ocrx_word' id='word_1_91' title='bbox 960 1061 1083 1105; x_wconf 92' lang='lat' dir='ltr'><strong>non</strong></span> <span class='ocrx_word' id='word_1_92' title='bbox 1114 1045 1441 1106; x_wconf 83' lang='lat' dir='ltr'><strong>occisusne</strong></span> <span class='ocrx_word' id='word_1_93' title='bbox 1471 1043 1579 1118; x_wconf 89' lang='lat' dir='ltr'><strong>sit,</strong></span> <span class='ocrx_word' id='word_1_94' title='bbox 1608 1043 1777 1120; x_wconf 87' lang='lat' dir='ltr'><strong>quod</strong></span> <span class='ocrx_word' id='word_1_95' title='bbox 1808 1043 2094 1116; x_wconf 83' lang='lat' dir='ltr'><strong>fatemur,</strong></span> <span class='ocrx_word' id='word_1_96' title='bbox 2126 1042 2241 1103; x_wconf 86' lang='lat' dir='ltr'><strong>sed</strong></span> 
     </span>
     <span class='ocr_line' id='line_1_11' title="bbox 161 1125 2239 1203; baseline -0 -17"><span class='ocrx_word' id='word_1_97' title='bbox 161 1125 293 1188; x_wconf 90' lang='lat' dir='ltr'><strong>iure</strong></span> <span class='ocrx_word' id='word_1_98' title='bbox 321 1144 399 1186; x_wconf 89' lang='lat' dir='ltr'><strong>an</strong></span> <span class='ocrx_word' id='word_1_99' title='bbox 427 1126 676 1201; x_wconf 90' lang='lat' dir='ltr'><strong>iniuria,</strong></span> <span class='ocrx_word' id='word_1_100' title='bbox 721 1126 890 1202; x_wconf 90' lang='lat' dir='ltr'><strong>quod</strong></span> <span class='ocrx_word' id='word_1_101' title='bbox 934 1126 1136 1187; x_wconf 89' lang='lat' dir='ltr'><strong>multis</strong></span> <span class='ocrx_word' id='word_1_102' title='bbox 1172 1128 1233 1186; x_wconf 91' lang='lat' dir='ltr'><strong>in</strong></span> <span class='ocrx_word' id='word_1_103' title='bbox 1284 1125 1491 1188; x_wconf 88' lang='lat' dir='ltr'><strong>causis</strong></span> <span class='ocrx_word' id='word_1_104' title='bbox 1535 1143 1724 1202; x_wconf 88' lang='lat' dir='ltr'><strong>saepe</strong></span> <span class='ocrx_word' id='word_1_105' title='bbox 1755 1126 2096 1203; x_wconf 90' lang='lat' dir='ltr'><strong>quaesitum</strong></span> <span class='ocrx_word' id='word_1_106' title='bbox 2126 1133 2239 1186; x_wconf 89' lang='lat' dir='ltr'><strong>est.</strong></span> 
     </span>
     <span class='ocr_line' id='line_1_12' title="bbox 165 1208 2241 1284; baseline 0.001 -15"><span class='ocrx_word' id='word_1_107' title='bbox 165 1208 428 1270; x_wconf 81' lang='lat' dir='ltr'><strong>Insidias</strong></span> <span class='ocrx_word' id='word_1_108' title='bbox 463 1212 655 1271; x_wconf 84' lang='lat' dir='ltr'><strong>factas</strong></span> <span class='ocrx_word' id='word_1_109' title='bbox 686 1224 830 1270; x_wconf 89' lang='lat' dir='ltr'><strong>esse</strong></span> <span class='ocrx_word' id='word_1_110' title='bbox 860 1217 1129 1282; x_wconf 88' lang='lat' dir='ltr'><strong>constat,</strong></span> <span class='ocrx_word' id='word_1_111' title='bbox 1174 1218 1234 1269; x_wconf 91' lang='lat' dir='ltr'><strong>et</strong></span> <span class='ocrx_word' id='word_1_112' title='bbox 1262 1208 1326 1269; x_wconf 91' lang='lat' dir='ltr'><strong>id</strong></span> <span class='ocrx_word' id='word_1_113' title='bbox 1357 1217 1482 1283; x_wconf 91' lang='lat' dir='ltr'><strong>est,</strong></span> <span class='ocrx_word' id='word_1_114' title='bbox 1527 1210 1692 1284; x_wconf 90' lang='lat' dir='ltr'><strong>quod</strong></span> <span class='ocrx_word' id='word_1_115' title='bbox 1735 1217 1985 1272; x_wconf 90' lang='lat' dir='ltr'><strong>senatus</strong></span> <span class='ocrx_word' id='word_1_116' title='bbox 2029 1216 2241 1272; x_wconf 89' lang='lat' dir='ltr'><strong>contra</strong></span> 
     </span>
     <span class='ocr_line' id='line_1_13' title="bbox 162 1289 2241 1367; baseline 0.001 -16"><span class='ocrx_word' id='word_1_117' title='bbox 162 1308 294 1352; x_wconf 92' lang='lat' dir='ltr'><strong>rem</strong></span> <span class='ocrx_word' id='word_1_118' title='bbox 322 1292 629 1367; x_wconf 85' lang='lat' dir='ltr'><strong>publicam</strong></span> <span class='ocrx_word' id='word_1_119' title='bbox 660 1293 883 1352; x_wconf 81' lang='lat' dir='ltr'><strong>factum</strong></span> <span class='ocrx_word' id='word_1_120' title='bbox 906 1289 1225 1351; x_wconf 80' lang='lat' dir='ltr'><strong>iudicavit:</strong></span> <span class='ocrx_word' id='word_1_121' title='bbox 1269 1293 1347 1352; x_wconf 88' lang='lat' dir='ltr'><strong>ab</strong></span> <span class='ocrx_word' id='word_1_122' title='bbox 1381 1299 1516 1354; x_wconf 91' lang='lat' dir='ltr'><strong>utro</strong></span> <span class='ocrx_word' id='word_1_123' title='bbox 1554 1294 1750 1354; x_wconf 84' lang='lat' dir='ltr'><strong>factae</strong></span> <span class='ocrx_word' id='word_1_124' title='bbox 1787 1291 1907 1352; x_wconf 91' lang='lat' dir='ltr'><strong>sint</strong></span> <span class='ocrx_word' id='word_1_125' title='bbox 1944 1291 2241 1354; x_wconf 86' lang='lat' dir='ltr'><strong>incertum</strong></span> 
     </span>
     <span class='ocr_line' id='line_1_14' title="bbox 164 1373 2242 1450; baseline 0 -15"><span class='ocrx_word' id='word_1_126' title='bbox 164 1383 279 1435; x_wconf 86' lang='lat' dir='ltr'><strong>est.</strong></span> <span class='ocrx_word' id='word_1_127' title='bbox 365 1377 456 1436; x_wconf 91' lang='lat' dir='ltr'><strong>De</strong></span> <span class='ocrx_word' id='word_1_128' title='bbox 484 1375 603 1436; x_wconf 89' lang='lat' dir='ltr'><strong>hoc</strong></span> <span class='ocrx_word' id='word_1_129' title='bbox 623 1373 805 1450; x_wconf 83' lang='lat' dir='ltr'><strong>igitur</strong></span> <span class='ocrx_word' id='word_1_130' title='bbox 830 1375 1017 1435; x_wconf 88' lang='lat' dir='ltr'><strong>latum</strong></span> <span class='ocrx_word' id='word_1_131' title='bbox 1046 1381 1141 1434; x_wconf 92' lang='lat' dir='ltr'><strong>est</strong></span> <span class='ocrx_word' id='word_1_132' title='bbox 1169 1381 1237 1434; x_wconf 90' lang='lat' dir='ltr'><strong>ut</strong></span> <span class='ocrx_word' id='word_1_133' title='bbox 1285 1382 1698 1450; x_wconf 87' lang='lat' dir='ltr'><strong>quaereretur.</strong></span> <span class='ocrx_word' id='word_1_134' title='bbox 1782 1375 1873 1434; x_wconf 89' lang='lat' dir='ltr'><strong>Ita</strong></span> <span class='ocrx_word' id='word_1_135' title='bbox 1901 1382 1962 1435; x_wconf 92' lang='lat' dir='ltr'><strong>et</strong></span> <span class='ocrx_word' id='word_1_136' title='bbox 1991 1383 2242 1436; x_wconf 87' lang='lat' dir='ltr'><strong>senatus</strong></span> 
     </span>
     <span class='ocr_line' id='line_1_15' title="bbox 164 1455 2241 1539; baseline 0 -21"><span class='ocrx_word' id='word_1_137' title='bbox 164 1475 328 1532; x_wconf 90' lang='lat' dir='ltr'><strong>rem,</strong></span> <span class='ocrx_word' id='word_1_138' title='bbox 378 1475 499 1520; x_wconf 90' lang='lat' dir='ltr'><strong>non</strong></span> <span class='ocrx_word' id='word_1_139' title='bbox 540 1456 846 1519; x_wconf 91' lang='lat' dir='ltr'><strong>hominem</strong></span> <span class='ocrx_word' id='word_1_140' title='bbox 876 1456 1108 1518; x_wconf 88' lang='lat' dir='ltr'><strong>notavit</strong></span> <span class='ocrx_word' id='word_1_141' title='bbox 1137 1465 1196 1518; x_wconf 92' lang='lat' dir='ltr'><strong>et</strong></span> <span class='ocrx_word' id='word_1_142' title='bbox 1219 1456 1550 1533; x_wconf 89' lang='lat' dir='ltr'><strong>Pompeius</strong></span> <span class='ocrx_word' id='word_1_143' title='bbox 1580 1457 1660 1517; x_wconf 88' lang='lat' dir='ltr'><strong>de</strong></span> <span class='ocrx_word' id='word_1_144' title='bbox 1688 1455 1849 1532; x_wconf 92' lang='lat' dir='ltr'><strong>iure,</strong></span> <span class='ocrx_word' id='word_1_145' title='bbox 1886 1475 2010 1539; x_wconf 86' lang='lat' dir='ltr'><strong>non</strong></span> <span class='ocrx_word' id='word_1_146' title='bbox 2047 1459 2124 1518; x_wconf 91' lang='lat' dir='ltr'><strong>de</strong></span> <span class='ocrx_word' id='word_1_147' title='bbox 2157 1459 2241 1518; x_wconf 84' lang='lat' dir='ltr'><strong>fa-</strong></span> 
     </span>
     <span class='ocr_line' id='line_1_16' title="bbox 164 1538 2243 1617; baseline 0 -15"><span class='ocrx_word' id='word_1_148' title='bbox 164 1550 264 1604; x_wconf 90' lang='lat' dir='ltr'><strong>cto</strong></span> <span class='ocrx_word' id='word_1_149' title='bbox 299 1541 722 1617; x_wconf 89' lang='lat' dir='ltr'><strong>quaestionem</strong></span> <span class='ocrx_word' id='word_1_150' title='bbox 751 1539 900 1602; x_wconf 90' lang='lat' dir='ltr'><strong>tulit.</strong></span> <span class='ocrx_word' id='word_1_151' title='bbox 942 1541 1068 1600; x_wconf 92' lang='lat' dir='ltr'><strong>XII.</strong></span> <span class='ocrx_word' id='word_1_152' title='bbox 1098 1540 1253 1602; x_wconf 91' lang='lat' dir='ltr'><strong>Num</strong></span> <span class='ocrx_word' id='word_1_153' title='bbox 1278 1540 1425 1616; x_wconf 89' lang='lat' dir='ltr'><strong>quid</strong></span> <span class='ocrx_word' id='word_1_154' title='bbox 1455 1539 1638 1616; x_wconf 84' lang='lat' dir='ltr'><strong>igitur</strong></span> <span class='ocrx_word' id='word_1_155' title='bbox 1667 1538 1831 1601; x_wconf 87' lang='lat' dir='ltr'><strong>aliud</strong></span> <span class='ocrx_word' id='word_1_156' title='bbox 1861 1539 1922 1600; x_wconf 93' lang='lat' dir='ltr'><strong>in</strong></span> <span class='ocrx_word' id='word_1_157' title='bbox 1952 1539 2243 1602; x_wconf 89' lang='lat' dir='ltr'><strong>iudicium</strong></span> 
     </span>
     <span class='ocr_line' id='line_1_17' title="bbox 161 1622 2244 1696; baseline 0 -12"><span class='ocrx_word' id='word_1_158' title='bbox 161 1624 331 1687; x_wconf 89' lang='lat' dir='ltr'><strong>venit</strong></span> <span class='ocrx_word' id='word_1_159' title='bbox 358 1626 474 1686; x_wconf 90' lang='lat' dir='ltr'><strong>nisi</strong></span> <span class='ocrx_word' id='word_1_160' title='bbox 504 1632 639 1687; x_wconf 91' lang='lat' dir='ltr'><strong>uter</strong></span> <span class='ocrx_word' id='word_1_161' title='bbox 664 1623 780 1686; x_wconf 90' lang='lat' dir='ltr'><strong>utri</strong></span> <span class='ocrx_word' id='word_1_162' title='bbox 819 1623 1077 1686; x_wconf 87' lang='lat' dir='ltr'><strong>insidias</strong></span> <span class='ocrx_word' id='word_1_163' title='bbox 1102 1623 1358 1686; x_wconf 71' lang='lat' dir='ltr'><strong>fecerit?</strong></span> <span class='ocrx_word' id='word_1_164' title='bbox 1394 1624 1674 1686; x_wconf 85' lang='lat' dir='ltr'><strong>Profecto</strong></span> <span class='ocrx_word' id='word_1_165' title='bbox 1699 1623 1877 1682; x_wconf 73' lang='lat' dir='ltr'><strong>nihilz</strong></span> <span class='ocrx_word' id='word_1_166' title='bbox 1924 1623 1977 1683; x_wconf 90' lang='lat' dir='ltr'><strong>si</strong></span> <span class='ocrx_word' id='word_1_167' title='bbox 2010 1622 2110 1684; x_wconf 88' lang='lat' dir='ltr'><strong>hic</strong></span> <span class='ocrx_word' id='word_1_168' title='bbox 2140 1622 2244 1696; x_wconf 84' lang='lat' dir='ltr'><strong>illi,</strong></span> 
     </span>
     <span class='ocr_line' id='line_1_18' title="bbox 162 1706 2137 1785; baseline -0.002 -18"><span class='ocrx_word' id='word_1_169' title='bbox 162 1717 227 1770; x_wconf 93' lang='lat' dir='ltr'><strong>ut</strong></span> <span class='ocrx_word' id='word_1_170' title='bbox 256 1725 334 1769; x_wconf 93' lang='lat' dir='ltr'><strong>ne</strong></span> <span class='ocrx_word' id='word_1_171' title='bbox 360 1709 442 1771; x_wconf 89' lang='lat' dir='ltr'><strong>sit</strong></span> <span class='ocrx_word' id='word_1_172' title='bbox 470 1708 753 1785; x_wconf 88' lang='lat' dir='ltr'><strong>impune:</strong></span> <span class='ocrx_word' id='word_1_173' title='bbox 786 1707 839 1768; x_wconf 90' lang='lat' dir='ltr'><strong>si</strong></span> <span class='ocrx_word' id='word_1_174' title='bbox 869 1709 971 1768; x_wconf 90' lang='lat' dir='ltr'><strong>ille</strong></span> <span class='ocrx_word' id='word_1_175' title='bbox 997 1706 1160 1783; x_wconf 88' lang='lat' dir='ltr'><strong>huic,</strong></span> <span class='ocrx_word' id='word_1_176' title='bbox 1197 1716 1265 1770; x_wconf 91' lang='lat' dir='ltr'><strong>ut</strong></span> <span class='ocrx_word' id='word_1_177' title='bbox 1295 1709 1532 1770; x_wconf 90' lang='lat' dir='ltr'><strong>scelere</strong></span> <span class='ocrx_word' id='word_1_178' title='bbox 1562 1709 1893 1770; x_wconf 82' lang='lat' dir='ltr'><strong>solvamur.</strong></span> <span class='ocrx_word' id='word_1_179' title='bbox 2129 1727 2137 1735; x_wconf 90' lang='lat'><strong>·</strong></span> 
     </span>
     <span class='ocr_line' id='line_1_19' title="bbox 289 1789 2243 1868; baseline -0.002 -13"><span class='ocrx_word' id='word_1_180' title='bbox 289 1791 392 1855; x_wconf 78' lang='lat'><strong>32.</strong></span> <span class='ocrx_word' id='word_1_181' title='bbox 441 1794 715 1868; x_wconf 81' lang='lat' dir='ltr'><strong>Quonam</strong></span> <span class='ocrx_word' id='word_1_182' title='bbox 757 1789 939 1866; x_wconf 84' lang='lat' dir='ltr'><strong>igitur</strong></span> <span class='ocrx_word' id='word_1_183' title='bbox 976 1798 1159 1868; x_wconf 87' lang='lat' dir='ltr'><strong>pacto</strong></span> <span class='ocrx_word' id='word_1_184' title='bbox 1201 1790 1453 1868; x_wconf 88' lang='lat' dir='ltr'><strong>probari</strong></span> <span class='ocrx_word' id='word_1_185' title='bbox 1496 1797 1702 1867; x_wconf 88' lang='lat' dir='ltr'><strong>potest</strong></span> <span class='ocrx_word' id='word_1_186' title='bbox 1740 1789 1999 1852; x_wconf 89' lang='lat' dir='ltr'><strong>insidias</strong></span> <span class='ocrx_word' id='word_1_187' title='bbox 2032 1790 2243 1853; x_wconf 86' lang='lat' dir='ltr'><strong>Miloni</strong></span> 
     </span>
     <span class='ocr_line' id='line_1_20' title="bbox 171 1873 2243 1951; baseline 0 -15"><span class='ocrx_word' id='word_1_188' title='bbox 171 1875 392 1937; x_wconf 80' lang='lat' dir='ltr'><strong>recisse</strong></span> <span class='ocrx_word' id='word_1_189' title='bbox 427 1876 746 1938; x_wconf 69' lang='lat' dir='ltr'><strong>Clodium?</strong></span> <span class='ocrx_word' id='word_1_190' title='bbox 792 1874 955 1937; x_wconf 88' lang='lat' dir='ltr'><strong>Satis</strong></span> <span class='ocrx_word' id='word_1_191' title='bbox 996 1882 1092 1937; x_wconf 90' lang='lat' dir='ltr'><strong>est</strong></span> <span class='ocrx_word' id='word_1_192' title='bbox 1129 1874 1191 1935; x_wconf 92' lang='lat' dir='ltr'><strong>in</strong></span> <span class='ocrx_word' id='word_1_193' title='bbox 1232 1876 1336 1936; x_wconf 90' lang='lat' dir='ltr'><strong>illa</strong></span> <span class='ocrx_word' id='word_1_194' title='bbox 1375 1874 1621 1951; x_wconf 91' lang='lat' dir='ltr'><strong>quidem</strong></span> <span class='ocrx_word' id='word_1_195' title='bbox 1663 1882 1783 1937; x_wconf 89' lang='lat' dir='ltr'><strong>tam</strong></span> <span class='ocrx_word' id='word_1_196' title='bbox 1824 1873 2077 1949; x_wconf 88' lang='lat' dir='ltr'><strong>audaci,</strong></span> <span class='ocrx_word' id='word_1_197' title='bbox 2121 1883 2243 1936; x_wconf 85' lang='lat' dir='ltr'><strong>tam</strong></span> 
     </span>
     <span class='ocr_line' id='line_1_21' title="bbox 166 1958 2240 2035; baseline 0 -15"><span class='ocrx_word' id='word_1_198' title='bbox 166 1958 398 2020; x_wconf 80' lang='lat' dir='ltr'><strong>nefaria</strong></span> <span class='ocrx_word' id='word_1_199' title='bbox 435 1961 617 2021; x_wconf 88' lang='lat' dir='ltr'><strong>belua</strong></span> <span class='ocrx_word' id='word_1_200' title='bbox 659 1961 913 2031; x_wconf 89' lang='lat' dir='ltr'><strong>docere,</strong></span> <span class='ocrx_word' id='word_1_201' title='bbox 950 1976 1229 2035; x_wconf 82' lang='lat' dir='ltr'><strong>magnam</strong></span> <span class='ocrx_word' id='word_1_202' title='bbox 1260 1961 1316 2020; x_wconf 92' lang='lat' dir='ltr'><strong>ei</strong></span> <span class='ocrx_word' id='word_1_203' title='bbox 1346 1976 1626 2034; x_wconf 87' lang='lat' dir='ltr'><strong>causam,</strong></span> <span class='ocrx_word' id='word_1_204' title='bbox 1648 1958 1930 2035; x_wconf 82' lang='lat' dir='ltr'><strong>magnam</strong></span> <span class='ocrx_word' id='word_1_205' title='bbox 1968 1975 2142 2034; x_wconf 87' lang='lat' dir='ltr'><strong>spem</strong></span> <span class='ocrx_word' id='word_1_206' title='bbox 2180 1958 2240 2021; x_wconf 93' lang='lat' dir='ltr'><strong>in</strong></span> 
     </span>
     <span class='ocr_line' id='line_1_22' title="bbox 165 2039 2243 2118; baseline 0.001 -15"><span class='ocrx_word' id='word_1_207' title='bbox 165 2041 415 2103; x_wconf 81' lang='lat' dir='ltr'><strong>Milonis</strong></span> <span class='ocrx_word' id='word_1_208' title='bbox 448 2048 641 2104; x_wconf 89' lang='lat' dir='ltr'><strong>morte</strong></span> <span class='ocrx_word' id='word_1_209' title='bbox 670 2039 1076 2117; x_wconf 88' lang='lat' dir='ltr'><strong>propositam,</strong></span> <span class='ocrx_word' id='word_1_210' title='bbox 1116 2058 1370 2117; x_wconf 84' lang='lat' dir='ltr'><strong>magnas</strong></span> <span class='ocrx_word' id='word_1_211' title='bbox 1411 2042 1698 2105; x_wconf 83' lang='lat' dir='ltr'><strong>utilitates</strong></span> <span class='ocrx_word' id='word_1_212' title='bbox 1728 2043 1940 2105; x_wconf 82' lang='lat' dir='ltr'><strong>fuisse.</strong></span> <span class='ocrx_word' id='word_1_213' title='bbox 2028 2044 2243 2118; x_wconf 87' lang='lat' dir='ltr'><strong>Itaque</strong></span> 
     </span>
     <span class='ocr_line' id='line_1_23' title="bbox 165 2124 2242 2202; baseline -0 -15"><span class='ocrx_word' id='word_1_214' title='bbox 165 2125 316 2187; x_wconf 90' lang='lat' dir='ltr'><strong>illud</strong></span> <span class='ocrx_word' id='word_1_215' title='bbox 346 2124 735 2198; x_wconf 86' lang='lat' dir='ltr'><strong>Cassianum,</strong></span> <span class='ocrx_word' id='word_1_216' title='bbox 779 2128 882 2186; x_wconf 76' lang='lat' dir='ltr'><strong>cui</strong></span> <span class='ocrx_word' id='word_1_217' title='bbox 904 2126 1050 2187; x_wconf 83' lang='lat' dir='ltr'><strong>bono</strong></span> <span class='ocrx_word' id='word_1_218' title='bbox 1070 2126 1293 2202; x_wconf 77' lang='lat' dir='ltr'><strong>fuerit,</strong></span> <span class='ocrx_word' id='word_1_219' title='bbox 1333 2125 1394 2188; x_wconf 89' lang='lat' dir='ltr'><strong>in</strong></span> <span class='ocrx_word' id='word_1_220' title='bbox 1426 2126 1520 2186; x_wconf 89' lang='lat' dir='ltr'><strong>his</strong></span> <span class='ocrx_word' id='word_1_221' title='bbox 1552 2125 1838 2201; x_wconf 89' lang='lat' dir='ltr'><strong>personis</strong></span> <span class='ocrx_word' id='word_1_222' title='bbox 1873 2126 2098 2201; x_wconf 89' lang='lat' dir='ltr'><strong>valeat,</strong></span> <span class='ocrx_word' id='word_1_223' title='bbox 2128 2126 2242 2187; x_wconf 88' lang='lat' dir='ltr'><strong>etsi</strong></span> 
     </span>
     <span class='ocr_line' id='line_1_24' title="bbox 166 2205 2243 2286; baseline 0 -16"><span class='ocrx_word' id='word_1_224' title='bbox 166 2205 312 2270; x_wconf 91' lang='lat' dir='ltr'><strong>boni</strong></span> <span class='ocrx_word' id='word_1_225' title='bbox 335 2208 499 2270; x_wconf 90' lang='lat' dir='ltr'><strong>nullo</strong></span> <span class='ocrx_word' id='word_1_226' title='bbox 526 2209 933 2270; x_wconf 90' lang='lat' dir='ltr'><strong>emolumento</strong></span> <span class='ocrx_word' id='word_1_227' title='bbox 956 2207 1344 2285; x_wconf 88' lang='lat' dir='ltr'><strong>impelluntur</strong></span> <span class='ocrx_word' id='word_1_228' title='bbox 1368 2209 1429 2269; x_wconf 90' lang='lat' dir='ltr'><strong>in</strong></span> <span class='ocrx_word' id='word_1_229' title='bbox 1454 2210 1746 2284; x_wconf 81' lang='lat' dir='ltr'><strong>fraudem,</strong></span> <span class='ocrx_word' id='word_1_230' title='bbox 1772 2207 2033 2285; x_wconf 88' lang='lat' dir='ltr'><strong>improbi</strong></span> <span class='ocrx_word' id='word_1_231' title='bbox 2051 2226 2243 2286; x_wconf 87' lang='lat' dir='ltr'><strong>saepe</strong></span> 
     </span>
     <span class='ocr_line' id='line_1_25' title="bbox 170 2290 2240 2369; baseline 0 -16"><span class='ocrx_word' id='word_1_232' title='bbox 170 2308 385 2369; x_wconf 84' lang='lat' dir='ltr'><strong>parvo.</strong></span> <span class='ocrx_word' id='word_1_233' title='bbox 468 2290 659 2367; x_wconf 87' lang='lat' dir='ltr'><strong>Atqui</strong></span> <span class='ocrx_word' id='word_1_234' title='bbox 684 2290 913 2353; x_wconf 88' lang='lat' dir='ltr'><strong>Milone</strong></span> <span class='ocrx_word' id='word_1_235' title='bbox 954 2290 1272 2355; x_wconf 78' lang='lat' dir='ltr'><strong>intersecto</strong></span> <span class='ocrx_word' id='word_1_236' title='bbox 1307 2291 1555 2355; x_wconf 87' lang='lat' dir='ltr'><strong>Clodius</strong></span> <span class='ocrx_word' id='word_1_237' title='bbox 1577 2292 1733 2355; x_wconf 83' lang='lat' dir='ltr'><strong>haec</strong></span> <span class='ocrx_word' id='word_1_238' title='bbox 1767 2293 2240 2369; x_wconf 86' lang='lat' dir='ltr'><strong>adsequebatur,</strong></span> 
     </span>
     <span class='ocr_line' id='line_1_26' title="bbox 169 2373 2246 2453; baseline -0 -17"><span class='ocrx_word' id='word_1_239' title='bbox 169 2391 290 2437; x_wconf 87' lang='lat' dir='ltr'><strong>non</strong></span> <span class='ocrx_word' id='word_1_240' title='bbox 322 2376 507 2437; x_wconf 88' lang='lat' dir='ltr'><strong>modo</strong></span> <span class='ocrx_word' id='word_1_241' title='bbox 536 2383 603 2438; x_wconf 90' lang='lat' dir='ltr'><strong>ut</strong></span> <span class='ocrx_word' id='word_1_242' title='bbox 631 2384 882 2451; x_wconf 86' lang='lat' dir='ltr'><strong>praetor</strong></span> <span class='ocrx_word' id='word_1_243' title='bbox 911 2384 1079 2437; x_wconf 90' lang='lat' dir='ltr'><strong>esset</strong></span> <span class='ocrx_word' id='word_1_244' title='bbox 1119 2394 1242 2438; x_wconf 92' lang='lat' dir='ltr'><strong>non</strong></span> <span class='ocrx_word' id='word_1_245' title='bbox 1280 2394 1355 2439; x_wconf 93' lang='lat' dir='ltr'><strong>eo</strong></span> <span class='ocrx_word' id='word_1_246' title='bbox 1379 2379 1667 2451; x_wconf 88' lang='lat' dir='ltr'><strong>consule,</strong></span> <span class='ocrx_word' id='word_1_247' title='bbox 1711 2393 1835 2453; x_wconf 88' lang='lat' dir='ltr'><strong>quo</strong></span> <span class='ocrx_word' id='word_1_248' title='bbox 1870 2376 2123 2438; x_wconf 83' lang='lat' dir='ltr'><strong>sceleris</strong></span> <span class='ocrx_word' id='word_1_249' title='bbox 2160 2373 2246 2435; x_wconf 90' lang='lat' dir='ltr'><strong>ni-</strong></span> 
     </span>
     <span class='ocr_line' id='line_1_27' title="bbox 163 2459 2242 2538; baseline -0.001 -17"><span class='ocrx_word' id='word_1_250' title='bbox 163 2459 249 2538; x_wconf 76' lang='lat' dir='ltr'><strong>hil</strong></span> <span class='ocrx_word' id='word_1_251' title='bbox 288 2461 495 2522; x_wconf 78' lang='lat' dir='ltr'><strong>facere</strong></span> <span class='ocrx_word' id='word_1_252' title='bbox 518 2461 767 2536; x_wconf 85' lang='lat' dir='ltr'><strong>pos&#39;set,</strong></span> <span class='ocrx_word' id='word_1_253' title='bbox 810 2460 925 2521; x_wconf 89' lang='lat' dir='ltr'><strong>sed</strong></span> <span class='ocrx_word' id='word_1_254' title='bbox 953 2459 1132 2521; x_wconf 88' lang='lat' dir='ltr'><strong>etiam</strong></span> <span class='ocrx_word' id='word_1_255' title='bbox 1171 2469 1239 2522; x_wconf 92' lang='lat' dir='ltr'><strong>ut</strong></span> <span class='ocrx_word' id='word_1_256' title='bbox 1282 2459 1359 2522; x_wconf 89' lang='lat' dir='ltr'><strong>iis</strong></span> <span class='ocrx_word' id='word_1_257' title='bbox 1392 2459 1752 2523; x_wconf 89' lang='lat' dir='ltr'><strong>consulibus</strong></span> <span class='ocrx_word' id='word_1_258' title='bbox 1777 2468 2026 2535; x_wconf 90' lang='lat' dir='ltr'><strong>praetor</strong></span> <span class='ocrx_word' id='word_1_259' title='bbox 2055 2467 2242 2536; x_wconf 88' lang='lat' dir='ltr'><strong>esset,</strong></span> 
     </span>
     <span class='ocr_line' id='line_1_28' title="bbox 168 2541 2243 2620; baseline -0.001 -15"><span class='ocrx_word' id='word_1_260' title='bbox 168 2542 392 2620; x_wconf 85' lang='lat' dir='ltr'><strong>quibus</strong></span> <span class='ocrx_word' id='word_1_261' title='bbox 445 2544 502 2604; x_wconf 88' lang='lat' dir='ltr'><strong>si</strong></span> <span class='ocrx_word' id='word_1_262' title='bbox 554 2560 678 2606; x_wconf 92' lang='lat' dir='ltr'><strong>non</strong></span> <span class='ocrx_word' id='word_1_263' title='bbox 720 2541 1151 2605; x_wconf 88' lang='lat' dir='ltr'><strong>adiuvantibus</strong></span> <span class='ocrx_word' id='word_1_264' title='bbox 1180 2589 1196 2618; x_wconf 93' lang='lat'><strong>,</strong></span> <span class='ocrx_word' id='word_1_265' title='bbox 1262 2552 1324 2605; x_wconf 90' lang='lat' dir='ltr'><strong>at</strong></span> <span class='ocrx_word' id='word_1_266' title='bbox 1410 2543 1839 2607; x_wconf 87' lang='lat' dir='ltr'><strong>coniventibus</strong></span> <span class='ocrx_word' id='word_1_267' title='bbox 1887 2549 2052 2603; x_wconf 89' lang='lat' dir='ltr'><strong>certe</strong></span> <span class='ocrx_word' id='word_1_268' title='bbox 2103 2552 2243 2617; x_wconf 82' lang='lat' dir='ltr'><strong>spe&#39;·</strong></span> 
     </span>
     <span class='ocr_line' id='line_1_29' title="bbox 166 2623 2244 2703; baseline -0.001 -15"><span class='ocrx_word' id='word_1_269' title='bbox 166 2634 325 2689; x_wconf 85' lang='lat' dir='ltr'><strong>raret</strong></span> <span class='ocrx_word' id='word_1_270' title='bbox 348 2642 541 2703; x_wconf 88' lang='lat' dir='ltr'><strong>posse</strong></span> <span class='ocrx_word' id='word_1_271' title='bbox 567 2644 638 2696; x_wconf 88' lang='lat' dir='ltr'><strong>se</strong></span> <span class='ocrx_word' id='word_1_272' title='bbox 670 2627 920 2688; x_wconf 89' lang='lat' dir='ltr'><strong>eludere</strong></span> <span class='ocrx_word' id='word_1_273' title='bbox 949 2624 1009 2685; x_wconf 89' lang='lat' dir='ltr'><strong>in</strong></span> <span class='ocrx_word' id='word_1_274' title='bbox 1039 2624 1158 2686; x_wconf 90' lang='lat' dir='ltr'><strong>illis</strong></span> <span class='ocrx_word' id='word_1_275' title='bbox 1206 2624 1338 2687; x_wconf 88' lang='lat' dir='ltr'><strong>suis</strong></span> <span class='ocrx_word' id='word_1_276' title='bbox 1383 2626 1665 2703; x_wconf 84' lang='lat' dir='ltr'><strong>cogitatis</strong></span> <span class='ocrx_word' id='word_1_277' title='bbox 1697 2624 2038 2689; x_wconf 82' lang='lat' dir='ltr'><strong>furoribus=</strong></span> <span class='ocrx_word' id='word_1_278' title='bbox 2071 2623 2244 2686; x_wconf 89' lang='lat' dir='ltr'><strong>euius</strong></span> 
     </span>
     <span class='ocr_line' id='line_1_30' title="bbox 170 2708 2245 2785; baseline -0.001 -14"><span class='ocrx_word' id='word_1_279' title='bbox 170 2708 248 2771; x_wconf 82' lang='lat' dir='ltr'><strong>illi</strong></span> <span class='ocrx_word' id='word_1_280' title='bbox 299 2717 589 2785; x_wconf 77' lang='lat' dir='ltr'><strong>conatuS,</strong></span> <span class='ocrx_word' id='word_1_281' title='bbox 641 2719 708 2772; x_wconf 92' lang='lat' dir='ltr'><strong>ut</strong></span> <span class='ocrx_word' id='word_1_282' title='bbox 748 2711 886 2785; x_wconf 88' lang='lat' dir='ltr'><strong>ipse</strong></span> <span class='ocrx_word' id='word_1_283' title='bbox 934 2709 1442 2783; x_wconf 87' lang='lat' dir='ltr'><strong>ratiocinabatur,</strong></span> <span class='ocrx_word' id='word_1_284' title='bbox 1489 2726 1623 2785; x_wconf 89' lang='lat' dir='ltr'><strong>nec,</strong></span> <span class='ocrx_word' id='word_1_285' title='bbox 1679 2709 1731 2770; x_wconf 91' lang='lat' dir='ltr'><strong>si</strong></span> <span class='ocrx_word' id='word_1_286' title='bbox 1783 2714 2108 2784; x_wconf 89' lang='lat' dir='ltr'><strong>cuperent,</strong></span> <span class='ocrx_word' id='word_1_287' title='bbox 2148 2724 2245 2769; x_wconf 91' lang='lat' dir='ltr'><strong>re-</strong></span> 
     </span>
     <span class='ocr_line' id='line_1_31' title="bbox 164 2791 2243 2870; baseline 0 -17"><span class='ocrx_word' id='word_1_288' title='bbox 164 2792 428 2870; x_wconf 89' lang='lat' dir='ltr'><strong>primere</strong></span> <span class='ocrx_word' id='word_1_289' title='bbox 474 2800 764 2869; x_wconf 89' lang='lat' dir='ltr'><strong>possent,</strong></span> <span class='ocrx_word' id='word_1_290' title='bbox 806 2809 993 2870; x_wconf 88' lang='lat' dir='ltr'><strong>quum</strong></span> <span class='ocrx_word' id='word_1_291' title='bbox 1017 2800 1246 2855; x_wconf 90' lang='lat' dir='ltr'><strong>tantum</strong></span> <span class='ocrx_word' id='word_1_292' title='bbox 1286 2791 1649 2855; x_wconf 89' lang='lat' dir='ltr'><strong>beneficium</strong></span> <span class='ocrx_word' id='word_1_293' title='bbox 1675 2792 1732 2853; x_wconf 89' lang='lat' dir='ltr'><strong>ei</strong></span> <span class='ocrx_word' id='word_1_294' title='bbox 1770 2809 1839 2853; x_wconf 89' lang='lat' dir='ltr'><strong>se</strong></span> <span class='ocrx_word' id='word_1_295' title='bbox 1880 2792 2109 2854; x_wconf 90' lang='lat' dir='ltr'><strong>debere</strong></span> <span class='ocrx_word' id='word_1_296' title='bbox 2149 2810 2243 2854; x_wconf 88' lang='lat' dir='ltr'><strong>ar-</strong></span> 
     </span>
     <span class='ocr_line' id='line_1_32' title="bbox 162 2874 2245 2954; baseline 0.001 -17"><span class='ocrx_word' id='word_1_297' title='bbox 162 2876 557 2952; x_wconf 87' lang='lat' dir='ltr'><strong>bitrarentur,</strong></span> <span class='ocrx_word' id='word_1_298' title='bbox 602 2884 690 2954; x_wconf 89' lang='lat' dir='ltr'><strong>et,</strong></span> <span class='ocrx_word' id='word_1_299' title='bbox 750 2874 804 2937; x_wconf 89' lang='lat' dir='ltr'><strong>si</strong></span> <span class='ocrx_word' id='word_1_300' title='bbox 853 2876 1107 2951; x_wconf 89' lang='lat' dir='ltr'><strong>vellent,</strong></span> <span class='ocrx_word' id='word_1_301' title='bbox 1166 2878 1431 2939; x_wconf 83' lang='lat' dir='ltr'><strong>fortasse</strong></span> <span class='ocrx_word' id='word_1_302' title='bbox 1481 2877 1588 2937; x_wconf 84' lang='lat' dir='ltr'><strong>vix</strong></span> <span class='ocrx_word' id='word_1_303' title='bbox 1648 2884 1909 2952; x_wconf 81' lang='lat' dir='ltr'><strong>possent</strong></span> <span class='ocrx_word' id='word_1_304' title='bbox 1965 2876 2245 2953; x_wconf 82' lang='lat' dir='ltr'><strong>frangere</strong></span> 
     </span>
     <span class='ocr_line' id='line_1_33' title="bbox 162 2958 2245 3026; baseline 0.001 -6"><span class='ocrx_word' id='word_1_305' title='bbox 162 2959 430 3022; x_wconf 88' lang='lat' dir='ltr'><strong>hominis</strong></span> <span class='ocrx_word' id='word_1_306' title='bbox 464 2958 920 3023; x_wconf 89' lang='lat' dir='ltr'><strong>sceleratissimi</strong></span> <span class='ocrx_word' id='word_1_307' title='bbox 945 2960 1400 3023; x_wconf 89' lang='lat' dir='ltr'><strong>corroboratam</strong></span> <span class='ocrx_word' id='word_1_308' title='bbox 1435 2961 1555 3021; x_wconf 90' lang='lat' dir='ltr'><strong>iam</strong></span> <span class='ocrx_word' id='word_1_309' title='bbox 1578 2967 1881 3026; x_wconf 88' lang='lat' dir='ltr'><strong>vetustate</strong></span> <span class='ocrx_word' id='word_1_310' title='bbox 1904 2960 2245 3024; x_wconf 89' lang='lat' dir='ltr'><strong>audaciam.</strong></span> 
     </span>
     <span class='ocr_line' id='line_1_34' title="bbox 161 3042 2246 3122; baseline 0.001 -18"><span class='ocrx_word' id='word_1_311' title='bbox 161 3042 266 3106; x_wconf 85' lang='lat'><strong>33.</strong></span> <span class='ocrx_word' id='word_1_312' title='bbox 294 3045 393 3105; x_wconf 91' lang='lat' dir='ltr'><strong>An</strong></span> <span class='ocrx_word' id='word_1_313' title='bbox 424 3060 603 3119; x_wconf 90' lang='lat' dir='ltr'><strong>vero,</strong></span> <span class='ocrx_word' id='word_1_314' title='bbox 646 3043 917 3119; x_wconf 62' lang='lat' dir='ltr'><strong>iudices»,</strong></span> <span class='ocrx_word' id='word_1_315' title='bbox 948 3061 1061 3107; x_wconf 88' lang='lat' dir='ltr'><strong>vos</strong></span> <span class='ocrx_word' id='word_1_316' title='bbox 1096 3045 1212 3107; x_wconf 90' lang='lat' dir='ltr'><strong>soli</strong></span> <span class='ocrx_word' id='word_1_317' title='bbox 1240 3045 1556 3122; x_wconf 83' lang='lat' dir='ltr'><strong>ignoratis,</strong></span> <span class='ocrx_word' id='word_1_318' title='bbox 1585 3062 1700 3106; x_wconf 91' lang='lat' dir='ltr'><strong>vos</strong></span> <span class='ocrx_word' id='word_1_319' title='bbox 1725 3044 2003 3121; x_wconf 89' lang='lat' dir='ltr'><strong>hospites</strong></span> <span class='ocrx_word' id='word_1_320' title='bbox 2039 3046 2101 3107; x_wconf 91' lang='lat' dir='ltr'><strong>in</strong></span> <span class='ocrx_word' id='word_1_321' title='bbox 2130 3046 2246 3107; x_wconf 92' lang='lat' dir='ltr'><strong>hac</strong></span> 
     </span>
     <span class='ocr_line' id='line_1_35' title="bbox 162 3126 2246 3205; baseline 0.001 -16"><span class='ocrx_word' id='word_1_322' title='bbox 162 3127 319 3189; x_wconf 90' lang='lat' dir='ltr'><strong>urbe</strong></span> <span class='ocrx_word' id='word_1_323' title='bbox 362 3126 737 3189; x_wconf 67' lang='lat' dir='ltr'><strong>versamini?</strong></span> <span class='ocrx_word' id='word_1_324' title='bbox 780 3133 1027 3190; x_wconf 89' lang='lat' dir='ltr'><strong>vestrae</strong></span> <span class='ocrx_word' id='word_1_325' title='bbox 1074 3130 1538 3205; x_wconf 86' lang='lat' dir='ltr'><strong>peregrinantur</strong></span> <span class='ocrx_word' id='word_1_326' title='bbox 1582 3144 1767 3191; x_wconf 89' lang='lat' dir='ltr'><strong>aures</strong></span> <span class='ocrx_word' id='word_1_327' title='bbox 1799 3146 2001 3205; x_wconf 89' lang='lat' dir='ltr'><strong>neque</strong></span> <span class='ocrx_word' id='word_1_328' title='bbox 2029 3130 2090 3191; x_wconf 84' lang='lat' dir='ltr'><strong>in</strong></span> <span class='ocrx_word' id='word_1_329' title='bbox 2126 3130 2246 3191; x_wconf 88' lang='lat' dir='ltr'><strong>hoc</strong></span> 
     </span>
     <span class='ocr_line' id='line_1_36' title="bbox 165 3209 2248 3289; baseline 0 -18"><span class='ocrx_word' id='word_1_330' title='bbox 165 3218 497 3287; x_wconf 83' lang='lat' dir='ltr'><strong>pervagato</strong></span> <span class='ocrx_word' id='word_1_331' title='bbox 530 3209 790 3274; x_wconf 87' lang='lat' dir='ltr'><strong>civitatis</strong></span> <span class='ocrx_word' id='word_1_332' title='bbox 821 3228 1106 3274; x_wconf 89' lang='lat' dir='ltr'><strong>sermone</strong></span> <span class='ocrx_word' id='word_1_333' title='bbox 1138 3222 1493 3289; x_wconf 78' lang='lat' dir='ltr'><strong>versantur,</strong></span> <span class='ocrx_word' id='word_1_334' title='bbox 1539 3230 1693 3287; x_wconf 84' lang='lat' dir='ltr'><strong>quas</strong></span> <span class='ocrx_word' id='word_1_335' title='bbox 1721 3212 1823 3275; x_wconf 90' lang='lat' dir='ltr'><strong>ille</strong></span> <span class='ocrx_word' id='word_1_336' title='bbox 1853 3213 2043 3289; x_wconf 76' lang='lat' dir='ltr'><strong>legeS,</strong></span> <span class='ocrx_word' id='word_1_337' title='bbox 2076 3214 2128 3274; x_wconf 89' lang='lat' dir='ltr'><strong>si</strong></span> <span class='ocrx_word' id='word_1_338' title='bbox 2161 3215 2248 3273; x_wconf 89' lang='lat' dir='ltr'><strong>le-</strong></span> 
     </span>
     <span class='ocr_line' id='line_1_37' title="bbox 165 3295 2243 3373; baseline -0 -18"><span class='ocrx_word' id='word_1_339' title='bbox 165 3310 279 3369; x_wconf 80' lang='lat' dir='ltr'><strong>ges</strong></span> <span class='ocrx_word' id='word_1_340' title='bbox 302 3296 714 3357; x_wconf 87' lang='lat' dir='ltr'><strong>nominandae</strong></span> <span class='ocrx_word' id='word_1_341' title='bbox 737 3303 879 3358; x_wconf 88' lang='lat' dir='ltr'><strong>sunt</strong></span> <span class='ocrx_word' id='word_1_342' title='bbox 907 3312 982 3357; x_wconf 86' lang='lat' dir='ltr'><strong>ac</strong></span> <span class='ocrx_word' id='word_1_343' title='bbox 1004 3312 1127 3356; x_wconf 92' lang='lat' dir='ltr'><strong>non</strong></span> <span class='ocrx_word' id='word_1_344' title='bbox 1153 3298 1323 3358; x_wconf 84' lang='lat' dir='ltr'><strong>faces</strong></span> <span class='ocrx_word' id='word_1_345' title='bbox 1352 3295 1523 3358; x_wconf 89' lang='lat' dir='ltr'><strong>urbis</strong></span> <span class='ocrx_word' id='word_1_346' title='bbox 1539 3343 1554 3371; x_wconf 93' lang='lat'><strong>,</strong></span> <span class='ocrx_word' id='word_1_347' title='bbox 1599 3302 1807 3372; x_wconf 89' lang='lat' dir='ltr'><strong>pestes</strong></span> <span class='ocrx_word' id='word_1_348' title='bbox 1830 3298 1919 3357; x_wconf 91' lang='lat' dir='ltr'><strong>rei</strong></span> <span class='ocrx_word' id='word_1_349' title='bbox 1943 3296 2243 3373; x_wconf 70' lang='lat' dir='ltr'><strong>publicae,</strong></span> 
     </span>
     <span class='ocr_line' id='line_1_38' title="bbox 168 3376 2242 3456; baseline -0.002 -20"><span class='ocrx_word' id='word_1_350' title='bbox 168 3376 350 3438; x_wconf 83' lang='lat' dir='ltr'><strong>suerit</strong></span> <span class='ocrx_word' id='word_1_351' title='bbox 387 3378 783 3455; x_wconf 89' lang='lat' dir='ltr'><strong>impositurus</strong></span> <span class='ocrx_word' id='word_1_352' title='bbox 824 3380 1003 3441; x_wconf 91' lang='lat' dir='ltr'><strong>nobis</strong></span> <span class='ocrx_word' id='word_1_353' title='bbox 1047 3380 1327 3441; x_wconf 89' lang='lat' dir='ltr'><strong>omnibus</strong></span> <span class='ocrx_word' id='word_1_354' title='bbox 1371 3389 1557 3456; x_wconf 87' lang='lat' dir='ltr'><strong>atque</strong></span> <span class='ocrx_word' id='word_1_355' title='bbox 1588 3380 1951 3440; x_wconf 65' lang='lat' dir='ltr'><strong>inusturus?</strong></span> <span class='ocrx_word' id='word_1_356' title='bbox 1989 3376 2242 3445; x_wconf 85' lang='lat' dir='ltr'><strong>Exhibe,</strong></span> 
     </span>
    </p>
   </div>
   <div class='ocr_carea' id='block_1_3' title="bbox 169 3462 2240 3607">
    <p class='ocr_par' dir='ltr' id='par_1_3' title="bbox 169 3462 2240 3607">
     <span class='ocr_line' id='line_1_39' title="bbox 169 3462 2240 3607; baseline -0.003 -86"><span class='ocrx_word' id='word_1_357' title='bbox 169 3462 645 3607; x_wconf 56' lang='lat' dir='ltr'><strong>quaesthgxte</strong></span> <span class='ocrx_word' id='word_1_358' title='bbox 668 3463 871 3541; x_wconf 88' lang='lat' dir='ltr'><strong>Clodi,</strong></span> <span class='ocrx_word' id='word_1_359' title='bbox 914 3463 1137 3525; x_wconf 87' lang='lat' dir='ltr'><strong>exhibe</strong></span> <span class='ocrx_word' id='word_1_360' title='bbox 1159 3462 1469 3525; x_wconf 89' lang='lat' dir='ltr'><strong>librarium</strong></span> <span class='ocrx_word' id='word_1_361' title='bbox 1490 3462 1637 3525; x_wconf 90' lang='lat' dir='ltr'><strong>illud</strong></span> <span class='ocrx_word' id='word_1_362' title='bbox 1662 3464 1864 3601; x_wconf 55' lang='lat' dir='ltr'><strong>legitgn</strong></span> <span class='ocrx_word' id='word_1_363' title='bbox 1886 3468 2240 3523; x_wconf 86' lang='lat' dir='ltr'><strong>vestrarum,</strong></span> 
     </span>
     <span class='ocr_line' id='line_1_40' title="bbox 266 3558 551 3602; baseline 0 -1"><span class='ocrx_word' id='word_1_364' title='bbox 266 3558 378 3601; x_wconf 76' lang='lat' dir='ltr'><strong>cic.</strong></span> <span class='ocrx_word' id='word_1_365' title='bbox 462 3588 475 3602; x_wconf 91' lang='lat'><strong>.</strong></span> <span class='ocrx_word' id='word_1_366' title='bbox 540 3591 551 3601; x_wconf 92' lang='lat'><strong>.</strong></span> 
     </span>
    </p>
   </div>
  </div>
 </body>
</html>
