2514 3928
238 231 305 286 53
840 219 1004 280 CAP.
1036 228 1105 282 19
1124 229 1301 280 —21.
1345 225 1396 287 s.
1426 228 1690 282 44—48.
2195 218 2314 283 131

235 374 507 446 iudiceS,
545 372 922 446 admonebo,
969 390 1091 448 quo
1133 373 1213 433 de
1254 370 1389 433 iure
1431 373 1550 433 hoc
1590 370 1881 434 iudicium
1922 358 2352 434 constitutum'

237 459 334 532 sit,
367 459 446 518 de
481 474 556 518 eo
588 473 919 532 numquam
951 455 1198 517 omnino
1236 472 1382 517 esse
1411 457 1763 518 dubitatum.

364 539 468 603 45.
560 541 728 615 Quos
781 539 963 616 igitur
1005 538 1524 617 prudentissimos
1565 540 1930 616 interpretes
1974 541 2312 613 foederum,

242 642 406 702 quos
452 624 857 700 peritissimos
904 623 1110 685 bellici
1149 622 1331 697 iuris,
1389 640 1549 699 quos
1583 623 2083 700 diligentissimos
2114 623 2173 684 in
2206 640 2313 685 ex·
2393 624 2398 633 ‘

237 707 559 785 quii-endis
590 707 1058 770 condIcionibus
1092 707 1404 769 civitatum
1439 716 1625 782 atque
1657 708 1864 768 causis
1897 723 2040 768 esse
2063 707 2314 768 arbitra·

233 799 412 853 mur?
472 793 596 853 Eos
649 793 956 868 profecto,
1021 792 1127 868 qui
1166 790 1288 853 iam
1336 791 1594 866 imperia
1634 807 1709 852 ac
1748 793 1911 853 bella
1967 798 2314 866 gesserunt.

232 878 360 937 XX.
401 876 640 937 Etenim
683 877 738 937 si
769 876 836 952 Q.
872 875 1305 939 Scaevolaille
1347 893 1570 951 augur,
1620 893 1807 952 quum
1852 876 1930 936 de
1971 875 2102 935 iure
2139 892 2312 950 prae-

234 960 494 1022 diatorio
538 961 995 1033 consuleretur,
1037 960 1221 1022 homo
1251 960 1403 1022 iuris
1435 960 1874 1036 peritissimus,
1923 962 2313 1022 consultores

235 1061 385 1106 suos
428 1062 553 1106 non
598 1061 928 1121 numquam
973 1045 1052 1104 ad
1095 1043 1346 1105 Furium
1391 1053 1451 1105 et
1481 1044 1845 1107 Cascellium
1891 1043 2313 1118 praediatores

232 1128 581 1203 reiiciebat,
633 1127 688 1188 si
737 1144 851 1188 nos
894 1129 975 1187 de
1013 1144 1180 1202 aqua
1220 1135 1435 1187 nostra
1470 1127 1816 1189 Tusculana
1857 1128 1940 1188 Μ.
1975 1127 2312 1203 Tugionem

234 1211 444 1288 potius
481 1227 669 1287 quam
695 1211 756 1270 C.
782 1210 1098 1284 Aquilium
1119 1210 1613 1283 consulebamus,
1645 1213 1812 1285 quod
1834 1212 2133 1272 adsiduus
2158 1228 2312 1272 usus

231 1295 339 1357 uni
379 1293 472 1353 rei
514 1292 762 1354 deditus
793 1299 854 1352 et
889 1291 1200 1366 ingenium
1228 1296 1291 1352 et
1323 1299 1517 1351 artem
1551 1308 1741 1367 saepe
1771 1292 1994 1365 vincit,
2025 1294 2165 1368 quis
2202 1296 2311 1353 du·

232 1377 384 1437 bitet
425 1376 505 1437 de
550 1375 902 1436 foederibus
949 1382 1012 1435 et
1057 1375 1137 1435 de
1173 1374 1305 1435 'toto
1349 1372 1481 1433 iure
1511 1374 1683 1450 pacis
1709 1382 1771 1435 et
1794 1375 1939 1434 belli
1967 1372 2314 1437 hominibus

231 1458 387 1522 iuris
416 1456 808 1535 peritissimis
837 1459 1244 1534 imperatores
1275 1465 1526 1518 nostros
1554 1459 1906 1527 anteferre?
1952 1457 2057 1520 46.
2086 1459 2312 1520 Possu-

228 1560 453 1605 musne
480 1542 663 1619 igitur
694 1541 798 1603 tibi
825 1543 1090 1618 probare
1120 1549 1435 1603 auctorem
1461 1541 1729 1617 exempli
1752 1551 1939 1617 atque
1963 1541 2106 1603 sacti
2130 1541 2312 1614 illius,

230 1629 403 1704 quod
432 1636 559 1689 ate
590 1625 1085 1702 reprehenditur,
1133 1625 1196 1688 C.
1228 1624 1531 1686 Marium?
1577 1626 1821 1700 quaeris
1864 1626 2129 1703 aliquem
2176 1643 2311 1701 gra-

226 1711 495 1783 viorem,
543 1709 1050 1785 constantiorem,
1104 1709 1615 1787 praestantiorem
1660 1708 1907 1783 virtute,
1964 1711 2310 1786 prudentia,

226 1794 562 1871 religione?
607 1797 660 1855 ls
693 1794 876 1870 igitur
907 1793 1286 1870 Iguvinatem
1312 1796 1390 1856 M.
1418 1793 1683 1855 Annium
1711 1794 2016 1892 Appium,
2051 1794 2308 1856 fortissi-

224 1895 391 1940 mum
450 1878 675 1949 virum,
737 1896 974 1980 summa
1033 1876 1248 1939 virtute
1299 1878 1671 1953 praeditum,
1734 1877 1984 1940 civitate
2035 1879 2306 1952 donavit,

227 2004 1466 2024 ..............................
1512 1980 1698 2039 quum
1736 1962 2142 2026 Camertinum
2179 1966 2306 2024 foe·

225 2048 443 2109 derum
474 2046 932 2107 sanctissimum
963 2054 1146 2119 atque
1181 2045 1624 2122 aequissimum
1658 2047 1845 2109 sciret
1877 2064 2040 2108 esse.
2097 2048 2307 2108 Potest

223 2130 434 2206 igitur,
489 2129 755 2204 iudi-effi,
805 2132 867 2191 L.
912 2129 1227 2190 Cornelius
1273 2130 1702 2204 condemnarI,
1751 2139 1820 2192 ut
1859 2148 1981 2193 non
2026 2131 2090 2191 C.
2130 2128 2308 2189 Marii

228 2216 455 2275 sactum
502 2207 986 2275 condemnetur}
1037 2212 1139 2275 47.
1184 2215 1459 2275 Exsistat
1500 2231 1647 2289 ergo
1695 2214 1795 2275 ille
1842 2216 1932 2294 vir
1974 2230 2307 2291 parumper

225 2296 598 2374 cogitatione
647 2307 880 2372 vestra,
931 2298 1220 2373 quoniam
1266 2314 1334 2358 re
1376 2314 1499 2359 non
1533 2307 1773 2376 potest,
1815 2307 1878 2360 ut
1907 2298 2303 2375 conspiciatis

225 2398 367 2441 eum
394 2381 720 2457 mentibus,
749 2384 1037 2457 quoniam
1063 2382 1257 2444 oculis
1286 2401 1406 2443 non
1436 2384 1727 2456 potestis:
1747 2383 1913 2445 dicat
1940 2400 2011 2445 se
2039 2400 2162 2443 non
2195 2383 2302 2441 im-

224 2466 485 2539 peritum
518 2464 806 2537 foederis,
839 2482 962 2526 non
992 2467 1208 2526 rudem
1236 2467 1678 2541 exemplorum,
1712 2484 1834 2528 non
1858 2466 2137 2542 ignarum
2159 2466 2303 2526 belli

225 2547 450 2610 fuissez
497 2564 566 2610 se
589 2547 653 2613 Ρ.
682 2548 953 2609 Al'ricani
996 2548 1367 2623 discipulum
1409 2564 1483 2608 ac
1525 2548 1803 2610 militem:
1847 2567 1918 2610 se
1959 2548 2303 2626 stipendiiS,

222 2647 296 2692 se
325 2631 733 2710 legationibus
762 2632 999 2693 bellicis
1031 2631 1369 2693 eruditum:
1411 2647 1512 2705 se,
1557 2631 1610 2693 si
1645 2642 1810 2694 tanta
1836 2634 1998 2693 bella
2030 2632 2300 2708 legisset,

225 2725 456 2791 quanta
507 2725 571 2777 et
607 2716 801 2791 gessit
842 2725 904 2777 et
950 2716 1245 2787 confecit,
1301 2714 1355 2775 si
1407 2722 1496 2776 tot
1540 2715 1900 2776 consulibus
1958 2714 2300 2788 meruisset,

228 2798 515 2875 quotiens
562 2798 703 2875 ipse
744 2800 966 2861 consul
1009 2799 1148 2873 fuit,
1213 2796 1419 2860 omnia
1465 2796 1598 2859 iura
1640 2797 1784 2858 belli
1828 2798 2184 2875 perdiscere
2225 2816 2300 2859 ac

223 2899 415 2944 nosse
448 2885 758 2959 potuisse:
805 2883 922 2944 sibi
947 2900 1071 2945 non
1103 2883 1297 2946 fuisse
1328 2882 1579 2944 dubium
1611 2881 1757 2958 quin
1783 2885 1948 2946 nullo
1981 2884 2231 2947 foedere
2263 2903 2301 2946 a

221 2984 290 3028 re
339 2966 584 3042 publica
626 2968 784 3028 bene
824 2968 1096 3043 gerenda
1137 2966 1565 3043 impediretur=
1618 2984 1655 3027 a
1702 2984 1771 3029 se
1812 2984 1889 3028 ex
1926 2970 2298 3032 coniunctis-

219 3051 377 3112 sima
413 3060 600 3127 atque
647 3049 1021 3113 amicissima
1062 3052 1305 3113 civitate
1347 3050 1743 3114 fortissimum
1793 3071 2101 3131 quemque
2153 3069 2299 3115 esse

216 3138 555 3199 delectum:
587 3152 794 3212 neque
812 3134 1214 3212 Iguvinatium
1247 3152 1453 3211 neque
1478 3136 1837 3199 Camertium
1863 3140 2116 3201 foedere
2152 3152 2297 3199 esse

217 3225 547 3295 exceptum
577 3236 705 3296 quo
732 3218 936 3300 minus
971 3235 1183 3281 eorum
1213 3218 1452 3279 civibus
1484 3237 1522 3280 a
1559 3223 1789 3297 populo
1813 3224 2092 3285 Romano
2119 3236 2297 3298 prae-

218 3300 340 3362 mia
373 3301 610 3365 virtutis
637 3302 1060 3365 tribuerentur.
1104 3304 1262 3363 XXI.
1290 3301 1392 3364 48.
1424 3303 1638 3379 ltaque
1664 3323 1850 3380 quum
1875 3306 2092 3383 paucis
2116 3301 2296 3365 annis

218 3386 551 3461 posthanc
580 3385 841 3449 civitatis
871 3386 1265 3449 donationem
1298 3386 1593 3448 acerrima
1629 3388 1708 3448 de
1744 3389 1986 3452 civitate
2012 3387 2293 3464 quaestio

220 3466 451 3530 Licinia
479 3477 542 3531 et
561 3469 764 3532 Mucia
793 3473 931 3549 lege
964 3471 1266 3546 venisset,
1300 3488 1444 3532 num
1482 3469 1620 3546 quis
1650 3486 1898 3609 80ωὲηὲ
1928 3471 2034 3544 qui
2064 3471 2143 3527 de
2167 3470 2284 3524 roe-
