2514 3928
265 237 387 301 186
833 237 980 298 PRO
1013 238 1126 297 CN.
1159 235 1486 296 PLANCIO
1520 234 1825 297 ORATIO.
2264 243 2334 298 ὅ

263 407 415 453 suos
448 388 837 465 plurimarum
880 404 1081 448 rerum
1125 385 1550 448 sanctissimus
1601 394 1662 447 et
1699 385 2071 447 iustissimus
2131 384 2332 461 iudex,

263 473 660 534 maximarum
693 471 1051 532 societatum
1084 479 1326 541 auctor,
1360 469 1752 545 plurimarum
1780 470 2099 544 magister=
2131 468 2331 530 sinon

262 557 448 618 modo
490 554 549 615 in
598 573 675 616 eo
720 554 865 615 nihil
909 571 1197 629 umquam
1238 553 1706 627 reprehensum,
1761 552 1873 613 sed
1915 553 2157 613 laudata
2197 564 2335 615 sunt

259 639 482 709 omnia,
513 648 711 700 tamen
744 638 797 698 is
828 637 1025 698 oberit
1045 635 1481 697 honestissimo
1514 635 1639 695 filio
1667 644 1856 710 pater,
1889 636 1992 710 qui
2017 637 2113 696 vel
2137 635 2334 698 minus

260 725 582 785 honestum
613 731 675 782 et
701 721 963 781 alienum
994 721 1149 782 tueri
1185 722 1280 780 vel
1316 718 1672 780 auctoritate
1701 734 1815 780 sua
1851 719 1947 793 vel
1968 718 2161 792 gratia
2193 736 2333 795 pos-

256 805 379 868 sit?
398 839 483 851 --
501 804 604 868 33.
632 804 956 880 Asperius,
988 803 1200 880 inquit,
1236 804 1478 864 locutus
1506 811 1601 862 est
1620 801 1851 877 aliquid
1877 801 2229 877 aliquando.
2250 836 2335 853 —--

259 890 448 951 Immo
480 889 742 950 fortasse
777 886 1047 948 liberius.
1093 918 1180 932 —·-
1217 889 1300 946 At
1328 885 1389 945 id
1421 885 1655 960 ipsum,
1700 884 1923 960 inquit,
1971 901 2090 946 non
2124 893 2222 947 esi.
2248 888 2334 949 10-

257 974 537 1034 rendum.
564 1005 651 1021 --·
678 971 840 1046 Ergo
891 969 931 1029 ii
965 968 1203 1030 ferendi
1234 975 1394 1043 sunt,
1427 967 1532 1044 qui
1562 968 1680 1029 hoc
1711 976 2068 1044 queruntur,
2095 967 2332 1033 liberta-

256 1066 377 1117 tem
416 1053 641 1130 equitis
676 1055 929 1115 Romani
971 1070 1040 1114 se
1077 1055 1234 1113 serre
1286 1068 1406 1112 non
1451 1052 1685 1127 posse?
1734 1051 1995 1115 Ubinam
2024 1050 2126 1115 1110
2157 1060 2336 1115 most

256 1139 363 1199 ubi
394 1138 496 1198 illa
535 1138 816 1212 aequitas
848 1137 1043 1197 iuris?
1080 1136 1185 1198 ubi
1236 1136 1338 1195 illa
1374 1135 1625 1210 antiqua
1652 1135 1932 1209 libertas,
1961 1151 2122 1211 quae
2159 1136 2335 1198 malis

259 1237 567 1297 oppressa
598 1220 880 1283 civilibus
908 1222 1206 1281 extollere
1240 1218 1361 1279 iam
1398 1226 1673 1294 caputet
1701 1218 2036 1293 aliquando
2063 1229 2332 1281 recreata

257 1322 329 1366 se
359 1305 595 1380 erigere
624 1305 928 1365 debebat?
956 1303 1241 1379 Equitum
1265 1319 1381 1378 ego
1403 1301 1897 1363 Romanorum-in
1921 1301 2202 1365 homines
2223 1319 2332 1364 no·

253 1387 591 1449 bilissimos
631 1388 984 1461 maledicta,
1031 1386 1491 1464 publicanorum
1520 1385 1580 1447 in
1620 1386 1687 1459 Q.
1720 1385 2110 1458 Scaevolam,
2142 1384 2332 1448 virum

259 1472 544 1533 omnibus
586 1470 853 1548 ingenio,
894 1470 1154 1546 iustitia,
1181 1470 1522 1547 integritate
1552 1477 1981 1547 praestantem,
2010 1485 2231 1545 aspere
2272 1479 2337 1531 et

259 1556 542 1617 ferociter
577 1555 851 1616 etlibere
883 1555 1045 1615 dicta
1075 1561 1590 1616 commemorem?

379 1641 539 1699 XIV.
584 1638 830 1699 Consuli
863 1639 930 1697 P.
967 1639 1226 1698 Nasicae
1273 1653 1499 1712 praeco
1527 1635 1790 1698 Granius
1839 1636 1899 1696 in
1945 1637 2333 1708 mediorum,

255 1739 440 1797 quum
473 1722 571 1780 ille
601 1721 805 1782 edicto
842 1720 1071 1782 iustitio
1104 1723 1289 1781 domu
1388 1721 1701 1781 decedens
1732 1728 2019 1794 rogasset
2045 1717 2335 1782 Granium

254 1803 403 1880 quid
446 1804 635 1863 tristis
675 1810 845 1865 esset
871 1821 948 1862 an
995 1805 1160 1878 quod
1197 1805 1283 1863 rei
1422 1820 1457 1864 e
1485 1804 1805 1865 auctiones
1838 1809 2090 1865 essent?
2144 1803 2329 1865 Immo

254 1903 434 1962 vero,
469 1886 697 1963 inquit,
739 1887 907 1963 quod
936 1887 1294 1961 legationes.
1399 1887 1565 1948 idem
1602 1886 1841 1949 tribuno
1875 1885 2064 1962 plebi,
2117 1896 2332 1962 poten·

260 1970 491 2032 1;ἰειείιιιο
523 1931 781 2046 homini,
809 1972 890 2030 M.
920 1973 1150 2044 Druso,
1198 1973 1311 2032 sed
1338 1974 1537 2033 multa
1576 1971 1636 2032 in
1676 1988 1744 2032 re
1774 1971 2016 2047 publica
2043 1970 2335 2043 molienti,

253 2071 440 2130 quum
464 2054 564 2115 ille
587 2071 724 2115 eum
749 2018 1093 2126 salutasset,
1120 2063 1185 2117 ιιι
1206 2056 1290 2129 fit,
1314 2054 1728 2131 dixissetque·
1752 2055 1908 2128 Quid
1928 2053 2081 2129 agis,
2108 2052 2338 2114 Grani?

249 2137 601 2214 respondit.
637 2139 825 2197 immo
851 2155 1018 2210 vero,
1042 2147 1106 2199 tu
1129 2140 1345 2211 Druse,
1380 2138 1522 2213 quid
1554 2138 1729 2213 agis?
1757 2139 1862 2197 Ille
1890 2138 1955 2198 L.
1980 2136 2204 2211 Crassi,
2231 2135 2339 2198 1110

250 2219 328 2280 Μ.
360 2221 611 2283 Antonii
656 2223 1025 2283 voluntatem
1055 2221 1474 2298 asperioribus
1506 2221 1741 2284 facetiis
1765 2237 1956 2298 saepe
1979 2219 2340 2297 perstrinxit

249 2302 519 2379 impune.
606 2305 778 2366 Nunc
810 2322 1011 2380 usque
1054 2322 1130 2366 eo
1161 2314 1257 2367 est
1285 2321 1591 2380 oppressa
1626 2312 1830 2367 vestra
1855 2303 2211 2379 adrogantia
2245 2301 2336 2364 ci·

248 2386 428 2460 vitas,
461 2395 545 2461 ut,
578 2405 735 2463 quae
766 2390 875 2449 ruit
903 2388 1046 2450 olim
1073 2389 1364 2464 praeconi
1387 2388 1447 2449 in
1472 2389 1754 2461 ridendo,
1796 2403 1959 2452 nuno
1988 2388 2176 2461 equiti
2206 2388 2335 2448 Ro·

248 2485 428 2530 mano
460 2468 521 2530 in
550 2471 850 2545 plorando
884 2488 1006 2532 non
1042 2472 1121 2534 sit
1154 2488 1461 2534 concessa
1495 2471 1761 2534 libertas.
1837 2469 1940 2533 34.
1972 2472 2139 2545 Quae
2168 2469 2340 2531 enirn

250 2561 533 2629 umquam
560 2554 791 2615 Plancii
833 2571 959 2615 vox
1003 2553 1115 2615 fuit
1142 2554 1545 2617 contumeliae
1590 2555 1795 2631 potius
1844 2572 2025 2631 quam
2058 2552 2342 2616 doloris?

249 2635 398 2712 quid
427 2646 523 2700 est
556 2646 758 2701 autem
789 2656 1078 2716 umquam
1108 2649 1398 2716 questus,
1442 2638 1559 2700 nisi
1596 2656 1782 2714 quum
1814 2656 1853 2700 a
1881 2637 2071 2702 sociis
2101 2645 2163 2698 et
2194 2653 2232 2698 a
2260 2652 2342 2700 se

244 2719 522 2783 iniuriam
558 2724 985 2799 propulsaret?
1017 2722 1214 2798 Quum
1247 2721 1502 2785 ‘senatus
1531 2722 1930 2797 impediretur
1957 2737 2081 2797 quo
2108 2719 2339 2790 minus,

245 2802 307 2865 id
338 2807 505 2879 quod
538 2806 821 2869 hostibus
851 2823 1100 2883 semper
1121 2813 1254 2868 erat
1283 2806 1587 2876 tributum,
1623 2801 1991 2880 responsum
2020 2803 2341 2879 equitibus

245 2884 539 2948 Romanis
567 2891 960 2963 redderetur,
1005 2890 1289 2950 omnibus
1319 2889 1421 2948 illa
1449 2888 1667 2950 iniuria
1694 2888 1889 2952 dolori
1922 2889 2033 2949 suit
2060 2886 2319 2962 publica

246 2967 373 3040 niS‚
407 2970 518 3032 sed
552 2987 691 3033 eum
725 2973 927 3047 ipsum
955 2973 1229 3033 dolorem
1264 2970 1363 3034 hic
1395 2972 1529 3034 tulit
1562 2974 1769 3047 paullo
1815 2972 2109 3047 aperttus-
2156 2968 2339 3030 Com-

245 3050 446 3112 munis
479 3052 582 3114 ille
614 3070 842 3116 sensus
865 3054 925 3115 in
955 3053 1091 3116 aliis
1126 3055 1389 3117 tortasse
1419 3055 1620 3118 latuit=
1650 3055 1784 3127 hic,
1819 3056 1990 3130 quod
2019 3069 2158 3118 cum
2234 3067 2343 3112 ce·

243 3132 392 3195 teris
420 3134 624 3198 animo
657 3137 989 3209 sentiebat,
1033 3135 1095 3199 id
1128 3137 1322 3212 magis
1358 3154 1541 3214 quam
1615 3138 1798 3200 ceteri
1828 3147 1892 3199 et
1929 3138 2098 3199 vultu
2126 3150 2344 3211 prom-

244 3225 411 3291 ptum
440 3217 652 3282 habuit
692 3228 755 3282 et
780 3219 1003 3295 lingua.
1072 3219 1177 3283 35.
1223 3221 1620 3296 Quamquam,
1656 3222 1912 3296 iudices,
1943 3255 2030 3270 —-
2056 3233 2346 3295 agnosco

241 3300 401 3361 enim
434 3318 517 3364 ex
545 3318 643 3365 me
685 3335 771 3354 --
816 3306 1113 3379 permulta
1143 3304 1201 3365 in
1225 3304 1555 3379 Plancium,
1589 3321 1749 3380 quae
1783 3305 1862 3368 ab
1891 3322 1968 3366 eo
2004 3316 2349 3378 numquam

241 3383 403 3445 dicta
431 3395 603 3456 sunt,
654 3388 1070 3449 conferuntur.
1158 3388 1290 3463 Ego
1340 3387 1484 3463 quia
1526 3387 1667 3449 dieo
1712 3388 1947 3464 aliquid
1976 3386 2348 3463 aliquando,

242 3483 361 3527 non
395 3468 599 3531 studio
624 3471 945 3544 adductus„
980 3473 1091 3535 sed
1120 3479 1225 3533 aut
1252 3470 1645 3533 contentione
1674 3471 1917 3532 dicendi
1947 3477 2054 3531 aut
2080 3467 2350 3535 lacessi-
