2514 3928
205 73 767 123 fl
1839 103 2440 121 „-2„,„—-—-..—--11

380 136 393 140 ‘
2327 139 2344 151 Ο

612 763 1087 850 racemum
1130 765 1518 849 Enl'ssoms
1563 766 1986 851 summum.

1149 969 1447 978 ——....—.--—-

405 1081 582 1169 Etiam
606 1112 659 1162 iu
683 1113 746 1167 iis
772 1113 1099 1173 orationibus,
1120 1127 1252 1176 quae
1274 1112 1373 1167 hoc
1397 1113 1653 1170 volumine
1670 1113 2008 1173 continentur,
2034 1110 2351 1177 corrigendis

264 1183 338 1233 ita
371 1191 603 1243 versatus
637 1197 770 1244 sum,
806 1193 861 1234 ut
894 1185 1055 1239 novis,
1074 1185 1259 1250 copiis,
1285 1199 1416 1249 quac
1448 1194 1540 1236 aut
1571 1200 1601 1234 e
1632 1184 1775 1237 libris
1810 1182 2200 1248 manuscriptis
2235 1181 2364 1232 πί

269 1260 348 1300 tae
383 1260 526 1301 erant
558 1259 647 1300 aut
678 1250 944 1301 doctorum
979 1250 1242 1300 hominum
1277 1251 1483 1315 ingenio
1509 1261 1755 1316 ‚pai-atae,
1798 1250 2069 1316 diligenter
2109 1248 2352 1307 adhibitis

272 1315 530 1367 Ciceronis
571 1316 728 1369 verba
770 1331 924 1377 ‘luam
950 1316 1383 1373 emendatissima
1423 1317 1571 1367 edere
1607 1318 1892 1376 affluerem,
1935 1326 1991 1367 et
2033 1316 2086 1364 in
2123 1317 2355 1365 oratione

270 1382 479 1443 quidem
513 1379 814 1433 Sestiana
846 1381 1022 1431 codice
1052 1381 1287 1431 Parisino
1331 1397 1381 1431 n.
1425 1384 1603 1440 7794„
1650 1396 1800 1446 quem
1833 1397 1995 1447 nuper
2029 1380 2084 1432 G.
2118 1381 2352 1431 Halmius

274 1448 440 1496 multo
475 1445 773 1510 diligentius
807 1461 959 1508 quam
1004 1456 1152 1496 antea
1195 1447 1383 1497 factum
1426 1459 1535 1497 erat.
1567 1447 1805 1513 contulit,
1847 1449 1919 1497 ita
1949 1463 2076 1497 usus
2110 1463 2252 1512 sum,
2300 1462 2355 1495 ut

279 1525 396 1562 enm
430 1525 525 1577 pro
563 1511 807 1576 primario
841 1511 1005 1571 fonte,
1049 1513 1184 1563 unde
1219 1511 1475 1571 Ciceronis
1522 1513 1675 1563 verba
1707 1512 1937 1562 ducenda
1970 1523 2167 1576 essent,
2198 1513 2354 1562 habe-

276 1592 410 1638 rem,
449 1592 548 1628 non
585 1579 655 1628 ita
691 1589 885 1638 tamen,
923 1589 979 1628 ut
1014 1580 1210 1642 omnia,
1257 1595 1388 1643 quae
1429 1594 1578 1630 secus
1613 1589 1767 1642 atque
1800 1580 1852 1628 in
1886 1579 1971 1629 illo
2006 1579 2133 1628 libro
2169 1581 2356 1643 scripta

274 1654 474 1706 cuent,
521 1660 549 1695 e
592 1645 879 1696 coniectura
916 1647 1088 1710 potius
1132 1646 1449 1697 librariorum
1494 1645 1722 1712 profecta
1757 1660 1908 1708 quam
1943 1646 2222 1707 antiquitus
2258 1656 2357 1694 tra·

274 1712 379 1769 dita
412 1727 534 1767 esse
567 1712 940 1771 existimarem,
987 1713 1038 1762 iu
1081 1728 1187 1779 quo
1222 1728 1389 1764 meum
1425 1714 1669 1764 iudicium
1707 1713 1869 1763 fateor
1901 1712 2216 1775 aliquantum
2250 1711 2358 1760 dis-

272 1793 482 1845 crepare
514 1778 579 1829 ab
612 1779 797 1828 Halmii
833 1778 1046 1839 iudicio,
1093 1781 1180 1842 qui
1216 1782 1269 1830 in
1304 1781 1396 1841 iis,
1441 1795 1573 1844 quae
1606 1781 1887 1846 disputavit
1919 1781 1974 1828 in
2009 1778 2159 1829 Mus.
2197 1777 2358 1827 Rhe-

273 1860 435 1903 nano
481 1860 599 1895 nov·
642 1861 742 1898 ser.
789 1845 888 1909 vql.
934 1846 1028 1896 IX.
1071 1846 1198 1898 fasc.
1244 1849 1329 1898 111.
1372 1863 1422 1913 p.
1468 1849 1564 1900 321
1601 1862 1715 1911 sqq.
1760 1848 1814 1897 id
1847 1845 2051 1896 efficere
2083 1845 2260 1905 voluit,
2298 1859 2357 1895 ea

276 1911 380 1963 fere
416 1912 613 1973 omnia,
666 1927 800 1976 quae
832 1915 885 1962 in
919 1913 1098 1964 ceteris
1133 1913 1276 1964 libris
1312 1914 1551 1981 suppleta
1586 1923 1782 1975 essent,
1831 1927 1989 1978 quum
2029 1927 2133 1963 non
2165 1913 2356 1979 scripta

275 1979 491 2032 luissent
543 1979 595 2029 in
646 1981 821 2031 codice
871 1981 955 2031 illo
993 1981 1255 2047 Parisino,
1301 1997 1368 2032 ex
1407 1982 1795 2048 interpolatione
1850 1991 1960 2032 orta
2007 1991 2057 2032 et
2100 1996 2196 2047 pro
2230 1994 2356 2045 sup-

315 2047 530 2096 ositiciis
563 2046 797 2100 habenda
831 2063 959 2099 esse.
1028 2048 1184 2098 Multa
1220 2050 1383 2109 enim,
1435 2063 1569 2111 quae
1608 2049 1766 2099 altera
1808 2064 1990 2098 manus
2033 2049 2087 2097 in
2138 2047 2223 2097 illo
2270 2059 2356 2096 co-

310 2114 386 2162 ice
429 2114 740 2178 emendavit,
786 2114 910 2164 mihi
961 2130 1024 2164 ex
1070 2114 1170 2165 alio
1217 2116 1393 2165 codice
1435 2118 1621 2181 petita,
1677 2130 1780 2165 nou
1826 2117 1996 2172 omnia
2039 2129 2104 2164 ex
2145 2112 2355 2179 ingenio

273 2179 613 2229 emendatoris
650 2179 876 2244 profecta
909 2196 1023 2231 esse
1056 2182 1308 2235 videntur.
1370 2182 1518 2241 Quod
1542 2196 1699 2245 quum
1734 2184 2025 2239 statuimus,
2056 2181 2208 2231 etiam
2231 2179 2355 2229 illud

271 2244 517 2305 efficitur,
573 2255 855 2298 ceterorum
894 2263 1101 2311 quoque
1150 2250 1496 2311 antiquiorum
1552 2249 1797 2300 librorum
1854 2248 2201 2298 auctoritatem
2255 2259 2354 2295 non

273 2326 490 2377 prorsus
526 2327 643 2363 esse
674 2315 1111 2375 contemnendam,
1147 2316 1302 2368 immo
1338 2317 1590 2368 interdum
1619 2315 1769 2365 etiam
1803 2328 1871 2366 ex
1904 2329 2081 2366 eorum
2112 2313 2355 2363 librorum

273 2371 476 2432 indiciis
523 2377 778 2434 Ciceronis
822 2382 976 2434 verba
1029 2383 1287 2433 emendari
1329 2397 1511 2448 posse,
1555 2383 1849 2448 praesertim
1896 2383 1943 2432 si
1984 2382 2047 2431 ab
2082 2381 2145 2431 iis
2190 2379 2356 2429 verbis

273 2455 362 2496 ant
393 2446 660 2498 verborum
704 2448 969 2513 vestigiis,
1014 2463 1145 2512 quae
1191 2457 1313 2499 sunt
1345 2450 1399 2498 in
1434 2449 1607 2500 codice
1649 2449 1907 2505 Parisino.
1955 2462 2058 2498 non
2102 2447 2249 2497 valde
2281 2459 2358 2493 re-

272 2512 470 2630 cedant.
531 2512 590 2562 Id
623 2513 759 2563 adeo
789 2516 941 2565 etiam
976 2530 1042 2564 ex
1077 2515 1296 2581 singulis
1322 2514 1467 2576 lacis,
1494 2530 1624 2577 quos
1650 2514 1890 2580 deinceps
1917 2515 2152 2580 persequi
2175 2512 2357 2579 placet,

273 2589 376 2630 inte
413 2590 594 2643 igetur.

409 2644 548 2705 Quae
583 2648 717 2696 enim
753 2648 805 2696 in
839 2647 935 2698 hac
969 2650 1198 2699 oratione
1232 2663 1367 2698 nunc
1400 2648 1642 2700 mutantia
1682 2649 1883 2707 censui,
1920 2647 2046 2697 haec
2080 2645 2187 2695 fere
2219 2654 2356 2703 sunt,

274 2712 326 2759 in
362 2712 548 2773 quibus
586 2725 749 2763 tamen
787 2729 846 2764 ea
883 2715 1131 2779 omittam,
1167 2730 1299 2777 quae
1330 2730 1397 2765 ex
1421 2714 1665 2766 librorum
1688 2716 1987 2765 auctoritate
2008 2722 2200 2763 mutata
2222 2721 2359 2769 sunt,

274 2791 375 2828 non
429 2779 499 2827 ita
550 2778 777 2830 difficilia
834 2781 1102 2836 intellectu.
1173 2781 1296 2846 Cap.
1323 2783 1369 2832 1.
1405 2782 1453 2843 5.
1480 2783 1527 2832 1.
1569 2782 1757 2847 scripsi
1790 2781 1855 2831 de
1893 2780 1987 2830 Th.
2037 2778 2359 2829 Mommseuii

273 2844 562 2894 coniectura
595 2846 846 2906 libertate,
881 2850 942 2906 is.
1011 2849 1068 2897 In
1103 2848 1217 2898 coil.
1252 2847 1486 2898 Parisino
1530 2858 1610 2899 est
1651 2848 1933 2898 libertates.
2002 2845 2172 2911 Vulgo
2208 2844 2359 2895 liber-

274 2916 380 2961 tate
434 2912 626 2963 omisso
677 2913 986 2969 Pconomine
1036 2914 1236 2979 legitur.
1303 2914 1431 2980 Gap.
1464 2917 1511 2966 2.
1556 2916 1607 2976 5.
1639 2917 1689 2966 4.
1742 2914 1928 2979 scripsi
1980 2927 2113 2962 nunc
2155 2920 2362 2962 auctore

273 2975 326 3027 G.
363 2976 580 3039 Halmio,
617 2981 706 3043 qui
741 2996 852 3030 eam
887 2982 1189 3046 scripturam
1225 2997 1253 3032 e
1287 2982 1403 3031 cod.
1436 2980 1656 3031 Parisini
1702 2981 1933 3046 vestigiis
1986 2980 2139 3030 eruit:
2198 2994 2359 3045 neque

272 3045 543 3102 iracundia
592 3047 752 3110 mam‘s
799 3050 903 3099 ulla
943 3050 1201 3102 laudanda
1245 3056 1324 3099 est
1356 3064 1504 3113 quam
1545 3063 1656 3099 mea
1696 3049 1999 3113 inflammata
2036 3061 2208 3098 eorum
2249 3060 2359 3095 see·

273 3112 378 3161 lere
414 3122 509 3162 etc.
581 3113 751 3178 Vulgo
786 3114 832 3164 le
873 3114 1048 3165 ebatur
1081 3116 1341 3167 laudanda
1374 3130 1521 3179 quam
1555 3130 1642 3173 ea,
1686 3129 1815 3180 quae
1859 3130 1935 3165 me
1967 3114 2239 3178 inflammat
2271 3125 2361 3161 eo-

273 3192 380 3227 rum
423 3182 618 3230 scelere
663 3189 757 3232 etc.
866 3181 930 3231 ed
971 3180 1096 3231 illud
1139 3191 1310 3232 tamen
1355 3194 1388 3230 a
1430 3195 1513 3229 me
1555 3182 1824 3245 impetrare
1869 3195 1932 3230 ne
1978 3193 2109 3228 nunc
2154 3178 2359 3240 quidem

273 3245 437 3307 potui,
477 3257 533 3296 ut
564 3256 740 3304 contra
775 3248 1078 3313 optimorum
1114 3248 1357 3300 librorum
1392 3248 1739 3298 auctoritatem
1782 3248 2052 3295 scriberem
2087 3245 2139 3292 in
2172 3242 2359 3304 verbis,

274 3323 406 3371 qnae
449 3312 776 3374 antecedunt,
819 3316 970 3368 dolor
1009 3316 1139 3365 ullus
1181 3328 1278 3379 pro
1313 3315 1462 3364 dolor
1494 3316 1659 3364 ullius.
1729 3312 1860 3362 Vide
1895 3325 2026 3373 quae
2059 3324 2216 3375 supra
2250 3307 2362 3357 dixi

275 3390 327 3439 p.
362 3376 453 3429 IV.
526 3377 596 3429 Ca
634 3416 647 3428 .
673 3383 722 3430 3.
758 3381 806 3441 §-
829 3383 878 3431 6.
929 3394 1031 3431 non
1065 3380 1197 3429 male
1232 3380 1313 3429 Fr.
1351 3378 1619 3427 Richterus
1654 3378 1707 3426 in
1744 3378 1870 3430 Noc.
1897 3378 2067 3428 annal.
2102 3375 2277 3437 philol.
2312 3379 2362 3421 et

271 3444 497 3508 paedao.
535 3394 635 3495 vop.
669 3444 933 3498 LXXXV.
969 3461 1021 3511 p.
1046 3448 1162 3495 2⁷1.
1209 3444 1504 3510 suspicatus
1548 3453 1628 3493 est
1667 3457 1851 3492 nomen
1895 3441 2058 3507 patris
2106 3438 2166 3490 Ρ.
2207 3436 2363 3487 Sestii

1281 3633 1308 3658 ‘a
