2514 3928
289 271 426 333 434
570 272 647 331 IN
678 272 758 330 M.
788 272 1191 332 ANTONtUM
1220 269 1505 333 ORATIO
1534 270 1953 330 PHILIPPICA
1984 271 2097 331 xl.
2312 283 2407 335 136

295 422 550 482 alterius
582 421 847 482 auditus.
908 422 1033 481 ΧΠ.
1062 424 1216 483 Num
1250 421 1432 498 igitur
1455 424 1681 483 Brutus
1710 424 2101 496 exspectavit
2137 423 2402 485 decreta

298 515 539 580 nostra,
571 523 759 581 quum
790 506 992 566 studia
1023 514 1277 567 nossemt
1339 506 1553 582 Neque
1581 505 1741 565 enim
1775 514 1873 565 est
1897 504 1959 564 in
1993 506 2401 581 provinciam

297 606 473 649 suam
520 590 757 649 Cretam
801 591 1143 664 prosectusz
1193 589 1254 649 in
1292 588 1717 652 Macedoniam
1744 588 2002 649 alienam
2035 590 2402 651 advolavit=

298 673 502 732 omnia
541 690 655 733 sua
684 672 947 747 putavit,
1004 690 1161 748 quae
1194 689 1307 734 vos
1350 681 1556 733 vestra
1611 686 1758 731 esse
1800 671 2039 732 velitis:
2104 672 2400 747 legiones

298 755 669 831 conscripsit
693 773 917 828 novas,
952 756 1200 831 excepit
1234 766 1504 817 veteres:
1547 756 1876 831 equitatum
1911 756 1993 815 ad
2026 772 2106 815 se
2130 757 2398 819 abduxit

297 840 650 900 Dolabellae
689 847 876 914 atque
919 855 1058 899 eum
1101 842 1374 901 nondum
1417 848 1581 899 tanto
1619 838 1945 913 parricidio
1982 839 2263 900 oblitum
2295 843 2395 901 ho-

296 932 453 986 stem
496 940 610 984 sua
650 922 948 983 sententia
989 922 1298 984 iudicavit.
1384 923 1533 982 Nam
1584 921 1646 982 ni
1687 921 1771 983 ita
1812 931 2011 994 esset,
2079 941 2221 996 quo
2272 925 2400 985 iure

297 1006 629 1081 equitatum
660 1023 698 1065 a
728 1008 986 1066 consule
1017 1006 1393 1067 abduceret?
1428 1004 1530 1067 28.
1577 1005 1779 1080 Quid?
1837 1004 1900 1065 C.
1934 1005 2236 1080 cassina,
2272 1007 2395 1084 pari

298 1088 711 1163 magnitudine
740 1088 923 1149 animi
953 1098 1015 1149 et
1054 1089 1294 1151 consilii
1338 1088 1684 1165 praeditus,
1740 1104 1945 1148 nonne
1975 1105 2056 1149 eo
2098 1106 2190 1150 ex
2227 1092 2393 1153 ltalia
2446 1163 2451 1168 ἡ

302 1171 557 1233 consilio
592 1173 907 1247 profectus
932 1180 1046 1244 est,
1078 1183 1143 1234 ut
1171 1173 1524 1249 prohiberet
1559 1172 1742 1251 Syria
1773 1172 2218 1234 Dolabellam?
2270 1176 2390 1249 Qua

298 1258 476 1331 lege?
539 1273 661 1330 quo
703 1256 879 1316 iure?
930 1256 1052 1330 Eo,
1104 1258 1275 1332 quod
1304 1258 1578 1332 luppiter
1604 1258 1743 1337 ipse
1769 1254 2001 1328 sanxit,
2057 1264 2128 1316 ut
2162 1260 2389 1326 omnia,

299 1339 585 1414 quae-rei
628 1339 907 1413 publicae
955 1339 1246 1400 salutaria
1285 1348 1525 1410 essent,
1579 1338 1844 1413 legitima
1887 1345 1949 1398 et
1988 1340 2162 1400 iusta
2203 1342 2381 1401 habe

300 1433 522 1485 rentur.
608 1424 720 1483 Est
749 1424 907 1482 enim
936 1425 1037 1482 lex
1073 1423 1218 1483 nihil
1245 1423 1412 1485 aliud
1442 1422 1562 1483 nisi
1590 1432 1759 1484 reeta
1782 1430 1841 1483 et
1873 1439 1910 1482 a
1946 1422 2216 1484 numine
2245 1427 2378 1486 deo

298 1526 427 1567 rum
483 1515 667 1567 tracta
722 1506 905 1581 ratio,
957 1507 1265 1581 imperans
1315 1508 1602 1579 honesta,
1661 1505 1996 1581 prohibens
2047 1510 2385 1569 contraria.

299 1591 450 1652 Huic
491 1590 672 1665 igitur
711 1591 830 1665 legi
875 1590 1072 1665 paruit
1111 1590 1396 1663 CassiuS,
1444 1607 1630 1666 quum
1665 1598 1763 1651 est
1800 1590 1861 1648 in
1893 1588 2149 1666 Syriam
2183 1594 2379 1666 prore-

296 1684 462 1748 ctuS,
522 1672 1227 1749 alienamprovinciam,
1284 1675 1336 1735 si
1375 1674 1655 1734 homines
1685 1672 1924 1749 legibus
1956 1673 2222 1749 scriptis
2262 1683 2372 1736 ute

294 1767 529 1830 rentur,
582 1756 679 1818 his
718 1773 866 1818 vero
900 1757 1220 1833 oppressis
1259 1775 1433 1818 suam
1475 1758 1611 1832 lege
1644 1766 1913 1817 naturae.
2003 1756 2114 1817 29.
2162 1758 2297 1819 Sed
2326 1767 2384 1819 ut

294 1858 370 1901 ea
401 1849 609 1901 vestra
640 1856 890 1916 quoque
917 1841 1277 1902 auctoritate
1298 1843 1596 1914 firmetur,
1627 1856 1886 1901 censeoz
1929 1840 2134 1913 Quum
2165 1843 2240 1901 P.
2268 1844 2379 1903 Do—

295 1925 546 1998 labella,
608 1923 838 2022 quique
873 1926 1008 1987 eius
1049 1924 1455 1987 crudelissimi
1483 1933 1546 1986 et
1573 1923 1901 1987 taeterrimi
1939 1924 2250 1986 facinoris
2281 1927 2378 1987 mi-

297 2008 501 2081 nistri,
544 2006 732 2082 socii,
774 2008 1091 2070 adiutores
1121 2012 1392 2083 suerunt,
1426 2010 1642 2070 hostes
1674 2008 1887 2084 populi
1916 2009 2188 2070 Romani
2219 2027 2262 2070 a
2293 2026 2383 2071 se-

297 2102 441 2154 natu
470 2092 718 2163 iudicati
748 2092 895 2167 sint,
930 2109 1243 2190 quumque
1271 2102 1523 2154 senatus
1551 2092 1615 2152 P.
1626 2092 2004 2153 Dolabellam
2036 2093 2217 2153 bello
2253 2111 2382 2169 per·

297 2176 680 2251 sequendum
724 2177 1064 2248 censuerit,
1116 2186 1184 2237 ut
1221 2177 1307 2251 is,
1352 2176 1456 2252 qui
1504 2176 1707 2235 omnia
1735 2176 1991 2235 deorum
2028 2175 2384 2238 hominum·

298 2276 419 2335 que
448 2260 579 2319 iura
607 2276 792 2333 novo,
825 2259 1117 2334 inaudito,
1147 2259 1502 2337 inexpiabili
1531 2260 1766 2320 scelere
1795 2257 2085 2334 polluerit
2115 2261 2383 2323 nefario-

298 2359 418 2418 que
444 2359 516 2402 se
546 2343 782 2417 patriae
799 2343 1127 2418 parricidio
1153 2344 1574 2415 obstrinxerit,
1610 2358 1842 2418 poenas
1868 2342 1966 2401 dis
1994 2342 2384 2406 hominibus·

298 2441 420 2500 que
460 2424 706 2485 meritas
751 2426 1114 2500 debitasque
1161 2429 1504 2503 persolvat:
1589 2425 1694 2486 30.
1745 2421 1985 2486 senatui
2029 2427 2299 2508 plaeere
2327 2428 2383 2487 C.

299 2509 578 2570 Cassium
623 2526 735 2585 pro
779 2513 1034 2571 consule
1077 2510 1453 2586 provinciam
1502 2509 1744 2586 Syriam
1788 2508 2098 2580 obtinere,
2151 2519 2229 2571 ut
2285 2509 2382 2586 qui

296 2594 525 2669 optimo
558 2594 687 2655 iure
717 2611 852 2655 eam
891 2593 1265 2670 provinciam
1301 2593 1651 2665 obtinuerit,
1681 2607 1944 2667 eumque
1975 2608 2013 2652 a
2041 2591 2117 2666 Q.
2147 2593 2385 2655 Marcio

297 2678 520 2754 Crispo
554 2695 663 2754 pro
696 2681 981 2749 consule,
1009 2679 1075 2737 L.
1103 2677 1294 2738 Statio
1330 2678 1544 2737 Murco
1577 2693 1687 2750 pro
1718 2676 1994 2748 consule,
2022 2675 2104 2735 A.
2134 2678 2386 2739 Allieno

296 2765 496 2837 legato
517 2763 850 2823 exereitum
870 2761 1154 2837 accipere
1182 2777 1420 2835 eosque
1454 2760 1509 2819 ei
1539 2761 1806 2829 tradere,
1846 2775 2117 2833 cumque
2172 2758 2260 2821 iis
2290 2777 2384 2823 co-

298 2845 413 2920 piis
452 2857 513 2908 et
545 2846 598 2907 si
630 2863 786 2921 quas
817 2853 1134 2921 praeterea
1162 2845 1484 2919 paraverit,
1517 2844 1690 2920 belle,
1707 2842 1769 2901 Ρ.
1799 2842 2188 2903 Dolabellam
2226 2853 2386 2907 terra

296 2928 574 3003 marique
603 2928 923 3005 persequi=
954 2930 1087 2990 eius
1116 2927 1260 2988 belli
1287 2926 1541 3002 gerendi
1563 2943 1783 2998 causa,
1814 2925 2041 3000 quibus
2073 2926 2137 2987 ei
2176 2929 2385 2990 videa·

301 3020 424 3084 tur,
461 3029 685 3083 naveS,
716 3021 964 3080 nautas,
1011 3013 1330 3088 pecuniam
1411 3019 1768 3084 ceteraque,
1819 3025 1981 3084 quae
2020 3011 2105 3071 ad
2147 3011 2217 3072 id
2264 3013 2383 3073 bel·

298 3095 419 3153 lum
450 3095 785 3168 gerendum
819 3097 1185 3171 pertineant,
1227 3104 1294 3156 ut
1323 3093 1661 3169 imperandi
1691 3092 1749 3153 in
1787 3093 1999 3170 Syria,
2036 3094 2238 3169 Asia,
2292 3094 2385 3156 Bi·

296 3176 539 3253 thynia,
572 3177 765 3238 Ponto
801 3178 897 3238 ius
931 3187 1418 3255 potestatemque
1453 3177 1700 3249 habeat,
1745 3177 1985 3251 utique,
2018 3195 2384 3252 quamcum·
2428 3234 2437 3243 .

300 3276 420 3332 que
467 3258 525 3317 in
580 3260 957 3332 provinciam
1001 3262 1136 3324 eius
1176 3261 1319 3324 belli
1358 3261 1610 3337 gerendi
1654 3277 1846 3321 causa
1886 3260 2259 3336 advenerit,
2306 3262 2384 3325 ibi

297 3340 497 3400 maius
546 3341 876 3438 imperium
898 3346 960 3404 C.
994 3345 1189 3407 Cassii
1226 3362 1336 3422 pro
1382 3347 1638 3407 consule
1681 3343 1789 3417 sit,
1853 3360 2035 3418 quam
2071 3346 2223 3407 eius
2256 3345 2385 3418 ent.

287 3422 408 3495 qui
457 3439 592 3483 eam
645 3424 1033 3524 provinciam·
1063 3437 1185 3489 tum
1235 3428 1561 3504 obtinebit,
1621 3445 1806 3504 quum
1854 3427 1916 3487 C
1962 3428 2239 3492 Cassius
2282 3447 2385 3509 pro

292 3506 554 3565 consule
590 3506 646 3565 in
681 3525 812 3567 eam
862 3512 1241 3584 provinciam
1287 3512 1549 3574 venerit·
1637 3511 1738 3574 31.
1784 3526 1989 3586 regem
2020 3511 2385 3589 Deiotarum
