2514 3928
318 281 442 343 366
611 278 688 337 IN
715 278 796 336 M.
826 274 1231 337 ANTONIUM
1260 270 1547 334 ORATIO
1575 271 2004 333 PHILIPPICA
2035 272 2112 329 V.
2344 278 2420 334 68

320 433 421 493 die
463 434 723 507 primum
769 430 1070 489 referente
1120 425 1255 485 viro
1301 417 1634 486 fortissimo
1670 422 1974 499 vobisque
2002 417 2419 494 amicissimo,

321 516 397 579 Μ.
423 515 542 575 hoc
566 513 719 574 Seri
722 510 857 584 illo
891 508 1287 585 collegisque
1302 508 1467 581 eius,
1503 505 1910 567 ornatissimis
1940 503 2118 578 viriS,
2149 503 2421 581 optimis

321 599 593 672 civibus,
655 598 841 671 longo
883 593 1201 656 intervallo
1244 605 1343 653 me
1384 582 1637 652 auctore
1679 599 1740 652 et
1779 588 2058 666 principe
2097 589 2180 648 ad
2227 603 2416 663 spem

334 644 611 746 ibertati’s
648 677 1009 741 exarsimus.
1093 741 1098 744 ,

1152 822 1556 830 m-——u

909 979 993 1059 M.
1053 978 1325 1060 Τυιιιι
1379 944 1806 1059 emmonis

435 1128 535 1222 IN
597 1129 699 1225 Μ.
743 1128 1239 1227 ΑΝΤΟΝΙΠΜ
1305 1127 1662 1225 ORATIO
1721 1129 2278 1225 PHILIPPICA

1191 1277 1573 1382 QUINTA.

1020 1615 1698 1677 ARGUMENTUM.

323 1751 328 1760 “
430 1752 595 1812 Quum
632 1751 694 1800 D.
735 1750 891 1800 Bruto
927 1750 1120 1800 consuli
1152 1752 1421 1815 designato
1459 1750 1621 1801 Gallia
1646 1750 1845 1800 citerIor
1879 1764 1911 1799 a
1942 1748 1998 1804 C.
2038 1747 2264 1801 Caesare
2298 1750 2414 1802 data

322 1829 458 1872 esset
493 1820 783 1885 provincia,
835 1834 997 1882 eaque
1040 1834 1121 1868 res
1167 1834 1196 1868 a
1242 1829 1425 1869 senatu
1466 1829 1583 1885 post
1613 1818 1842 1869 Caesaris
1886 1833 2063 1871 necem
2107 1818 2413 1870 confirmata

322 1899 485 1948 esset,
519 1898 687 1937 tamen
724 1886 791 1941 M.
826 1889 1104 1948 Antonius,
1155 1897 1208 1937 ut
1241 1902 1362 1938 suas
1402 1903 1526 1954 opes
1562 1896 1771 1954 augeret
1788 1924 1807 1953 ‚
1851 1888 1898 1938 ei
1926 1888 2212 1938 concedere
2250 1888 2412 1938 noluit

320 1974 538 2022 eumque
574 1973 633 2007 eo
668 1964 928 2022 tempore,
960 1973 1060 2022 quo
1096 1958 1216 2007 novi
1248 1956 1487 2008 consules
1533 1959 1588 2014 C.
1639 1961 1802 2009 Pansa
1847 1961 1912 2010 A.
1966 1957 2158 2008 Hirtius
2226 1954 2408 2008 KaIen-

320 2029 401 2078 dis
435 2026 684 2077 Ianuariis
730 2041 863 2076 anno
905 2041 959 2092 p.
989 2042 1040 2076 u.
1072 2043 1115 2082 c.
1147 2027 1266 2078 711.
1304 2035 1537 2077 senatum
1570 2028 1621 2077 in
1662 2026 1908 2091 templum
1934 2025 2256 2077 Concordiae
2292 2041 2411 2077 con·

322 2103 654 2153 vocaverunt,
695 2094 919 2146 Mutlnae
957 2096 1208 2147 inclusum
1248 2104 1402 2160 atquc
1437 2097 1704 2146 obsessum
1741 2097 1962 2146 tenebat.
2034 2094 2207 2155 Quum
2249 2097 2410 2162 igitur

320 2165 555 2217 consules
593 2181 655 2217 eo
693 2165 778 2215 die
824 2165 888 2215 de
938 2166 1077 2216 omni
1125 2173 1261 2215 statu
1302 2165 1374 2214 rei
1426 2166 1660 2230 publicae
1708 2164 1980 2224 referrent,
2033 2178 2252 2214 necesse
2306 2174 2410 2214 emt

319 2235 625 2285 mentionem
670 2233 780 2284 fleri
818 2235 972 2283 etIam
1014 2234 1077 2283 de
1111 2233 1337 2284 Mutinae
1382 2235 1648 2286 obsidione
1688 2242 1738 2283 et
1779 2234 1952 2299 rogari
2000 2233 2143 2298 quid.
2165 2234 2410 2298 patribus

321 2303 625 2368 conscriptis
662 2303 726 2352 de
767 2317 828 2352 ea
860 2316 914 2351 re
948 2301 1189 2366 placeret.
1236 2302 1300 2352 Et
1334 2318 1492 2367 quum
1527 2304 1586 2364 Q.
1624 2302 1794 2353 Fufius
1832 2301 2074 2361 Calenus,
2113 2301 2203 2364 qui
2241 2301 2409 2352 fuerat

322 2370 498 2420 consul
534 2385 665 2420 anno
701 2384 755 2435 p.
797 2386 848 2424 u.
887 2386 932 2420 c.
969 2370 1113 2437 707„
1160 2372 1360 2436 primus
1409 2373 1707 2422 sententiam
1738 2379 1977 2436 rogatus,
2012 2370 2154 2434 quod
2188 2370 2267 2420 M.
2304 2373 2409 2423 An·

321 2438 457 2490 tonio
490 2438 721 2497 favebat,
771 2437 969 2504 legatos
1004 2440 1073 2490 ad
1105 2440 1385 2490 Antonium
1418 2441 1482 2491 de
1514 2456 1644 2507 pace
1673 2441 1947 2490 mittendos
1981 2439 2301 2503 censuisset,
2339 2440 2408 2488 Μ.

277 2512 282 2525 ’
322 2508 493 2559 Cicero
509 2545 524 2568 ,
572 2523 729 2571 quum
766 2516 886 2574 post
920 2523 1032 2559 eam
1060 2511 1361 2560 sententiam
1399 2518 1610 2576 rogatus
1639 2515 1772 2559 esset
1786 2545 1802 2570 ,
1837 2509 2160 2558 vehementer
2190 2509 2265 2558 ab
2297 2509 2408 2559 cius

320 2578 569 2629 sententia
616 2577 857 2628 dissensit
917 2592 979 2627 ac
1016 2577 1183 2629 nullos
1229 2579 1425 2643 legatos
1462 2578 1767 2640 mittendos,
1821 2586 1935 2628 acta
1969 2577 2036 2626 M.
2072 2577 2296 2628 Antonii
2330 2593 2410 2627 re-

320 2647 625 2711 scindenda,
665 2647 909 2713 praemiis
942 2663 1061 2706 eos,
1108 2648 1197 2710 qui
1232 2656 1405 2698 contra
1441 2663 1559 2699 eum
1594 2662 1701 2697 rem
1736 2645 1993 2711 publicam
2028 2643 2407 2710 defendissent,

321 2716 635 2768 adliciendos
669 2716 884 2783 censuit,
916 2731 1129 2781 eamque
1167 2717 1467 2765 sententiam
1503 2731 1584 2776 ea,
1618 2730 1748 2779 quae
1782 2714 1916 2764 infra
1939 2714 2133 2778 scripta
2158 2721 2262 2776 est,
2297 2729 2412 2764 ora·

320 2787 461 2836 tione
496 2787 784 2836 accuratius
818 2785 1053 2850 exposuit
1088 2801 1149 2835 ac
1182 2785 1430 2835 defendit.

449 2938 495 2996 I.
543 2936 598 2996 1.
640 2937 796 2999 Nihil
839 2954 1126 3014 umquam
1166 2935 1412 3012 longius
1454 2935 1550 2996 his
1583 2934 1879 2996 Kalendis
1909 2931 2212 2994 Ianuariis
2263 2933 2410 2995 mihi

326 3018 525 3080 visum
555 3029 680 3095 est,
711 3028 917 3097 patres
942 3020 1307 3096 conscripti.
1342 3021 1508 3095 quod
1532 3018 1692 3079 idem
1717 3017 1943 3093 intelli
1910 3019 2124 3078 eham
2151 3032 2277 3092 per
2293 3018 2412 3077 hos

326 3100 459 3161 dies
507 3102 607 3160 uni
650 3103 874 3179 cuique
916 3114 1182 3166 vestrum
1226 3103 1437 3164 videri.
1522 3101 1635 3177 Qui
1677 3101 1837 3162 enim
1878 3101 2102 3161 bellum
2151 3116 2302 3160 cum
2346 3118 2415 3160 re

332 3183 571 3260 publica
615 3193 861 3258 gerunt,
904 3187 1067 3248 hunc
1114 3188 1276 3248 diem
1317 3204 1438 3248 non
1485 3187 1943 3261 exspectabant.
2025 3184 2155 3244 Nos
2202 3196 2412 3245 autem

328 3275 447 3326 tum
464 3311 481 3339 ‚
514 3284 699 3341 quum
728 3268 990 3331 maxime
1014 3270 1273 3333 consilio
1298 3281 1509 3332 nostro
1537 3269 1868 3331 subvenire
1892 3265 2204 3328 communi
2227 3269 2412 3329 saluti

326 3355 667 3424 oporteret,
714 3350 774 3410 in
804 3359 1080 3415 senatum
1111 3371 1233 3414 non
1268 3354 1657 3415 vocabamur.
1729 3351 2206 3427 Sedquerellam
2230 3367 2410 3429 prae-

330 3430 638 3493 teritorum
682 3434 917 3496 dierum
961 3437 1204 3498 sustulit
1253 3438 1446 3498 oratio
1507 3437 1852 3509 consulum,
1919 3433 2024 3512 qui
2078 3433 2163 3494 ita
2213 3433 2409 3497 locuti

326 3523 495 3587 sunt,
546 3525 610 3576 ut
649 3517 844 3592 magis
888 3527 1211 3594 exoptatae
1243 3521 1557 3580 Kalendae
1598 3536 1777 3595 quam
1825 3532 1999 3579 serae
2042 3534 2191 3578 esse
2237 3519 2411 3580 vide-
