2514 3928
149 94 217 104 ψ’

227 73 443 93 θ’

350 103 389 111 ‘a
406 103 831 113 ‚Q
872 104 885 109 —
912 102 1822 113 —afflrffl
1839 102 1958 112 -kn--c-
2001 99 2384 112 ...mn-m
2430 100 2432 111 A

1889 182 1910 210 9

973 266 1355 320 PROOEMIUM
1386 267 1695 321 EDITORIS.
2330 288 2385 323 tx

299 407 422 459 enim
465 421 688 472 umquam
723 407 879 475 virum
914 413 1014 457 tam
1048 407 1313 456 immortali
1348 403 1530 471 viv-'tute
1564 409 1801 477 vidimus,
1839 423 1988 470 quam
2031 415 2235 459 auctore
2271 411 2385 461 cod.

295 491 403 542 reg.
443 475 601 527 Paris,
642 476 705 526 A.
748 483 813 538 et,
831 483 950 525 vett.
984 476 1101 526 edd.
1138 473 1422 538 praeditum
1468 484 1582 541 post
1616 479 1797 527 uirtute
1828 477 2122 545 adiungere.
2198 479 2389 530 Eodem

294 545 448 596 modo
480 545 615 596 infra
642 538 840 595 locut'us
872 553 949 594 est
985 543 1161 594 Cicero
1193 558 1306 609 cap.
1341 544 1430 600 43.
1467 547 1515 606 S.
1536 539 1630 598 93.
1667 542 1846 612 quotue
1874 547 2080 611 queisque
2114 549 2393 599 invenietur

294 621 441 666 tanta
469 617 649 665 virtute
677 615 770 679 vir,
797 615 894 679 qua·
921 621 1013 665 etc.
1047 614 1333 676 praeditum
1366 613 1491 663 mihi
1525 630 1589 664 ex
1618 611 1931 680 glossemate.
1953 624 2125 664 natum
2163 631 2277 666 esse
2311 619 2390 667 vi-

295 684 462 735 detur.
535 682 711 734 Paullo
743 690 859 748 post
893 691 1030 732 recte
1072 683 1123 732 in
1168 682 1312 733 libris
1348 683 1564 747 habetur
1596 684 1950 745 omnibus:‚si
1978 699 2065 734 res
2099 685 2307 749 publica
2344 687 2395 736 vi

295 766 633 818 consensuque
661 753 922 803 audacium
957 753 1111 802 armis
1141 766 1392 816 oppressa
1419 759 1678 804 teneretur
1700 761 1793 804 etc.
1840 751 1969 801 Nam
2004 755 2143 814 quod
2180 755 2390 804 Iacobus

297 821 335 871 1.
368 836 416 870 c.
451 836 508 887 p.
544 821 661 872 710.
700 821 898 886 putavit
936 822 988 871 in
1023 820 1209 871 malam
1248 829 1446 886 partem
1480 836 1583 872 non
1618 822 1720 872 dici
1763 835 2050 873 eonsensum
2095 830 2146 871 et
2192 837 2398 874 conses-

293 905 450 956 suque
472 891 625 941 scribi
643 891 823 953 voluit,
851 889 905 940 id
924 904 1136 955 prorsus
1163 889 1348 940 falsum
1375 899 1470 944 est.
1511 890 1709 942 Etenim
1740 899 1790 940 et
1814 892 2071 941 consensio
2089 893 2393 956 saepissime

296 960 361 1009 de
391 958 567 1009 illicita
600 959 973 1025 conspiratione
1005 960 1188 1010 dicitur>
1214 968 1264 1008 et
1291 974 1591 1021 consensus,
1632 959 1787 1011 veluti
1810 974 2081 1010 consensus
2120 967 2394 1024 temptatae

294 1029 589 1093 defectionis
622 1044 654 1079 a
688 1028 836 1079 Livio
867 1027 953 1081 lib.
983 1028 1169 1079 XXIII.
1197 1042 1310 1093 cap.
1341 1030 1427 1083 15.
1458 1038 1508 1079 et
1530 1044 1804 1080 consensus
1829 1030 1965 1079 incer
1994 1031 2153 1079 malos
2188 1029 2264 1079 ad
2289 1029 2391 1079 bel-

293 1100 390 1148 lum
424 1113 455 1147 a
489 1097 664 1150 Tacito
685 1097 803 1149 hist.
836 1097 925 1150 lib.
956 1099 1143 1162 Lcap.
1174 1098 1243 1148 54
1271 1107 1399 1149 extr.
1440 1106 1489 1148 et
1528 1097 1625 1148 hoc
1668 1099 1779 1149 loco
1816 1098 1954 1162 quod
1988 1097 2283 1148 adiunctum
2318 1107 2394 1148 est

295 1167 558 1218 audacium
594 1182 743 1231 quem
778 1167 848 1217 ad
875 1162 1083 1228 modum
1122 1165 1211 1216 illa
1249 1182 1354 1217 vox.
1380 1168 1648 1232 positasit
1688 1169 1816 1219 satis
1860 1167 2063 1218 indicat.
2139 1166 2262 1231 Cap.
2301 1169 2387 1216 42.

294 1236 347 1298 S.
384 1234 471 1288 90.
510 1238 669 1287 miror
709 1237 762 1307 ip
798 1236 966 1285 verbis
999 1236 1111 1285 his:
1163 1236 1271 1298 Quo
1305 1237 1448 1287 modo
1483 1239 1648 1302 {picur-
1677 1237 1794 1289 Iton·
1815 1238 1867 1285 in
1909 1251 2098 1300 genere
2142 1236 2406 1301 praesidii

294 1306 573 1368 comparati
606 1319 820 1354 accusas
852 1303 1093 1367 Sestium,
1129 1319 1273 1369 quum
1307 1306 1437 1356 idem
1470 1307 1649 1354 laudes
1680 1306 1954 1355 Milonem?
1989 1306 2242 1355 offensum
2278 1318 2394 1354 esse

295 1373 537 1423 Iacobum
568 1373 608 1421 l.
636 1365 703 1423 cs
723 1387 777 1435 p.
801 1371 922 1425 710.
956 1380 1013 1420 et
1043 1387 1137 1434 pro
1164 1373 1339 1428 verbis
1369 1371 1461 1427 hoc
1487 1374 1541 1421 in
1567 1387 1753 1437 genere
1782 1374 1936 1422 scribi
1970 1373 2219 1425 voluisse:
2252 1373 2402 1423 homo

298 1442 486 1504 inique.
524 1439 603 1489 De
634 1438 849 1489 formula
879 1439 1085 1488 dicendi
1109 1454 1354 1489 accusare
1377 1440 1589 1503 aliquem
1613 1441 1668 1488 in
1701 1438 1872 1504 'aliqua
1907 1457 1966 1490 re
1988 1430 2401 1506 certa-exempla

302 1511 408 1558 iarn
445 1507 596 1572 posui
641 1507 695 1556 in
726 1507 920 1558 Leoeico
954 1506 1144 1558 Latino
1188 1522 1292 1558 meo
1326 1505 1430 1562 vol.
1472 1509 1509 1557 1.
1546 1522 1599 1573 p.
1633 1508 1719 1557 74.
1751 1523 1823 1569 a.‚
1857 1508 2110 1559 Ciceronis
2152 1511 2226 1561 ad
2262 1511 2388 1575 fam.

298 1577 390 1630 lib.
430 1577 518 1629 111.
555 1589 639 1640 ep.
682 1575 763 1627 11.
804 1577 855 1638 S.
896 1577 947 1627 4.
989 1583 1041 1626 te
1067 1576 1248 1626 leniter
1280 1591 1527 1627 accusem
1561 1579 1612 1627 in
1646 1591 1734 1635 ev,
1781 1577 1917 1641 quod
1949 1577 2118 1628 deme
2151 1581 2248 1629 cito
2280 1594 2401 1629 cre·

296 1646 532 1696 didi-esea.
576 1643 640 1695 cl.
680 1645 755 1695 ad
782 1645 1001 1696 Atticum
1035 1646 1121 1694 lib.
1154 1645 1264 1694 vn.
1297 1660 1378 1711 ep.
1425 1647 1503 1696 17.
1537 1648 1588 1708 5.
1632 1647 1681 1696 1.
1717 1647 1793 1696 ad
1837 1645 1897 1707 Q.
1934 1645 2151 1708 fratrem
2195 1647 2285 1698 lib.
2331 1647 2389 1695 ΙΙ.

294 1729 378 1780 ep.
418 1715 468 1765 2.
503 1714 555 1776 S.
595 1713 641 1765 l.
679 1713 753 1764 Et
777 1716 988 1778 pm‘mum
1019 1730 1096 1766 me
1125 1714 1218 1765 tibi
1243 1730 1434 1766 excuso
1468 1717 1520 1764 in
1553 1730 1630 1771 eo,
1661 1716 1713 1764 in
1750 1729 1848 1781 quo
1875 1721 1924 1764 te
1954 1729 2153 1765 accuso.
2190 1714 2292 1765 Sed
2328 1716 2396 1763 si-

295 1783 543 1834 millimus
615 1779 768 1832 huius
819 1781 920 1832 loci
964 1790 1041 1832 est
1085 1781 1200 1845 ille,
1250 1783 1337 1844 qui
1380 1781 1566 1846 legitur
1615 1785 1668 1834 in
1716 1783 1947 1837 oratione
1985 1798 2088 1846 pro
2138 1783 2199 1833 P.
2252 1782 2402 1833 Sulla

295 1867 410 1918 cap.
449 1853 534 1902 22.
568 1852 618 1914 5.
653 1849 740 1904 63.
777 1859 927 1918 atque
974 1853 1028 1902 in
1071 1867 1136 1903 ea
1182 1867 1244 1903 re
1286 1867 1385 1915 per
1414 1853 1479 1904 L.
1523 1853 1786 1904 Caecilium
1818 1850 1963 1902 Sulla
2000 1860 2296 1907 accusatur.
2345 1856 2398 1903 in

294 1937 396 1989 qua
422 1936 482 1973 re
518 1927 597 1972 est
629 1927 839 1987 uterque
873 1921 1199 1983 laudandus„
1238 1921 1376 1985 quod
1426 1937 1486 1972 eo
1519 1921 1629 1972 loco
1672 1923 1828 1973 verba
1868 1921 2142 1972 accusandi
2187 1929 2237 1973 et
2285 1921 2394 1972 lan-

296 1991 453 2042 dandi
475 1990 656 2040 eodem
685 2006 786 2053 quo
813 1991 901 2041 hic
925 1992 1077 2041 modo
1114 1992 1387 2073 Qniuncta
1418 2000 1555 2050 sunt,
1592 1998 1643 2040 et
1662 1998 1799 2042 recte
1822 1990 1887 2040 de
1912 1992 2153 2041 universa
2185 1991 2391 2042 dicendi

296 2059 492 2111 ratione
532 2059 810 2124 disputavit
844 2060 897 2110 F.
936 2059 1267 2122 Harmina,
1315 2061 1459 2109 cuius
1505 2061 1609 2109 iam
1644 2059 1870 2109 Halmius
1901 2061 2205 2110 mentionem
2254 2060 2398 2118 fecit,

296 2131 351 2180 in
388 2127 673 2179 Tursellino
718 2127 818 2179 vol.
864 2129 947 2180 111.
981 2143 1033 2193 ρ.
1070 2129 1190 2180 270.
1267 2126 1389 2193 cap.
1427 2129 1516 2179 41.
1555 2130 1605 2189 S.
1645 2126 1731 2179 91.
1784 2143 2092 2192 quamquam
2140 2129 2393 2194 scriptura

258 2197 418 2256 «βοὰ.
458 2211 569 2261 reg.
606 2195 763 2247 Paris.
807 2212 893 2247 res
933 2198 1005 2247 ad
1035 2212 1325 2247 communem
1356 2198 1610 2247 utilitatem
1643 2200 1950 2248 concinentes
1984 2205 2103 2262 post
2140 2212 2221 2247 me
2259 2206 2395 2246 tuta·

296 2272 382 2317 tus
420 2272 499 2315 est
534 2264 686 2314 etiam
721 2263 1099 2331 Seyffertus
1135 2266 1168 2317 l.
1210 2282 1254 2317 c.
1290 2280 1343 2331 p.
1385 2264 1495 2324 63..
1528 2273 1698 2315 tamen
1732 2280 1869 2315 nunc
1901 2280 2074 2316 veram
2104 2281 2220 2316 esse
2253 2264 2395 2314 illam

297 2334 600 2400 scripturam
631 2348 731 2384 non
763 2335 945 2395 credo,
991 2342 1041 2386 et
1084 2350 1240 2397 quum
1291 2337 1342 2383 in
1385 2334 1528 2385 libris
1570 2336 1804 2385 omnibus
1839 2335 1912 2392 ad
1948 2342 2066 2384 ante
2104 2349 2401 2386 communem

300 2403 517 2469 legatur,
538 2403 882 2468 participium,
908 2404 1045 2467 quod
1075 2404 1324 2467 sequitur,
1357 2418 1422 2453 ex
1448 2404 1747 2469 compendio
1770 2403 1898 2453 falso
1929 2403 2187 2454 intellecto
2217 2411 2394 2452 natum

299 2487 414 2523 esse
461 2473 720 2524 existimo.
792 2474 947 2524 Posui
989 2473 1146 2539 igitur
1189 2487 1283 2537 pro
1327 2474 1631 2523 continentes
1675 2488 1786 2522 eam
1836 2486 2040 2530 vocem,
2084 2488 2213 2535 quae
2252 2472 2303 2520 in
2341 2486 2400 2519 re

298 2541 505 2608 publica
539 2542 893 2592 constituenda
928 2543 1149 2592 maxIme
1183 2542 1388 2606 propria
1422 2549 1527 2600 est,
1567 2548 1618 2592 et
1647 2543 1831 2606 scripsi
1868 2541 2139 2591 audacius:
2177 2548 2275 2591 mm
2310 2554 2402 2589 res

299 2610 374 2661 ad
403 2625 690 2662 conununem
723 2612 983 2663 utititaeem
1003 2614 1314 2676 constitutas,
1352 2626 1481 2676 quas
1507 2610 1737 2675 publicas
1768 2611 2093 2674 appellamus.
2148 2609 2271 2674 Cap.
2306 2610 2391 2658 45.

299 2681 350 2743 5.
388 2679 476 2731 97.
517 2679 570 2728 in
608 2678 719 2730 loco
757 2680 1032 2730 admodum
1068 2687 1388 2730 controverso
1419 2687 1622 2729 secutus
1651 2694 1768 2729 sum
1799 2678 2086 2737 Halmium,
2135 2680 2223 2741 qui
2274 2678 2396 2726 scri-

299 2749 433 2815 psit:
469 2748 570 2799 Est
602 2750 758 2815 iyicur
787 2756 844 2800 ut
873 2751 913 2800 ii
941 2752 1045 2801 sint
1074 2756 1167 2800 etc.
1227 2747 1333 2798 Sed
1371 2749 1843 2799 commemoratione
1895 2747 2055 2812 digna
2100 2747 2251 2796 etiam
2301 2746 2401 2796 hoo

301 2818 414 2868 loco
440 2825 518 2868 est
547 2817 702 2883 Ieepii
729 2820 877 2876 ratio,
910 2819 998 2882 qui
1027 2818 1064 2873 1.
1093 2833 1139 2867 c.
1164 2832 1218 2883 p.
1244 2816 1280 2868 6
1310 2831 1387 2881 sq.
1425 2817 1510 2868 En
1534 2818 1689 2881 igitur
1714 2824 1770 2867 ut
1796 2819 1835 2868 ii
1863 2819 1967 2868 sint
1992 2823 2088 2866 ece.
2126 2815 2284 2866 scribi
2308 2829 2398 2864 vo-

300 2887 414 2939 luit.
465 2884 587 2953 Cap.
622 2886 712 2939 48.
750 2888 800 2950 5.
846 2888 961 2940 102.
989 2888 1048 2937 'in
1085 2903 1146 2939 eo
1183 2886 1315 2947 loco,
1351 2886 1441 2936 ubi
1477 2885 1651 2935 Cicero
1690 2886 1827 2935 Accii
1863 2887 2044 2951 poetae
2073 2885 2230 2935 verba
2258 2899 2395 2933 rece-

298 2956 376 3022 pit
414 2956 468 3005 in
497 2956 774 3006 orationem
805 2970 968 3020 suam,
998 2955 1208 3006 difficile
1235 2962 1314 3006 est
1337 2954 1541 3022 singula
1567 2962 1843 3019 praestare,
1877 2953 2115 3017 quoniam
2142 2955 2400 3004 nescimus

300 3024 429 3089 quid
464 3032 634 3075 orator
664 3026 778 3089 ipse
801 3026 1085 3085 mutaverit,
1121 3024 1217 3075 sed
1245 3031 1413 3074 tamen
1444 3039 1543 3090 ego
1566 3022 1651 3073 hic
1684 3032 1886 3086 quoque
1921 3024 1971 3072 iu
1998 3022 2257 3087 plerisque
2279 3020 2395 3070 Hal-

300 3094 462 3144 mium
496 3100 704 3145 secutus
740 3108 873 3158 sum,
909 3096 997 3158 qni
1031 3093 1234 3161 singula
1266 3094 1487 3144 maxime
1524 3092 1588 3142 de
1624 3091 1985 3156 Wesenbergii
2015 3092 2264 3141 sententia
2294 3090 2394 3137 iam

298 3170 437 3213 recte
468 3163 851 3214 administrasse
876 3163 1093 3216 videtur.
1168 3160 1398 3212 conferri
1438 3174 1573 3211 nuuc
1616 3162 1768 3211 etiam
1809 3161 1873 3211 de
1918 3159 2019 3210 hoc
2060 3162 2244 3224 poetae
2282 3157 2396 3206 loco

302 3239 560 3297 poterunt,
596 3246 726 3296 quae
755 3232 909 3283 habet
940 3230 1086 3282 Otto
1115 3230 1404 3284 Ribbeck
1426 3231 1478 3280 in
1500 3228 1831 3293 Tragicorum
1853 3229 2150 3279 Latinorum
2174 3224 2407 3290 reliquiis

302 3316 354 3365 p.
389 3299 513 3355 138.
575 3299 700 3367 Cap.
728 3301 814 3353 50.
849 3302 898 3364 S.
940 3300 1058 3352 107.
1097 3299 1284 3362 scripsi
1316 3313 1450 3347 nunc
1480 3299 1695 3349 contioni
1724 3313 1819 3364 pro
1853 3300 1905 3347 in
1937 3295 2163 3346 contione
2192 3301 2399 3342 auctore

305 3369 521 3431 Halmio,
559 3370 650 3434 qui
685 3385 792 3421 rem
829 3378 965 3420 recte
1001 3366 1279 3432 expedivit.
1340 3364 1444 3415 Sed
1473 3365 1649 3432 paullo
1678 3374 1797 3431 post
1830 3364 2066 3414 codicum
2095 3362 2400 3426 scripturam

301 3442 553 3505 maiorem,
594 3447 903 3503 quamquam
938 3451 1106 3488 meam
1141 3435 1390 3499 rationem
1423 3442 1627 3485 secutus
1662 3435 1817 3483 etiam
1853 3429 2085 3481 Halmius
2123 3436 2229 3485 est,
2265 3436 2405 3472 nuno

305 3508 576 3575 repudiavi
611 3519 662 3561 et
693 3512 766 3570 id,
821 3506 960 3568 quod
994 3503 1308 3556 consuetudo
1340 3502 1542 3553 dicendi
1580 3501 1707 3550 mihi
1742 3502 1846 3549 iam
1881 3494 2284 3545 commendavit.
2322 3500 2394 3529 re-
