2514 3928
230 219 298 272 13
874 211 1038 269 CAP.
1068 221 1102 270 5
1116 219 1264 272 -8,
1309 217 1362 276 s.
1395 219 1464 272 14
1480 230 1553 254 ‘-
1570 219 1657 270 20.
2184 209 2309 272 237

225 368 325 422 tur
358 360 480 420 ulla
516 357 798 433 quaestio
836 358 914 417 de
943 358 1216 418 Africani
1239 368 1432 421 morte
1466 362 1586 421 lata
1616 368 1751 422 est?
1785 367 1947 422 certe
1977 363 2159 423 nulla.
2209 361 2310 425 17.

219 443 388 519 Quid
414 440 540 503 ita?
586 440 733 515 quia
761 457 887 500 non
916 440 1036 501 alio
1073 443 1345 503 facinore
1373 443 1519 503 clari
1549 444 1857 519 homines,
1897 445 2018 506 alio
2059 447 2306 508 obscuri

225 534 543 588 necantur.
629 523 873 584 Intersit
914 523 1072 584 inter
1110 525 1274 586 vitae
1312 525 1660 600 dignitatem
1709 544 2082 590 summorum
2122 540 2310 606 atque

226 609 607 670 infimorum:
649 623 819 667 mors
861 605 1110 682 quidem
1153 607 1317 668 illata
1363 626 1476 684 per
1515 610 1719 670 scelus
1749 610 1967 671 iisdem
1997 621 2059 673 et
2087 613 2308 688 poenis

228 699 509 753 teneatur
548 697 611 751 et
655 688 915 766 legibus.
1000 689 1131 751 Nisi
1181 694 1335 753 forte
1379 691 1572 767 magis
1609 693 1720 752 erit
1747 693 2086 768 parricida,
2119 696 2172 756 si
2205 696 2310 772 qui

231 776 614 836 consularem
651 782 884 849 patrem
937 792 1119 850 quam
1165 773 1219 833 si
1265 773 1402 848 quis
1446 773 1732 836 humilem
1763 780 2028 849 necarit,
2073 787 2180 838 aut
2234 795 2311 840 eo

228 875 397 919 mors
425 859 691 918 atrocior
719 857 832 919 erit
859 856 922 916 Ρ.
956 857 1167 932 Clodii,
1206 862 1372 933 quod
1405 857 1459 919 is
1489 858 1548 917 in
1581 857 1989 919 monumentis
2012 858 2306 921 maiorum

233 959 488 1004 suorum
516 939 597 1002 sit
624 940 977 1002 interfectus
1010 975 1098 985 —
1125 942 1245 1002 hoc
1274 941 1436 1003 enim
1466 943 1543 1002 ab
1579 940 1713 1003 istis
1743 959 1935 1018 saepe
1965 940 2186 1003 dicitur
2205 977 2307 1019 —‚

227 1025 488 1103 proinde
525 1025 702 1100 quasi
744 1025 986 1100 Appius
1031 1024 1133 1084 ille
1163 1026 1395 1087 Caecus
1434 1024 1596 1086 viam
1622 1026 1974 1098 muniverit,
2021 1043 2143 1087 non
2189 1044 2309 1103 qua

227 1111 499 1186 populus
528 1116 818 1180 uteretur,
848 1108 962 1167 sed
990 1108 1094 1167 ubi
1125 1108 1374 1182 impune
1398 1109 1494 1169 sui
1523 1111 1754 1183 posteri
1776 1110 2309 1173 latrocinarenturl

230 1193 334 1255 18.
363 1194 579 1266 Itaque
609 1189 668 1249 in
702 1191 917 1250 eadem
948 1190 1066 1250 ista
1094 1190 1298 1265 Appia
1330 1191 1427 1250 via
1458 1210 1643 1265 quum
1669 1192 2119 1254 ornatissimum
2139 1195 2310 1270 equi-

227 1286 353 1336 tem
400 1276 739 1334 Romanum
772 1273 835 1330 P.
882 1271 1131 1334 Clodius
1164 1273 1245 1331 M.
1287 1273 1589 1348 Papirium
1633 1275 1992 1348 occidisset,
2036 1295 2157 1338 non
2204 1277 2315 1338 fuit

228 1357 382 1419 illud
418 1353 657 1416 facinus
687 1355 1129 1431 poeniendum:
1176 1355 1360 1416 homo
1397 1357 1556 1415 enim
1590 1355 1811 1418 nobilis
1835 1358 1896 1416 in
1938 1358 2067 1418 suis
2099 1378 2311 1421 monu-

228 1440 457 1503 mentis
499 1438 766 1515 equitem
795 1441 1136 1499 Romanum
1182 1441 1520 1499 occiderat=
1564 1439 2044 1501 nunc‘eiusdem
2072 1443 2313 1517 Appiae

229 1541 458 1587 nomen
476 1532 735 1599 quantas
751 1523 1101 1598 tragoedias
1117 1521 1372 1584 excitat!
1401 1522 1568 1595 Quae
1590 1531 1903 1584 cruentata
1923 1533 2102 1584 antea
2122 1527 2312 1587 caede
2350 1520 2351 1523 ’

229 1607 479 1672 honesti
528 1615 713 1682 atque
755 1605 1103 1687 innocentis
1146 1605 1261 1666 viri
1302 1606 1623 1679 silebatur,
1657 1608 1870 1666 eadem
1903 1623 2065 1666 nunc
2098 1609 2313 1670 crebro

228 1702 594 1768 usurpatur,
642 1701 860 1766 postea
908 1707 1089 1766 quam
1119 1689 1372 1752 latronis
1403 1698 1461 1749 et
1489 1688 1831 1765 parricidae
1862 1690 2177 1766 sanguine·
2203 1691 2302 1751 im-

228 1779 379 1838 buta
413 1784 525 1836 est.
583 1774 709 1836 Sed
746 1774 894 1851 quid
926 1791 1042 1849 ego
1074 1774 1175 1833 illa
1205 1781 1662 1836 commemoro?
1692 1774 2188 1848 comprehensus
2220 1786 2315 1835 est

230 1859 552 1934 intemplo
587 1859 859 1920 Castoris
896 1875 1115 1923 servus
1147 1859 1209 1922 P.
1252 1857 1476 1930 Clodii,
1519 1873 1700 1933 quem
1743 1856 1843 1917 ille
1882 1859 1958 1916 ad
2006 1858 2107 1917 Cn.
2138 1859 2312 1918 Pom-

236 1942 442 2018 peium
485 1941 971 2003 interficiendum
1014 1942 1376 2004 collocaratz
1417 1950 1657 2003 extorta
1693 1949 1790 2003 est
1833 1941 2143 2003 confitenti
2185 1944 2309 2003 sica
2409 1939 2412 1942 ’

240 2027 321 2085 de
375 2024 689 2085 manibus=
730 2025 925 2086 caruit
965 2027 1097 2086 foro
1158 2035 1374 2100 postea
1418 2025 1779 2101 PompeiuS,
1841 2025 2034 2086 caruit
2077 2037 2308 2100 senatu,

239 2107 435 2169 caruit
456 2107 733 2182 publico=
777 2109 960 2167 ianua
984 2125 1054 2169 se
1084 2124 1158 2168 ac
1193 2107 1556 2184 parietibuS,
1605 2126 1728 2169 non
1765 2108 1894 2182 iure
1929 2110 2125 2184 legum
2160 2109 2313 2180 iudi-

241 2192 601 2266 ciorumque
631 2189 800 2252 texit.
850 2190 950 2253 19.
986 2192 1140 2254 Num
1170 2209 1329 2267 quae
1360 2192 1592 2268 rogatio
1628 2194 1761 2265 lata,
1786 2210 1928 2252 num
1961 2209 2119 2267 quae
2152 2210 2314 2253 nova

242 2275 522 2352 quaestio
567 2275 814 2335 decreta
860 2283 995 2336 est?
1034 2276 1220 2351 Atqui
1269 2275 1322 2336 si
1351 2293 1484 2348 res,
1529 2277 1580 2337 si
1615 2276 1736 2349 vir,
1763 2276 1815 2335 si
1844 2285 2089 2352 tempus
2125 2278 2312 2337 ullum

242 2358 493 2434 dignum
527 2358 667 2432 fuit,
712 2368 875 2420 certe
917 2360 1071 2420 haec
1113 2359 1173 2419 in
1204 2360 1305 2420 illa
1336 2376 1525 2420 causa
1555 2377 1790 2420 summa
1820 2359 2022 2421 omnia
2055 2362 2314 2421 fuerunt.

238 2444 570 2505 Insidiator
597 2449 729 2503 erat
760 2442 821 2503 in
854 2445 987 2504 l'oro
1019 2445 1357 2505 collocatus
1393 2455 1576 2518 atque
1607 2446 1665 2502 in
1702 2444 2008 2505 vestibulo
2054 2444 2192 2518 ipso
2219 2460 2315 2503 se-

234 2536 448 2602 natuS‚
477 2526 535 2587 ei
566 2524 696 2588 viro
729 2534 930 2588 autem
960 2544 1127 2603 mors
1161 2528 1515 2602 parabatur,
1560 2527 1734 2587 cuius
1768 2529 1827 2587 in
1858 2528 1984 2588 vita
2017 2527 2307 2587 nitebatur

240 2613 411 2672 salus
444 2610 736 2684 civitatis,
781 2627 856 2671 eo
890 2627 1073 2686 porro
1109 2611 1198 2670 rei
1228 2609 1508 2684 publicae
1543 2618 1846 2685 tempore,
1889 2626 2044 2684 qu0,
2079 2610 2132 2669 si
2158 2627 2314 2669 unus

236 2696 339 2755 ille
371 2693 716 2770 cecidisset,
744 2711 866 2755 non
888 2695 1043 2755 haec
1067 2697 1266 2755 solum
1291 2691 1522 2764 civitaS‚
1556 2694 1666 2752 sed
1696 2703 1909 2768 gentes
1934 2709 2147 2753 omnes
2172 2709 2316 2753 con-

100 2784 114 2794 ·
145 2787 150 2790 “
238 2777 553 2839 cidissent.
615 2779 744 2838 Nisi
776 2795 923 2840 vero
956 2777 1102 2853 quia
1132 2778 1401 2854 perfecta
1428 2792 1681 2855 res-nou
1719 2786 1829 2849 est,
1861 2792 1979 2836 non
2021 2774 2129 2836 fuit
2168 2793 2315 2851 poe-

236 2862 504 2934 nienda,
537 2860 798 2937 proinde
835 2861 1015 2937 quasi
1045 2861 1243 2924 exitus
1277 2877 1507 2933 rerum,
1554 2877 1674 2932 non
1718 2859 2027 2921 hominum
2062 2860 2319 2921 consilia

237 2946 480 3021 legibus
523 2944 925 3006 vindicentur.
1011 2944 1214 3006 Minus
1252 2944 1583 3005 dolendum
1629 2945 1741 3005 fuit
1777 2959 1844 3003 re
1876 2962 1997 3005 non
2026 2946 2316 3019 perfecta,

241 3030 358 3092 sed
388 3029 798 3105 poeniendum
831 3037 995 3089 certe
1028 3028 1215 3089 nihilo
1248 3028 1468 3089 minus.
1558 3025 1659 3089 20.
1691 3026 1980 3099 Quotiens
2015 3045 2131 3103 ego
2161 3027 2315 3103 ipse,

238 3112 499 3185 iudices,
533 3128 614 3171 ex
637 3113 703 3172 P.
734 3111 943 3173 Clodii'
962 3112 1099 3174 telis
1130 3123 1191 3174 et
1219 3129 1301 3173 ex
1328 3112 1594 3173 cruentis
1625 3112 1757 3173 eius
1787 3112 2068 3173 manibus
2098 3110 2314 3185 effugi!

238 3214 325 3257 ex
378 3195 602 3273 quibus
646 3195 699 3257 si
743 3214 839 3257 me
881 3212 1002 3256 non
1046 3198 1143 3257 vel
1184 3212 1321 3256 mea
1353 3196 1447 3257 vel
1482 3197 1572 3257 rei
1603 3197 1885 3273 publicae
1915 3197 2156 3255 fortuna
2188 3211 2316 3254 ser-

239 3287 489 3353 vasset,
522 3278 661 3354 quis
695 3282 940 3341 tandem
987 3280 1065 3341 de
1107 3279 1352 3341 interitu
1390 3296 1528 3340 meo
1576 3281 1997 3356 quaestionem
2039 3278 2320 3338 tulisset?

243 3363 403 3421 vm.
434 3362 560 3424 Sed
591 3362 756 3425 stulti
791 3381 1004 3425 sumus
1035 3364 1139 3440 qui
1175 3365 1470 3435 Drusum,
1504 3362 1608 3439 qui
1639 3363 2021 3431 Africanum,
2062 3360 2313 3429 Pompe·

244 3442 389 3517 ium,
416 3456 656 3510 nosmet
682 3448 859 3525 ipsos
889 3466 1027 3510 cum
1055 3448 1119 3508 Ρ.
1151 3449 1365 3510 Clodio
1399 3450 1678 3509 conferre
1705 3446 2058 3506 audeamus.
2144 3437 2317 3493 Tole-
