2514 3928
2479 141 2481 262 l

282 263 409 327 394
534 264 614 323 IN
639 263 721 323 M.
749 260 1157 323 ANTONlUM
1188 259 1475 323 ORATIO
1508 259 1941 322 PHILIPPICA
1968 261 2102 320 VII.
2328 267 2396 327 96

288 417 643 481 sententiam
675 412 981 490 flagitari?
1035 413 1134 476 cui
1168 432 1352 491 quum
1384 412 1582 491 pridie
1615 416 1971 490 frequentes
2002 412 2250 475 essetis
2283 415 2395 477 ad·

298 500 482 574 tensi,
512 498 845 575 prostridie
876 498 954 559 ad
985 516 1161 575 spem
1194 499 1344 560 estis
1377 500 1618 559 inanem
1653 496 1825 575 pacis
1858 496 2157 561 devoluti.
2195 498 2397 574 Quam

301 595 465 662 nrpe
506 589 693 661 porro
739 581 1018 657 legiones
1061 582 1139 643 ad
1184 589 1461 643 senatum
1502 584 1739 657 legatos
1771 580 2038 656 mittere,
2098 592 2395 646 senatum

287 671 358 730 ad
396 665 759 730 Antonium!
816 683 1183 743 quamquam
1232 667 1335 727 illa
1379 667 1602 742 legatio
1633 682 1755 727 non
1801 675 1927 728 ests
1992 666 2395 730 denuntiatio

282 763 406 829 est,
440 761 713 829 paratum
744 745 827 811 illi
860 750 1139 823 exitium,
1175 750 1295 812 nisi
1327 751 1592 827 paruerit
1620 749 1762 812 huic
1793 749 2010 811 ordini.
2097 749 2273 826 Quid
2334 768 2398 813 re

284 839 443 899 fert?
481 845 680 899 tamen
717 834 927 910 opinio
962 843 1058 897 est
1086 834 1353 910 gravior.
1433 835 1664 895 Missos
1695 833 1856 895 enim
1888 836 2131 911 legatos
2165 853 2397 898 omnes

286 922 525 983 videnta
558 918 788 982 decreti
821 919 1016 980 nostri
1044 936 1167 980 non
1208 930 1423 980 omnes
1457 920 1645 979 verba
1674 927 1996 986 noverunt.
2089 921 2172 979 V.
2228 922 2398 983 Reti-

283 1007 484 1067 nenda
533 1013 629 1066 est
670 1003 852 1079 igitur
894 1002 1074 1064 nobis
1110 1002 1481 1077 constantia,
1527 1004 1830 1079 gravitas,
1875 1004 2396 1078 perseverantia·

283 1089 619 1166 repetenda
650 1096 831 1149 vetus
860 1085 960 1147 illa
995 1087 1328 1149 severitas=
1372 1089 1424 1147 si
1459 1083 1707 1163 quidem
1739 1087 2076 1149 auctoritas
2117 1098 2392 1150 senatus

284 1175 508 1247 decus,
536 1171 949 1245 honestatem,
985 1172 1227 1233 laudem
1262 1170 1742 1248 dignitatemque
1773 1168 2124 1248 desiderat,
2157 1173 2400 1248 quibus

281 1257 470 1317 rebus
500 1255 600 1316 hic
631 1256 785 1317 ordo
830 1255 1022 1316 caruit
1063 1255 1312 1317 nimium
1345 1254 1468 1317 diu.
1558 1255 1681 1317 Sed
1719 1263 1849 1316 erat
1877 1264 2019 1316 tunc
2050 1256 2398 1318 excusatio

284 1339 639 1416 oppressis,
693 1336 917 1401 misera
946 1338 1049 1400 illa
1081 1340 1358 1416 quidem,
1410 1341 1519 1401 sed
1553 1349 1752 1403 tamen
1788 1340 1974 1400 iusta=
2011 1357 2187 1401 nunc
2226 1342 2398 1404 nulla
2480 1387 2481 1418 2

283 1434 397 1487 est.
484 1423 750 1486 Liberali
782 1424 954 1501 regio
989 1423 1302 1486 dominatu
1338 1424 1728 1485 videbamurz
1759 1424 1947 1484 multo
1980 1433 2219 1500 postea
2259 1442 2396 1501 gra·

283 1508 420 1570 vius
451 1510 862 1585 urguebamur
891 1507 1076 1569 armis
1108 1503 1485 1570 domesticis.
1571 1508 1660 1568 Ea
1694 1506 1834 1583 ipsa
1862 1507 2229 1583 depulimus
2282 1525 2395 1569 nos

285 1592 562 1669 quideme
641 1593 1067 1670 extorquenda
1096 1601 1257 1655 sunt.
1284 1593 1458 1667 Quod
1485 1590 1684 1653 sinon
1708 1608 2048 1667 possumus
2072 1592 2393 1653 facere—

284 1679 484 1738 dicam
516 1678 683 1754 quod
722 1676 971 1753 dignum
1014 1685 1110 1739 est
1152 1684 1442 1737 senatore
1497 1684 1558 1734 et
1608 1677 1888 1735 Romano
1941 1675 2202 1738 homine
2292 1710 2390 1749 -—,

282 1761 630 1823 moriamur.
720 1758 821 1823 15.
866 1761 1103 1835 Quanta
1133 1760 1294 1822 enim
1324 1762 1425 1821 illa
1460 1761 1573 1821 erit
1601 1760 1693 1821 rei
1719 1758 2005 1837 publicae
2037 1759 2390 1836 turpitudo,

285 1853 577 1921 quantum
618 1845 922 1918 dedecuS,
968 1853 1197 1921 quanta
1244 1846 1444 1918 labeS,
1499 1843 1705 1906 dicere
1741 1845 1800 1905 in
1833 1844 1952 1905 hoc
1987 1845 2217 1905 ordine
2253 1862 2391 1907 sen·

282 1928 527 1992 tentiam
558 1928 641 1990 M.
665 1927 996 1992 Antonium
1034 1928 1343 1992 consulari
1373 1931 1544 1991 loco!
1590 1928 1768 1991 cuius
1801 1936 1866 1991 ut
1894 1928 2174 1990 omittam
2210 1928 2390 1992 innu-

288 2013 596 2075 merabilia
631 2016 870 2075 scelera
903 2013 1121 2075 urbani
1151 2016 1542 2088 consulatus,
1575 2012 1633 2075 in
1669 2031 1795 2089 quo
1830 2014 2158 2090 pecuniam
2188 2014 2387 2089 publ-i·

286 2114 416 2159 cam
447 2099 772 2160 maximam
805 2097 1159 2174 dissipavit,
1206 2101 1457 2160 exsules
1503 2098 1637 2159 sine
1679 2099 1817 2174 lege
1847 2097 2141 2171 restituit,
2192 2098 2384 2160 vecti·

285 2182 442 2259 galia
483 2182 852 2256 divendidit,
897 2181 1247 2257 provincias
1289 2184 1367 2243 de
1400 2179 1618 2260 populi
1646 2182 1905 2243 Romani
1939 2179 2204 2257 imperio
2248 2200 2386 2245 sus·

290 2268 448 2340 tulit,
482 2283 675 2342 regna
709 2265 948 2328 addixit
978 2267 1269 2342 pecunia,
1302 2269 1471 2343 leges
1506 2265 1732 2328 civitati
1764 2283 1878 2342 per
1907 2264 2029 2326 vim
2059 2264 2388 2342 imposuit,

284 2349 469 2410 armis
513 2358 617 2412 aut
660 2349 904 2410 obsedit
943 2358 1047 2411 aut
1085 2352 1350 2412 exclusit
1380 2358 1686 2412 senatum=
1754 2358 1819 2412 ut
1860 2350 2049 2423 haee,
2098 2346 2385 2426 inquam,
2458 2322 2473 2431 ξ

284 2434 583 2506 omittam,
613 2450 691 2494 ne
720 2433 841 2494 hoc
874 2432 1121 2509 quidem
1153 2433 1468 2511 cogitatis,
1500 2451 1668 2506 eum,
1709 2431 1814 2510 qui
1845 2432 2141 2495 Mutinam
2162 2480 2179 2509 ,
2214 2437 2387 2497 colo-

283 2518 441 2578 niam
474 2516 690 2594 populi
724 2518 980 2579 Romani
1011 2518 1454 2593 firmissimam,
1506 2519 1906 2595 oppugnarit,
1942 2518 2386 2594 imperatorem

281 2601 497 2679 populi
520 2601 811 2675 Romani,
846 2605 1164 2664 consulem
1197 2603 1614 2678 designatum,
1651 2600 1993 2673 obsederit,
2030 2602 2386 2679 depopula-

280 2695 377 2749 tus
404 2704 590 2764 agros
621 2689 729 2780 gt,
772 2687 934 2748 hunc
968 2687 1028 2747 in
1066 2705 1203 2749 eum
1237 2687 1513 2750 ordinem
1541 2685 1764 2762 recipi,
1808 2704 1845 2747 a
1882 2704 2007 2762 quo
2036 2684 2275 2749 totiens
2310 2684 2388 2748 ob

280 2771 393 2832 has
436 2772 609 2848 ipsas
654 2788 877 2834 causas
918 2770 1120 2833 hostis
1163 2771 1468 2833 iudicatus
1518 2771 1626 2844 sit,
1679 2787 1861 2847 quam
1906 2770 2162 2831 foedum
2204 2768 2388 2847 flagi-

279 2857 632 2932 tiosumque
670 2857 790 2918 sit?

407 2937 506 3003 16.
553 2941 717 3002 Satis
748 2940 935 3001 multa
966 2937 1045 3000 de
1074 2936 1469 3015 turpitudine.
1524 2937 1737 3000 Dicam
1774 2938 2103 3015 deinceps,
2141 2947 2211 2999 ut
2240 2954 2388 3014 pro·

281 3022 499 3100 posui,
555 3026 633 3086 de
676 3024 989 3101 periculo=
1046 3019 1216 3100 quod
1261 3022 1376 3084 etsi
1417 3023 1618 3085 minus
1663 3029 1759 3084 est
1794 3021 2156 3098 'fugiendum
2194 3040 2386 3097 quam

280 3105 630 3182 turpitudo,
685 3118 886 3169 tamen
944 3105 1201 3170 offendit
1250 3105 1492 3168 animos
1535 3104 1786 3168 maioris
1829 3106 2018 3181 partis
2062 3105 2386 3169 hominum

280 3187 498 3264 magis.
558 3190 665 3249 v1.
709 3190 993 3253 Poteritis
1025 3190 1208 3268 igitur
1236 3188 1616 3267 exploratam
1642 3190 1871 3252 habere
1894 3205 2121 3271 *pacem
2143 3236 2161 3263 ,
2194 3202 2386 3271 quum

280 3275 340 3335 in
375 3272 621 3335 civitate
644 3274 977 3336 Antonium
1007 3274 1296 3336 videbitis
1327 3277 1425 3336 vel
1465 3273 1671 3351 potius
1693 3275 2045 3336 Antonios?
2070 3266 2208 3334 Nisi
2232 3275 2388 3336 forte

281 3355 672 3419 contemnitis
696 3358 985 3419 Lucium:
1022 3375 1140 3434 ego
1172 3374 1250 3420 ne
1275 3358 1491 3422 Gaium
1529 3354 1800 3435 quidem.
1887 3356 2045 3432 Sed,
2075 3365 2141 3418 ut
2176 3357 2384 3430 video,

283 3439 698 3521 dominabitur
723 3440 969 3503 Lucius.
1056 3443 1167 3505 Est
1196 3443 1361 3506 enim
1404 3451 1705 3521 patronus
1737 3440 2014 3518 quinque
2044 3448 2109 3503 et
2138 3439 2387 3518 triginta

284 3524 545 3585 tribuum
564 3570 579 3599 ,
612 3542 870 3602 quarum
900 3543 1014 3588 sua
1042 3529 1210 3603 lege,
1262 3546 1384 3607 qua
1416 3544 1554 3590 cum
1591 3526 1655 3589 C.
1673 3529 1935 3587 Caesare
1957 3531 2386 3600 magistratum
