2514 3928
207 209 209 211 '
285 207 411 274 ‘220
675 207 824 267 PRO
861 208 923 268 C.
949 205 1272 268 RABIRIO
1300 205 1657 268 POSTUMO
1686 206 1992 295 0RAT1Q.
2259 218 2387 272 122

284 358 530 434 gratiae.
616 357 830 432 Neque
867 373 964 417 me
1004 373 1151 418 vero
1195 356 1467 432 poenitet
1486 359 1779 432 vmortales
1807 356 2175 434 inimicitiaS,
2201 377 2377 420 sem-

283 442 556 515 piternas
586 440 883 500 amicitias
911 440 1157 500 habere.
1219 437 1327 501 33.
1370 441 1523 502 Nam
1553 441 1608 501 si
1639 457 1738 501 me
1761 440 2014 503 invitum
2044 451 2246 519 putas,
2287 460 2386 503 ne

284 524 387 583 Cn.
412 523 685 598 Pompeii
706 524 970 583 animum
996 523 1392 596 offenderem,
1422 523 1778 584 defendisse
1810 539 2079 600 causam,
2103 534 2164 587 et
2192 527 2375 587 illum

282 615 344 667 et
382 623 481 666 me
522 607 913 669 vehementer
951 605 1220 681 ignoras.
1307 606 1521 681 Neque
1564 608 1723 667 enim
1755 607 2087 683 Pompeius
2115 625 2213 669 me
2246 628 2375 670 sua

283 705 471 750 causa
517 689 853 765 quidquam
900 691 1101 749 facere
1144 688 1442 750 voluisset
1480 689 1764 763 invitum,
1821 707 2025 767 neque
2067 708 2216 766 ego,
2262 694 2373 754 cui

283 773 550 833 omnium
583 773 804 833 civium
834 771 1083 833 libertas
1106 771 1423 833 carissima
1451 772 1689 847 suisset,
1719 790 1914 835 meam
1937 775 2368 850 proiecissem.

286 861 430 930 Nec,
453 875 638 933 quam
655 859 759 920 diu
774 857 1226 920 inimicissimus
1241 855 1494 920 Gabinio
1511 856 1616 931 fui,
1641 873 1764 917 non
1781 855 2186 917 amicissimus
2206 855 2366 918 mihi

285 941 620 1016 Pompeius
662 941 775 1001 fuit
804 958 918 1001 nec
948 949 1199 1017 postea,
1246 958 1430 1016 quam
1467 941 1629 1002 illius
1659 940 2005 1002 auctoritati
2039 956 2174 1000 eam
2208 939 2363 1002 dedi

292 1025 530 1084 veniam
562 1041 744 1098 quam
774 1025 989 1102 debui,
1039 1026 1374 1102 quidquam
1412 1024 1695 1086 simulate
1731 1024 1880 1096 feci,
1925 1039 2006 1083 ne
2034 1039 2170 1083 cum
2211 1039 2363 1084 mea

286 1105 545 1181 perfidia
576 1106 659 1163 illi
690 1104 869 1164 etiam
900 1103 1020 1179 ipsi
1050 1105 1344 1176 facerem,
1382 1103 1479 1163 cui
1512 1103 1877 1164 beneficium
1909 1101 2240 1180 dedissem,
2272 1103 2370 1163 in-

284 1189 519 1250 iuriam.
615 1188 765 1247 Nam
819 1205 940 1248 non
994 1187 1312 1247 redeundo
1365 1185 1426 1245 in
1471 1187 1727 1262 gratiam
1769 1203 1906 1247 cum
1948 1185 2190 1247 inimico
2235 1205 2375 1247 non

284 1272 589 1332 violabam
611 1271 987 1346 Pompeium.
1077 1269 1141 1330 Si
1186 1287 1298 1347 per
1340 1286 1478 1331 eum
1513 1271 1804 1331 reductus
1835 1269 2133 1331 insidiose
2165 1270 2371 1330 redis·

287 1373 417 1417 sem
436 1401 451 1429 ‚
481 1371 577 1414 me
602 1354 835 1414 scilicet
864 1352 1157 1427 maxime,
1194 1353 1308 1414 sed
1336 1352 1614 1429 proxime
1637 1354 1800 1413 illum
1830 1369 2081 1429 quoque
2111 1353 2371 1414 fefellis-

290 1456 437 1502 tem.
495 1437 596 1500 34.
627 1440 708 1497 At
737 1439 814 1498 de
846 1455 943 1498 me
974 1437 1347 1505 omittamus:
1380 1439 1461 1497 ad
1488 1435 1940 1497 Alexandrinos
1971 1435 2126 1497 istos
2155 1452 2371 1497 rever-

289 1531 501 1584 tamur.
592 1521 765 1595 Quod
814 1522 1040 1591 habent
1079 1538 1183 1594 OS,
1234 1537 1416 1595 quam
1455 1519 1800 1581 audaciam!
1844 1520 2029 1581 Modo
2058 1519 2242 1580 vobis
2271 1519 2378 1579 in-

288 1605 707 1681 spectantibus
748 1606 806 1664 in
846 1604 1073 1665 iudicio
1108 1603 1345 1664 Gabinii
1387 1603 1561 1665 tertio
1611 1620 1859 1678 quoque
1900 1604 2089 1663 verbo
2130 1602 2367 1664 excita-

286 1690 533 1750 banturz
558 1689 862 1763 negabant
879 1686 1201 1762 pecuniam
1225 1686 1480 1748 Gabinio
1505 1688 1724 1748 datam.
1778 1685 2168 1747 Recitabatur
2189 1685 2374 1746 iden-

287 1772 474 1832 tidem
501 1770 773 1845 Pompeii
816 1769 1259 1843 testimonium,
1302 1786 1511 1845 regem
1552 1771 1631 1830 ad
1673 1787 1742 1831 se
1773 1769 2104 1846 scripsisse
2132 1770 2366 1832 nullam

286 1854 613 1931 pecuniam
661 1853 918 1913 Gabinio
963 1853 1081 1913 nisi
1129 1853 1190 1912 in
1236 1869 1364 1913 rem
1405 1854 1718 1914 militarem
1762 1853 1984 1915 datam.
2069 1853 2201 1915 Non
2245 1861 2365 1928 est,

286 1937 511 2012 inquit,
560 1944 682 1998 tum
711 1935 1145 1997 Alexandrinis
1188 1937 1446 1998 testibus
1494 1938 1805 1999 creditum.
1904 1935 2105 2012 Quid?
2143 1943 2363 2013 postea

289 2022 705 2082 credendum?
745 2021 899 2081 Non.
988 2021 1178 2095 Quam
1229 2022 1309 2081 ob
1348 2029 1521 2081 rem?
1566 2021 1711 2097 quia
1751 2038 1912 2082 nunc
1952 2020 2149 2095 aiunt,
2194 2021 2367 2095 quod

288 2115 411 2168 tum
440 2105 761 2180 negabant.
847 2101 948 2165 35.
986 2105 1141 2179 Quid
1185 2113 1373 2179 ergo?
1411 2104 1529 2165 ista
1560 2104 1838 2165 condicio
1868 2111 1964 2165 est
1991 2104 2267 2176 testium,
2298 2114 2364 2165 ut

296 2189 513 2263 quibus
544 2188 839 2249 creditum
873 2203 995 2248 non
1020 2189 1101 2250 sit
1129 2186 1512 2263 negantibuS,
1548 2187 1767 2249 iisdem
1798 2188 2080 2248 credatur
2108 2186 2360 2247 dicenti—

287 2274 445 2332 bus?
472 2272 554 2331 At
567 2271 621 2331 si
644 2286 858 2331 verum
874 2279 1001 2331 tum
1014 2272 1316 2341 dixerunt,
1346 2289 1531 2346 quum
1551 2272 1946 2333 severissima
1963 2271 2162 2331 fronte
2191 2270 2359 2331 dixe·

287 2362 456 2425 runt,
502 2369 663 2413 nunc
707 2354 1103 2413 mentiuntur=
1148 2352 1201 2412 si
1243 2362 1387 2413 tunc
1421 2354 1647 2415 mentiti
1679 2364 1848 2426 sunt,
1895 2354 2159 2414 doceant
2198 2369 2365 2413 nunc

288 2453 502 2498 verum
536 2451 680 2497 esse
712 2438 879 2510 quod
912 2435 1092 2497 vultis
1120 2444 1225 2497 aut
1253 2436 1490 2498 sileant.
1531 2436 1663 2497 Dici
1688 2436 2086 2498 audiebamus
2117 2437 2194 2496 de
2214 2436 2358 2496 Ale-

288 2519 576 2581 xandria:
621 2536 783 2580 nune
814 2520 1248 2596 cognoscimus
1285 2536 1501 2581 omnes
1545 2519 1707 2581 illius
1737 2519 2125 2595 praestigias:
2171 2517 2363 2594 illinc,

287 2605 346 2666 in
356 2621 554 2681 quam,
583 2620 797 2665 omnes
824 2604 1117 2678 fallaciae,
1148 2603 1349 2665 omnia
1373 2603 1638 2679 denique
1663 2604 1740 2663 ab
1768 2603 1843 2663 iis
1866 2604 2156 2662 malorum
2178 2617 2358 2676 argu·

287 2699 489 2751 menta
531 2697 674 2749 nata
712 2697 872 2749 sunt.
955 2690 1082 2749 Nec
1112 2687 1257 2749 mihi
1300 2688 1542 2763 longius
1582 2685 1913 2763 quidquam
1944 2696 2066 2756 est,
2104 2683 2362 2759 iudices,

291 2790 471 2849 quam
502 2772 713 2832 videre
745 2771 1054 2833 hominum
1082 2773 1308 2833 vultus.
1393 2772 1551 2830 XIII.
1591 2770 1691 2833 36.
1727 2771 2024 2831 Dixerunt
2050 2768 2149 2828 hic
2176 2770 2361 2829 modo

288 2855 608 2916 nobiscum
642 2855 722 2915 ad
745 2855 899 2915 haec
922 2856 1233 2925 subsellia,
1260 2853 1480 2928 quibus
1505 2852 1850 2929 superciliis
1871 2859 2198 2913 renuentes
2222 2851 2359 2911 huic

294 2939 499 2998 decern
532 2937 757 2996 milium
802 2936 1067 2995 crimini!
1110 2937 1237 2995 Iam
1284 2936 1483 2997 nostis
1525 2935 1924 2997 insulsitatem
1958 2936 2353 2996 Graecorum

289 3018 554 3078 humeris
586 3026 824 3093 gestum
854 3018 1117 3093 agebant
1188 3027 1315 3081 tum
1344 3019 1672 3097 temporis,
1705 3021 1910 3093 credo,
1949 3035 2169 3079 causa:
2201 3032 2362 3078 nunc

288 3101 521 3161 scilicet
547 3109 787 3174 tempus
819 3102 1048 3161 nullum
1081 3111 1192 3164 est.
1249 3104 1333 3165 At
1358 3103 1462 3164 ubi
1491 3106 1681 3165 semel
1717 3102 1855 3179 quis
1886 3102 2265 3179 peieraverit,
2304 3100 2359 3160 ei

287 3183 456 3244 credi
486 3190 719 3258 postea,
736 3184 913 3243 etiam
942 3185 994 3245 si
1011 3202 1132 3260 -per
1162 3188 1368 3261 plures
1387 3188 1541 3248 deos
1570 3187 1744 3260 iuret,
1758 3204 1881 3247 non
1901 3192 2160 3261 oportet,
2191 3200 2357 3259 prae·

289 3265 514 3337 sertim,
540 3265 793 3342 iudices,
819 3285 1002 3342 quum
1028 3269 1087 3329 in
1122 3269 1217 3331 his
1232 3270 1474 3331 iudiciis
1489 3271 1754 3332 nelocus
1771 3269 2017 3345 quidem
2034 3284 2197 3328 novo
2223 3265 2360 3329 testi

291 3347 488 3409 soleat
501 3364 643 3410 esse
657 3350 736 3409 ob
751 3367 1008 3427 eamque
1024 3370 1271 3414 causam
1288 3354 1470 3414 iidem
1484 3352 1721 3415 iudices
1741 3352 2132 3424 retineantur,
2150 3348 2251 3425 qui
2264 3363 2358 3409 se-

289 3430 503 3500 derint,
516 3433 594 3494 de
612 3450 720 3495 reo
734 3440 801 3493 ut
822 3434 917 3495 his
933 3432 1077 3497 noia
1091 3435 1213 3497 sint
1228 3436 1431 3499 omnia
1444 3452 1646 3511 neque
1663 3435 1807 3511 quid
1825 3435 1969 3509 tingi
1985 3432 2130 3493 novi
2147 3430 2355 3508 possit.
