2514 3928
201 252 326 317 214
579 250 728 312 pao
762 251 823 312 o.
852 248 1174 312 nAssimo
1203 246 1562 308 Poswmo
1595 246 1899 307 ossAno.
2024 323 2030 327 ¹
2182 255 2288 313 116

203 407 447 482 generis
480 403 842 466 iudiciorum
888 419 1081 463 novaz
1131 401 1193 464 9.
1227 400 1476 462 sin-hoc
1505 398 1755 462 totidem
1789 398 1996 462 verbis
2022 402 2283 463 transla-

204 498 323 550 tum
357 496 553 564 caput
596 497 723 561 est,
770 493 927 562 quot
973 485 1086 548 suit
1123 502 1243 546 non
1275 486 1461 549 modo
1492 483 1553 544 in
1587 481 1897 557 Cornelia,
1949 485 2064 545 sed
2102 485 2282 547 etiam

202 583 343 635 ante
376 572 438 634 in
469 574 607 648 iege
637 571 922 642 Servilia,
956 571 1255 647 perdeos
1285 570 1689 632 immortales!
1725 567 1874 644 quid
1902 567 2161 644 agimus,
2191 570 2282 631 iu-

202 659 407 731 diceS,
452 663 556 718 aut
595 673 778 732 quem
821 655 983 716 hunc
1011 670 1261 716 nmorem
1297 670 1594 715 novorum
1637 651 2004 715 iudiciorum
2044 652 2104 713 in
2155 670 2285 715 rem

202 741 507 818 publicam
541 740 930 805 inducimus?
953 739 1099 802 Erat
1125 739 1285 800 enim
1321 739 1477 799 haec
1507 739 1893 799 consuetudo
1929 745 2074 799 nota
2104 736 2285 798 vobis

205 827 452 902 quidem
485 824 788 898 omnibus,
826 826 938 884 sed
957 825 1021 884 >si
1050 840 1203 884 usus
1237 824 1533 899 magister
1552 830 1649 883 est
1679 820 1969 898 optimus,
1999 818 2142 882 mihi
2178 822 2285 881 de-

203 912 308 971 bet
336 927 480 971 esse
504 908 848 975 notissima.
906 907 1217 969 Accusavi
1247 908 1328 968 de
1363 905 1645 982 pecuniis
1672 904 2063 980 repetundis:
2095 905 2287 967 iudex

206 994 371 1055 sedi=
406 1001 653 1070 praetor
683 991 993 1068 quaesivit
1030 990 1280 1052 defendi
1310 990 1626 1068 plurimos.
1713 991 1892 1052 Nulla
1927 1006 2091 1065 parS,
2123 1005 2284 1065 quae

203 1078 469 1154 aliquam
501 1075 1142 1139 facultatemdiscendi
1161 1076 1406 1136 adferre
1426 1082 1661 1150 posset,
1693 1092 1815 1135 non
1847 1089 1984 1134 mea
2012 1073 2138 1133 suit.
2189 1075 2288 1148 ,lta

204 1163 543 1222 contendo:
587 1160 887 1220 neminem
932 1176 1254 1236 umquam,
1301 1176 1415 1228 ouo
1457 1175 1837 1220 EA‘PECUNIA
1866 1173 2283 1231 psammsss‘r,

205 1261 453 1305 causam
488 1243 743 1315 dixisse,
777 1244 881 1320 qui
912 1242 971 1303 in
995 1242 1391 1305 aestimandis
1420 1243 1627 1305 litibus
1660 1245 2004 1319 appellatus
2035 1258 2155 1301 non
2183 1257 2283 1301 es-

205 1337 319 1390 set.
361 1331 427 1389 In
456 1329 661 1390 litibus
696 1335 893 1388 autem
922 1343 1096 1389 nemo
1124 1329 1547 1404 appellabatur
1581 1327 1699 1388 nisi
1729 1344 1807 1387 ex
1836 1325 2079 1388 testium
2108 1323 2287 1387 dictis

204 1423 310 1474 aut
340 1411 562 1474 tabulis
598 1410 974 1488 privatorum
1020 1417 1124 1473 aut
1149 1411 1490 1473 rationibus
1523 1411 1851 1473 civitatum.
1922 1409 2038 1473 10.
2074 1411 2288 1485 Itaque

202 1499 265 1556 in
295 1497 631 1558 inserendis
660 1496 863 1558 litibus
892 1498 1116 1559 adesse
1140 1497 1425 1558 solebant
1466 1498 1569 1572 qui
1615 1494 1847 1570 aliquid
1889 1493 1967 1555 de
2009 1511 2079 1555 se
2114 1509 2266 1554 vere

204 1582 459 1657 bantur,
488 1590 579 1654 et,
614 1598 799 1656 quum
832 1588 1003 1641 erant
1031 1581 1353 1656 appellati,
1388 1579 1441 1640 si
1469 1580 1809 1652 videbatur,
1842 1579 2041 1640 statim
2076 1586 2288 1639 contra

206 1665 413 1726 dicere
446 1667 757 1727 solebant=
800 1664 894 1725 sin
939 1664 1073 1725 eius
1116 1663 1411 1740 temporis
1442 1672 1749 1725 recentem
1779 1662 2068 1724 invidiam
2105 1661 2287 1738 perti·

205 1759 501 1825 muerant,
529 1749 989 1825 respondebant
1013 1756 1252 1823 postea.
1343 1747 2098 1825 Quodquum'l'ecissent,
2148 1762 2285 1822 per-

207 1833 378 1894 multi
408 1850 599 1909 saepe
630 1833 923 1894 vicerunt.
968 1833 1046 1889 V.
1075 1832 1208 1892 Hoc
1238 1848 1388 1893 vero
1419 1849 1648 1894 novum
1675 1842 1788 1907 est,
1813 1841 1959 1894 ante
1983 1833 2106 1894 hoc
2137 1840 2282 1893 tem·

205 1934 325 1992 pus
356 1916 601 1978 omnino
651 1916 1005 1978 inauditum.
1093 1917 1160 1976 In
1208 1914 1421 1978 litibus
1441 1916 1714 1979 Postumi
1755 1933 1975 1979 nomen
2021 1925 2117 1980 est
2143 1933 2286 1978 nus-

207 2018 409 2075 quam.
499 2004 560 2061 ln
598 2003 801 2063 litibus
840 2002 1024 2062 dico?
1064 2001 1249 2063 Modo
1285 2019 1399 2063 vos
1429 2001 1615 2063 iidem
1640 2002 1704 2063 in
1733 2003 2164 2064 A.2Gabinium
2197 2002 2284 2062 iu-

206 2085 377 2147 dices
410 2086 690 2148 sedistis:
737 2103 884 2146 num
928 2088 1065 2162 quis
1092 2084 1268 2149 testis
1302 2088 1655 2149 Postumum
1696 2088 2071 2165 appellavit?
2114 2086 2287 2148 testis
2374 2083 2380 2089 ’

206 2177 450 2230 autem?
482 2188 623 2231 num
659 2177 1022 2231 accusator?
1062 2189 1205 2234 num
1238 2171 1505 2249 denique
1534 2182 1662 2235 toto
1693 2172 1797 2234 illo
1831 2176 1889 2233 in
1918 2172 2145 2234 iudicio
2172 2171 2286 2232 Po·

205 2253 386 2314 stumi
417 2271 635 2314 nomen
668 2253 1254 2317 audistis‘fllss'Non
1289 2256 1469 2331 igitur
1498 2275 1644 2318 reus
1679 2275 1759 2319 ex
1789 2274 1862 2319 ea
1886 2275 2092 2330 causa,
2129 2271 2285 2333 quae

205 2335 468 2397 iudicata
493 2346 603 2409 est,
635 2339 938 2400 redundat
954 2340 1299 2411 PostumuS‚
1327 2342 1438 2402 sed
1470 2350 1565 2403 est
1593 2344 1886 2419 adreptus
1910 2360 2069 2404 unus
2092 2355 2284 2416 eques

204 2422 521 2483 Romanus
553 2423 631 2482 de
667 2422 948 2497 pecuniis
974 2426 1331 2499 repetundis
1354 2443 1520 2487 reus.
1560 2426 1792 2501 Quibus
1825 2426 2091 2488 tabulis?
2125 2439 2284 2500 quae

203 2503 264 2563 in
293 2502 522 2566 iudicio
555 2508 631 2565 A.
664 2506 899 2567 Gabinii
947 2507 1235 2570 recitatae
1277 2527 1398 2571 non
1431 2520 1592 2572 sunt.
1680 2511 1812 2586 Quo
1844 2518 2046 2574 teste?
2087 2527 2124 2569 a
2156 2523 2282 2583 quo

204 2596 328 2649 tum
371 2592 716 2666 appellatus
771 2609 1072 2668 nusquam
1114 2602 1228 2654 est.
1320 2594 1452 2669 Qua
1491 2596 1905 2671 appellatione
1943 2594 2177 2656 litium?
2221 2592 2283 2651 in

205 2689 326 2748 qua
360 2672 628 2736 Postumi
658 2678 883 2738 mentio
915 2678 1073 2738 facta
1103 2680 1268 2738 nulla
1315 2687 1427 2740 est.
1513 2680 1645 2754 Qua
1674 2681 1854 2755 lege?
1894 2695 2017 2756 qua
2043 2695 2165 2739 non
2197 2684 2283 2738 te·

203 2767 396 2819 netur.

324 2844 437 2903 Hic
462 2844 597 2916 iam,
622 2844 879 2918 iudiceS‚
911 2846 1096 2906 vestri
1114 2845 1354 2907 consilii
1378 2862 1478 2905 res
1502 2855 1616 2922 est,
1638 2856 1883 2909 vestrae
1914 2843 2284 2921 sapientiam

204 2926 347 2999 quid
383 2927 602 2989 deceat
625 2944 774 3000 voS‚
814 2946 936 2989 non
970 2940 1260 3004 quantum
1297 2929 1476 2992 liceat
1507 2932 1683 2992 vobis
1713 2940 1995 3007 spectare
2026 2930 2284 2991 debetis.

204 3008 268 3067 Si
302 3010 460 3068 enim
493 3009 641 3085 quid
666 3010 848 3071 liceat
879 3011 1192 3086 quaeritis,
1225 3012 1484 3088 potestis
1518 3017 1733 3077 tollere
1763 3032 1798 3075 e
1826 3014 2071 3076 civitate
2103 3029 2284 3090 quem

200 3093 403 3152 vultis.
492 3093 741 3152 Tabella
775 3102 887 3165 est,
926 3111 1085 3169 quae
1115 3096 1220 3156 dat
1243 3102 1939 3171 potestatemzoccultat
1971 3098 2189 3159 eadem
2217 3096 2286 3156 li·

202 3174 488 3236 bidinem.
579 3175 764 3237 Cuius
813 3178 1247 3240 conscientiam
1301 3180 1448 3241 nihil
1492 3191 1589 3245 est
1632 3183 1801 3260 quod
1843 3183 2171 3259 quisquam
2217 3178 2287 3242 ti-

202 3266 379 3331 meat,
416 3260 469 3319 si
499 3276 622 3320 non
654 3260 1050 3337 pertimescat
1084 3279 1278 3325 suam.
1366 3264 1468 3327 12.
1495 3266 1616 3329 Ubi
1650 3276 1745 3329 est
1773 3266 1956 3342 igitur
1985 3261 2287 3342 sapientia

197 3340 463 3404 iudicis?
504 3345 571 3404 In
607 3345 757 3420 hoc,
802 3352 1018 3408 utnon
1052 3350 1250 3410 solum
1284 3346 1431 3426 quid
1477 3352 1701 3426 possit,
1742 3352 1871 3412 ¹sed
1915 3350 2093 3412 etiam
2137 3346 2284 3423 quid

199 3425 420 3486 debeat
451 3430 766 3505 ponderet,
806 3446 920 3491 nec
953 3440 1241 3508 quantum
1275 3433 1393 3495 sibi
1426 3434 1796 3510 permissum
1819 3432 2157 3495 meminerit
2183 3444 2279 3491 so·

199 3509 352 3582 lum,
400 3512 513 3571 sed
544 3513 721 3574 etiam
754 3524 1057 3591 quatenus
1089 3518 1482 3579 commissum
1521 3518 1618 3579 sit.
1705 3518 1897 3578 Datur
1928 3515 2033 3577 tibi
2061 3513 2285 3576 tabella
