2514 3928
288 259 419 324 194
826 256 975 319 PRO
1010 257 1124 318 CN.
1154 255 1482 317 PLANCIO
1517 254 1822 315 ORATIO.
2298 262 2375 316 96

292 409 589 472 libertatis
644 409 913 470 videturz
976 408 1147 469 multi
1205 407 1386 468 etiam
1443 422 1799 468 communes
1855 404 2081 466 inimici
2122 421 2373 467 reorum

295 493 589 564 omnium,
628 492 733 567 qui
755 493 837 553 ita
862 508 1106 567 semper
1129 489 1648 552 testimoniumde
1669 489 1899 551 ambitu
1928 488 2154 562 dicunt,
2188 487 2372 564 quasi

290 587 396 638 aut
425 585 713 637 moveant
739 576 978 636 animos
1005 575 1275 635 iudicum
1299 573 1432 635 suis
1459 573 1823 635 testimoniis
1861 582 1964 634 aut
1992 581 2228 648 gratum
2257 589 2371 647 po-

292 662 440 737 pulo
471 662 749 721 Romano
795 660 874 720 sit
914 667 1020 720 aut
1047 659 1125 720 ab
1153 675 1230 720 eo
1268 656 1505 719 facilius
1553 656 1632 716 ob
1663 673 1803 716 eam*
1834 673 2085 717 causam
2111 655 2372 731 dignita-

289 752 410 805 tem
447 761 630 819 quam
654 744 868 804 volunt
898 750 1372 818 consequantur.
1431 740 1533 801 56.
1564 740 1937 816 Quibuscum
1966 755 2080 812 me,
2113 739 2373 812 iudiceS,

294 836 668 904 pugnantem
711 843 881 887 more
925 843 1061 886 meo
1094 824 1350 901 pristino
1386 841 1510 885 non
1537 824 1851 884 videbitis:
1896 841 2018 885 non
2058 841 2181 898 quo
2225 822 2373 884 mihi

295 913 387 972 l‘as
421 911 499 972 sit
534 909 869 986 quidquam
915 911 1207 983 defugere
1251 908 1420 984 quod
1450 908 1619 967 salus
1646 907 1872 968 Plancii
1909 908 2198 983 postulet,
2256 908 2372 967 scd

294 997 439 1070 quia
469 1010 670 1070 neque
691 1007 950 1052 necesse
980 999 1077 1052 est
1106 1007 1202 1051 me
1222 992 1284 1051 id
1313 993 1601 1067 persequi
1626 1007 1798 1066 voce,
1832 992 2002 1067 quod
2031 1007 2144 1051 vos
2168 998 2371 1051 mente

291 1077 583 1151 videatiS,
617 1085 677 1137 et
706 1077 871 1150 quod
904 1076 986 1136 ita
1015 1076 1093 1134 de
1122 1091 1218 1134 me
1249 1075 1439 1135 meriti
1475 1083 1618 1136 sunt
1651 1075 1734 1135 illi
1765 1075 1915 1150 ipsi,
1955 1091 2113 1150 quos
2138 1090 2253 1149 ego
2284 1082 2371 1134 te-

290 1168 418 1221 stes
463 1159 646 1220 video
690 1166 968 1234 paratOS,
1011 1167 1076 1218 ut
1129 1175 1341 1220 eorum
1385 1158 1927 1233 reprehensionem
1973 1175 2084 1218 vos
2128 1164 2373 1218 vestrae

291 1244 654 1320 prudentiae
678 1244 1021 1316 adsumere,
1056 1259 1228 1303 meae
1250 1242 1590 1303 modestiae
1617 1244 1922 1304 remittere
1954 1242 2245 1303 debeatis.
2291 1243 2371 1300 Il-

290 1328 395 1388 lud
421 1345 606 1388 unum
632 1343 749 1387 vos
772 1343 992 1401 magno
1017 1342 1207 1402 opere
1231 1342 1341 1386 oro
1373 1335 1559 1402 atque
1582 1326 1861 1399 obsecro,
1895 1325 2149 1397 iudiceS‚
2183 1342 2375 1400 quum

223 1485 230 1493 ι
288 1411 490 1486 liuiuS,
533 1427 714 1485 quem
746 1412 1030 1486 defendo,
1059 1419 1184 1472 tum
1205 1409 1545 1472 communis
1578 1410 1832 1485 periculi
1864 1426 2069 1482 causa,
2103 1424 2179 1468 ne
2211 1409 2374 1469 fictis

288 1495 738 1567 auditionibuS,
792 1511 868 1555 ne
897 1495 1292 1556 disseminato
1329 1494 1743 1570 dispersoque
1785 1492 2053 1555 sermoni
2095 1495 2374 1554 fortunas

290 1579 707 1639 innocentium
742 1577 1157 1638 subiiciendas
1181 1578 1429 1653 putetis.
1506 1573 1607 1638 57.
1637 1576 1811 1638 Multi
1845 1578 2024 1637 amici
2051 1585 2374 1638 accusato-

291 1664 412 1736 riS,
455 1679 577 1722 non
614 1660 760 1722 nulli
791 1661 970 1721 etiam
1003 1662 1195 1720 nostri
1231 1660 1452 1735 iniqui,
1487 1661 1654 1721 multi
1685 1658 2041 1721 communes
2071 1660 2373 1720 obtrecta-

289 1755 458 1808 tores
488 1754 675 1819 atque
708 1741 973 1804 omnium
1004 1743 1191 1802 invidi
1230 1745 1418 1804 multa
1445 1744 1771 1804 finxerunt.
1852 1744 2010 1804 Nihil
2043 1750 2139 1803 est
2167 1749 2374 1802 autem

290 1837 412 1888 tam
453 1831 699 1887 volucre
736 1843 919 1902 quam
961 1825 1379 1888 maledictum=
1425 1828 1570 1887 nihil
1614 1829 1849 1888 facinus
1881 1826 2180 1898 emittitur,
2224 1826 2376 1885 nihil

293 1910 469 1972 citius
503 1910 833 1985 excipitur,
866 1907 1046 1971 latius
1077 1908 1433 1988 dissipatur.
1488 1912 1702 1987 Neque
1729 1927 1861 1987 ego,
1897 1911 1950 1972 si
1981 1911 2210 1971 sontem
2244 1926 2371 1970 ma-

294 1995 496 2055 ledicti
537 1995 886 2069 reperietiS‚
931 2003 997 2054 ut
1039 1995 1358 2071 negligatis
1391 2005 1497 2057 aut
1525 1997 1919 2057 dissimuletis
1947 2010 2234 2070 umquam
2262 2010 2376 2069 po-

293 2078 554 2139 stulabo.
645 2077 769 2137 Sed
799 2079 852 2137 si
890 2079 1038 2153 quid
1081 2077 1217 2139 sine
1249 2081 1446 2154 capite
1479 2080 1744 2139 manabit
1784 2088 1887 2139 aut
1911 2078 2057 2154 quid
2096 2077 2212 2139 erit
2235 2078 2374 2138 eius

295 2161 461 2224 modi
490 2172 557 2224 ut
584 2178 705 2223 non
731 2169 932 2222 exstet
960 2170 1202 2235 auctor,
1235 2163 1341 2238 qui
1372 2163 1632 2223 audierit
1677 2171 1779 2222 aut
1809 2162 1890 2223 ita
1919 2162 2234 2237 negligens
2261 2176 2378 2221 vo-

294 2247 389 2305 bis
421 2261 565 2305 esse
603 2244 935 2317 videbitur,
967 2254 1035 2306 ut
1065 2245 1224 2305 unde
1254 2245 1515 2307 audierit
1543 2246 1763 2307 oblitus
1796 2245 1902 2318 sit,
1937 2254 2037 2306 aut
2065 2247 2145 2307 ita
2174 2247 2380 2306 levem

297 2328 542 2387 habebit
569 2335 898 2402 auctorem,
929 2336 995 2389 ut
1018 2329 1310 2390 memoria
1335 2330 1579 2405 dignum
1617 2347 1736 2404 non
1772 2331 2024 2405 putarit,
2053 2327 2235 2390 huius
2271 2328 2382 2389 illa

295 2427 419 2472 vox
451 2412 721 2486 vulgaris
782 2429 995 2471 Aumw
1059 2430 1137 2473 ne
1167 2414 1314 2488 quid
1346 2413 1656 2475 innocenti
1684 2429 1792 2473 reo
1821 2420 2057 2486 noceat,
2102 2429 2380 2473 oramus.

401 2495 614 2555 XX1V.
639 2494 740 2558 58.
768 2495 890 2556 Sed
917 2496 1095 2557 venio
1119 2496 1237 2557 iam
1264 2498 1338 2556 ad
1364 2498 1430 2557 L.
1460 2498 1752 2571 Cassium,
1780 2496 2129 2557 familiarem
2150 2512 2381 2570 meum,

294 2580 470 2640 cuius
503 2596 584 2639 ex
613 2581 888 2641 oratione
918 2596 995 2640 ne
1024 2581 1190 2641 illum
1215 2582 1464 2657 quidem
1485 2582 1824 2642 Iuventium
1855 2588 2055 2641 tecum
2077 2588 2379 2655 expostu-

295 2665 441 2738 lavi,
486 2680 667 2739 quem
697 2664 798 2724 ille
827 2663 991 2725 omni
1032 2672 1093 2726 et
1119 2664 1491 2727 humanitate
1521 2672 1581 2725 et
1608 2665 1825 2725 virtute
1868 2673 2119 2725 ornatus
2163 2664 2381 2723 adole·

293 2764 476 2809 scens
520 2748 779 2824 primum
821 2749 899 2809 de
943 2749 1120 2824 plebe
1160 2748 1419 2809 aedilem
1464 2750 1730 2810 curulem
1768 2749 1989 2808 factum
2024 2763 2167 2809 esse
2199 2746 2382 2807 dixit.

294 2833 357 2890 ln
391 2850 546 2907 qu0,
577 2831 781 2906 Cassi,
825 2834 877 2893 si
906 2832 1014 2893 tibi
1043 2833 1125 2892 ita
1158 2833 1603 2908 respondeam,
1646 2831 1926 2891 nescisse
1971 2832 2030 2890 id
2077 2830 2380 2906 populum

295 2915 662 2988 Romanum,
695 2931 898 2990 neque
932 2916 1126 2976 fuisse
1169 2914 1275 2989 qui
1316 2914 1379 2975 id
1422 2915 1600 2977 nobis
1660 2923 1963 2984 narraret,
2010 2914 2381 2989 praesertim

296 2997 813 3071 mortuocong0,
863 3015 1015 3070 non,
1071 3005 1138 3057 ut
1182 2998 1433 3071 opinor,
1484 2998 1815 3071 admirere,
1861 3015 2045 3073 quum
2078 3014 2193 3073 ego
2236 2998 2385 3072 ipse

296 3094 418 3137 non
463 3079 802 3140 abhorrens
837 3097 876 3139 a
908 3079 1110 3141 studio
1154 3080 1528 3156 antiquitatis
1571 3097 1667 3141 me
1695 3082 1792 3142 hic
1822 3082 1884 3141 id
1915 3098 1993 3142 ex
2022 3089 2081 3143 te
2113 3080 2385 3157 primum

293 3160 547 3221 audisse
592 3163 902 3222 confitear.
990 3163 1092 3237 Et,
1136 3166 1424 3239 quoniam
1467 3173 1568 3226 tua
1608 3166 1720 3226 suit
1749 3167 2111 3242 perelegans
2141 3174 2204 3226 et
2233 3181 2369 3239 per-

296 3243 538 3304 subtilis
569 3245 794 3316 oratio,
844 3246 1027 3320 digna
1073 3246 1300 3323 equitis
1331 3250 1590 3309 Romani
1620 3250 1717 3308 vel
1742 3249 1946 3310 studio
1978 3252 2076 3309 vel
2110 3249 2380 3325 pudore,

293 3327 708 3403 quoniamque
737 3327 826 3388 sic
863 3330 938 3389 ab
967 3330 1062 3391 his
1095 3347 1164 3392 es
1192 3333 1469 3407 audituS‚
1498 3340 1843 3407 utmagnus
1878 3332 2080 3393 honos
2112 3341 2173 3394 et
2199 3331 2382 3407 inge-

294 3409 393 3470 nio
423 3417 485 3472 et
514 3410 862 3473 humanitati
893 3420 1033 3474 tuae
1061 3414 1454 3490 tribueretur,
1493 3416 1887 3490 respondebo
1932 3416 2013 3475 ad
2049 3430 2155 3487 ea,
2209 3432 2387 3490 quae

290 3491 534 3569 dixisti,
579 3511 738 3568 quae
782 3497 1197 3574 pleraque-de
1239 3500 1378 3574 ipso
1424 3514 1522 3559 me
1563 3498 1830 3559 fuerunt:
1874 3497 1933 3556 in
1988 3497 2215 3573 quibus
2249 3497 2385 3573 ipsi
