2514 3928
309 231 435 294 398
560 232 635 291 IN
667 231 752 290 M.
777 229 1182 290 ANTONJUM
1211 227 1495 291 ORATIO
1524 228 1946 288 PHiLlPPlCA
1974 229 2138 288 vul.
2311 241 2417 293 1oe

895 531 982 611 M.
1042 531 1314 612 TULLII
1367 527 1793 612 ClCERONlS

431 682 524 777 ΙΝ
587 682 688 778 Μ.
733 680 1227 778 ANToNfflM
1290 679 1645 777 ⁰RA'1'10
1707 680 2279 779 PHILIPPICA

1163 830 1574 927 OCTAVA.

1005 1164 1684 1224 ARGUMENTUM.

447 1304 720 1363 Postquam
756 1298 864 1350 Ser.
897 1296 1124 1363 Sulpicio
1155 1299 1208 1347 iu
1251 1298 1505 1363 legatione
1548 1300 1615 1349 ad
1649 1299 1718 1352 M.
1745 1299 2028 1352 Antonium
2062 1309 2286 1350 mortuo
2327 1301 2412 1365 qui

310 1370 490 1434 reliqui
516 1379 662 1419 eraut
684 1369 786 1419 duo
811 1368 998 1434 legati,
1033 1368 1093 1419 1..
1111 1367 1227 1417 Piso
1254 1374 1306 1416 et
1320 1367 1379 1417 L.
1402 1368 1673 1433 Philippus
1703 1368 1829 1419 satis
1853 1366 2207 1418 intolerabilia
2222 1379 2411 1435 postu-

309 1440 410 1489 lata
443 1439 512 1489 ad
545 1445 777 1488 senatum
797 1437 861 1487 ab
887 1438 1106 1486 Antonio
1137 1435 1465 1501 rettulerunt,
1504 1445 1709 1486 senatus
1739 1435 1929 1486 bellum
1968 1437 2187 1500 quidem
2230 1447 2410 1487 conti-o

310 1511 374 1559 M.
406 1507 683 1558 Antonium
723 1506 1103 1570 suscipiendum
1132 1506 1305 1570 potius
1344 1505 1571 1557 decrevit
1600 1521 1752 1568 quam
1778 1506 2106 1555 condiciones
2137 1506 2407 1571 accipien-

308 1579 430 1638 das,
479 1577 572 1626 sed
606 1575 771 1626 lenius
800 1583 1000 1637 tamen,
1037 1589 1192 1637 quam
1225 1573 1295 1623 M.
1335 1572 1507 1625 Cicero
1543 1585 1594 1625 et
1638 1576 1727 1637 qui
1757 1575 1869 1624 eius
1904 1582 2081 1639 partes
2120 1576 2178 1623 in
2206 1590 2274 1624 re
2311 1590 2402 1640 pu-

309 1645 437 1696 bliea
466 1646 808 1708 sequebantur
836 1651 1155 1697 oemuerunt.
1227 1642 1356 1692 Nam
1392 1644 1451 1694 id
1484 1645 1654 1708 ipsum
1686 1643 1872 1695 bellum
1901 1643 2156 1696 tumultus
2187 1645 2406 1694 nomino

308 1712 710 1780 appellaverant,
741 1721 791 1762 et
816 1712 876 1762 Ι..
906 1712 1121 1763 Varium
1137 1709 1390 1778 Cotylam,‚
1418 1728 1570 1776 quem
1592 1713 1656 1763 de
1693 1714 1801 1763 suis
1832 1712 2011 1763 amicis
2033 1712 2103 1761 Μ.
2136 1713 2399 1765 Antonin:

307 1798 410 1835 uua
449 1799 565 1833 cum
596 1781 809 1848 legatis,
843 1795 973 1844 quos
1006 1781 1260 1843 diximus,
1298 1780 1542 1843 Romam,
1581 1789 1637 1830 ut
1672 1797 1817 1831 suam
1853 1796 1960 1831 rem
1997 1789 2208 1847 ageret,
2244 1782 2403 1831 mise-

310 1860 419 1915 rat,
454 1852 523 1901 ad
540 1852 815 1901 Antonium
842 1849 1198 1900 remittendum
1232 1858 1283 1898 et
1312 1852 1459 1899 tertio
1487 1851 1690 1901 demum
1727 1850 1809 1900 die
1844 1864 1974 1917 saga
2008 1849 2274 1899 sumenda
2313 1852 2399 1900 de-

306 1928 583 1975 creverant.
658 1918 820 1980 Quam
852 1920 916 1970 ob
950 1933 1058 1970 rem
1094 1933 1249 1982 quum
1292 1919 1542 1985 postridie
1577 1920 1689 1970 eius
1723 1920 1856 1979 diei,
1910 1932 2015 1982 quo
2047 1918 2187 1969 liaeo
2219 1919 2281 1968 in
2319 1934 2400 1970 se·

304 1998 429 2039 natu
463 1997 575 2038 acta
606 1998 748 2039 erant
765 2023 780 2050 ,
818 1987 874 2039 Ο.
911 1989 1075 2038 Pansa
1110 1987 1286 2038 consul
1318 1989 1373 2038 in
1401 1997 1580 2039 senatu
1615 1989 1682 2039 de
1712 1989 1896 2038 litteris
1921 1989 1988 2041 A.
2018 1987 2175 2038 Hirtii
2208 2002 2402 2041 eonsu-

304 2056 371 2109 11⁸
403 2058 624 2121 aliisque
656 2058 807 2108 rebus
838 2059 1073 2118 referret,
1103 2057 1178 2110 Μ.
1195 2056 1373 2108 Cicero
1391 2073 1484 2108 suo
1521 2057 1632 2109 loeo
1668 2058 1972 2109 sententiam
2000 2064 2222 2120 togatus
2238 2057 2401 2116 hune,

305 2141 438 2191 quae
470 2127 605 2177 infra
640 2127 830 2191 scrIpta
864 2136 967 2191 est,
1002 2126 1283 2177 orationem
1313 2126 1529 2192 habuit,
1549 2142 1652 2190 qua
1675 2143 1828 2190 quem
1863 2127 1933 2177 ad
1967 2125 2180 2175 modum
2214 2136 2399 2181 contra

304 2195 373 2245 M.
407 2197 689 2254 Antonium
718 2196 816 2244 sibi
852 2195 1107 2260 agendum
1138 2196 1394 2246 videretur
1422 2204 1651 2246 senatum
1681 2196 1905 2248 edocuit.

435 2294 480 2352 l.
524 2293 581 2354 l.
624 2292 951 2353 confusius
980 2293 1275 2354 hesterno
1295 2292 1395 2354 die
1417 2303 1513 2354 est
1533 2302 1670 2354 acta
1695 2310 1830 2367 ωε,
1859 2294 1927 2354 Ο.
1948 2293 2170 2367 Pansa,
2203 2311 2394 2369 quam

307 2374 657 2451 postulabat
696 2374 1030 2437 institutum
1075 2379 1432 2438 consulatus
1468 2376 1579 2439 tui.
1658 2377 1875 2438 Parum
1915 2374 2058 2437 mihi
2093 2377 2279 2437 visus
2328 2394 2394 2439 es

308 2474 451 2532 eOS,
485 2458 710 2534 quibus
742 2460 963 2520 cedere
993 2476 1115 2521 non
1146 2462 1347 2532 soleS,
1392 2459 1720 2536 sustinere..
1803 2461 1957 2520 Nam
1983 2477 2177 2536 quum
2206 2477 2393 2521 sena·

305 2552 405 2604 tus
443 2559 518 2603 ea
548 2543 736 2603 virtus
767 2541 1013 2615 fuisset,
1047 2560 1218 2621 quae,
1238 2545 1424 2618 solet,
1457 2554 1519 2604 et
1547 2561 1732 2618 quum
1759 2561 1828 2604 re
1856 2543 2136 2604 viderent
2168 2561 2394 2608 omnes

307 2642 451 2687 esse
479 2625 704 2687 bellum
737 2625 1110 2701 quidamque
1138 2627 1201 2686 id
1237 2626 1489 2687 verbum
1533 2628 1975 2687 removendum
2016 2626 2392 2689 arbitraren-

307 2719 429 2783 tur,
458 2719 562 2771 tua
588 2711 869 2771 voluntas
899 2709 958 2769 in
989 2710 1377 2771 discessione
1407 2711 1518 2770 suit
1544 2711 1623 2770 ad
1655 2711 1961 2771 lenitatem
1991 2713 2393 2786 propensior.

304 2793 486 2855 Victa
519 2803 615 2854 est
656 2793 838 2869 igitur
865 2793 1333 2869 propterhverbi
1369 2792 1758 2868 asperitatem
1797 2803 1856 2855 te
1888 2802 2142 2855 auctore
2172 2804 2393 2857 nostra

306 2879 641 2939 sententia:
711 2877 859 2938 vicit
890 2877 955 2935 L.
988 2876 1298 2948 CaesariS‚
1325 2876 1687 2952 amplissimi
1718 2877 1848 2952 viri,
1879 2876 1986 2954 qui
2021 2877 2199 2937 verbi
2223 2887 2391 2941 atro-

306 2958 485 3019 citate
524 2960 773 3036 dempta
819 2959 1094 3021 oratione
1142 2960 1253 3020 fuit
1294 2977 1477 3035 quam
1516 2960 1816 3022 sententia
1854 2961 2069 3022 lenior.
2160 2960 2390 3035 Quam·

307 3057 488 3115 quam
521 3041 582 3101 is
610 3042 883 3116 quidem,
929 3052 1070 3104 ante
1105 3060 1290 3118 quam
1326 3044 1686 3105 senteutiam
1714 3043 1974 3117 diceret,
2012 3043 2387 3120 propinqui-

308 3133 486 3184 tatem
530 3126 870 3184 excusavit.
956 3127 1125 3187 Idem
1165 3128 1392 3188 fecerat
1430 3143 1535 3187 me.
1558 3128 1813 3187 consule
1854 3126 1929 3189 in.
1957 3126 2197 3188 sororis
2230 3126 2386 3202 viro,

308 3207 477 3279 quod
506 3205 624 3283 hoc
658 3216 936 3281 tempore
970 3208 1034 3269 iu
1070 3209 1306 3270 sororis
1334 3208 1462 3271 filio
1504 3210 1679 3285 fecit,
1717 3219 1784 3273 ut
1821 3220 1885 3273 et
1928 3212 2096 3272 luctu
2139 3210 2384 3274 sorotis

306 3295 736 3348 movereturet
758 3289 942 3349 saluti
962 3292 1176 3366 populi
1201 3294 1461 3356 Romani
1486 3295 1862 3372 provideret.
1915 3295 1972 3357 2.
1986 3294 2202 3370 ,Atque
2240 3293 2385 3371 ipse

309 3380 508 3428 tamen
543 3368 772 3430 caesar
812 3373 1123 3448 praecepit
1168 3375 1345 3435 vobis
1391 3377 1658 3451 quodam
1701 3379 1918 3453 modo,
1977 3383 2185 3454 patres
2230 3394 2385 3439 con-

308 3451 552 3526 scripti,
580 3468 658 3511 ne
688 3451 803 3512 sibi
837 3455 1324 3531 adsentit-emim,
1368 3477 1550 3533 quum
1582 3459 1662 3520 ita
1698 3459 1882 3537 dixit,
1921 3459 2101 3522 aliam
2128 3468 2385 3523 senteu-
