2514 3928
229 251 361 312 216
569 246 721 310 PRO
772 249 834 309 C.
864 247 1187 309 RABIRIO
1230 248 1593 310 POSTUMO
1641 250 1948 313 ORATIO.
2204 261 2340 313 118

235 416 704 475 arbitrabantur.
762 420 856 474 Ac
880 423 1084 474 tamen
1110 415 1195 474 ita
1224 415 1636 491 disputabant,
1673 433 1784 477 eos
1806 420 2006 478 teneri
2033 418 2128 479 his
2158 420 2336 495 legi-

240 501 355 559 bus
382 507 705 574 oportere,
740 499 846 573 qui
872 515 990 559 suo
1017 497 1242 558 iudicio
1270 510 1482 560 essent
1503 501 1665 561 illam
1690 500 2117 564 condicionem
2143 503 2336 563 vitae

237 583 453 642 secuti.
499 582 565 643 Si
589 584 858 642 delectat
881 581 1294 658 amplissimus
1310 582 1571 645 civitatis
1595 586 1845 660 graduS‚
1874 587 2032 646 sella
2053 587 2328 657 curulis,

233 668 435 738 faces,
474 666 758 741 imperia,
809 665 1197 740 provinciae,
1243 669 1623 741 sacerdotia,
1667 668 1989 744 triumphi,
2035 670 2329 744 denique

235 749 439 824 imago
479 751 614 824 ipsa
642 751 721 810 ad
753 749 1137 825 posteritatis
1166 751 1520 810 memoriam
1556 751 1828 826 prodita,
1880 754 1975 811 17.
2009 754 2091 814 sit
2123 754 2326 814 simul

233 835 414 903 etiam
445 831 791 893 sollicitudo
816 830 1023 904 aliqua
1049 837 1111 890 et
1137 829 1339 904 legum
1372 838 1431 889 et
1457 830 1816 900 iudiciorum
1847 834 2037 891 maior
2061 833 2328 907 quidam

233 925 451 977 metus.
492 917 619 978 Nos
651 915 770 974 ista
801 928 1133 986 numquam
1164 914 1643 987 contempsimus
1670 949 1756 959 -—
1786 914 1869 975 ita
1906 914 2065 975 enim
2094 916 2325 992 dispu-

236 1002 444 1061 tabant
466 1031 569 1071 -,
604 998 719 1057 sed
751 997 909 1056 hanc
940 996 1122 1056 vitam
1161 995 1426 1070 quietam
1457 1005 1642 1073 atque
1688 998 1947 1059 otiosam
1979 1001 2173 1059 secuti
2207 1019 2321 1060 su·

234 1099 390 1143 mus.
481 1081 648 1154 Quae
697 1081 987 1154 quoniam
1032 1080 1271 1139 honore
1315 1087 1509 1152 caret,
1554 1092 1760 1141 careat
1800 1083 1978 1142 etlam
2009 1083 2320 1145 molestia.

231 1169 377 1225 Tam
422 1181 491 1224 es
532 1174 596 1225 tu
636 1163 825 1223 iudex
870 1180 1051 1238 quam
1095 1178 1211 1237 ego
1254 1172 1519 1224 senator.
1605 1166 1694 1224 lta
1737 1175 1850 1234 est,
1906 1166 2021 1226 sed
2051 1168 2117 1226 tu
2146 1167 2319 1227 istud

236 1248 475 1324 petisti:
520 1264 634 1322 ego
664 1247 784 1306 hoc
817 1262 1025 1321 cogor.
1115 1246 1246 1320 Qua
1283 1264 1351 1306 re
1383 1257 1488 1306 aut
1513 1246 1700 1307 iudici
1733 1249 1877 1309 mihi
1913 1267 2035 1309 non
2066 1267 2212 1310 esse
2244 1250 2318 1310 li-

235 1342 370 1393 ceat
399 1342 503 1393 aut
553 1336 691 1410 lege
736 1327 1050 1392 senatoria
1092 1345 1217 1387 non
1264 1331 1475 1391 teneri.
1568 1332 1663 1392 18.
1709 1333 1844 1394 Hoc
1905 1350 2037 1405 VOS,
2068 1334 2315 1408 equites

232 1415 521 1487 Romani,
553 1416 651 1474 ius
681 1430 718 1473 a
745 1415 1024 1489 patribus
1053 1423 1374 1491 acceptum
1405 1413 1729 1476 amittetis?
1757 1416 1980 1477 Moneo
2016 1432 2094 1475 ne
2123 1418 2317 1477 facia-

238 1501 331 1560 tis.
363 1501 699 1574 Rapientur
724 1497 1007 1559 homines
1038 1497 1099 1558 in
1125 1498 1278 1559 haec
1307 1497 1532 1558 iudicia
1562 1515 1639 1558 ex
1668 1499 1830 1559 omni
1854 1517 1977 1560 non
2010 1501 2194 1561 modo
2219 1500 2316 1559 in-

236 1583 417 1655 vidia,
458 1584 574 1642 sed
610 1598 894 1643 sermone
924 1584 1380 1654 malevolorum,
1412 1582 1528 1641 nisi
1562 1584 1815 1644 cavetis.
1881 1582 1948 1643 Si
1974 1583 2094 1643 iam
2123 1583 2310 1644 vobis

234 1665 614 1727 nuntiaretur
683 1665 744 1724 in
785 1674 1001 1727 senatu
1045 1665 1379 1726 sententias
1407 1665 1525 1724 dici
1565 1675 1634 1726 ut
1672 1667 1767 1726 his
1800 1666 2038 1741 legibus
2068 1676 2306 1729 tenere-

234 1750 410 1821 mini,
435 1749 946 1809 concurrendum
987 1749 1066 1808 ad
1112 1750 1341 1810 curiam
1372 1749 1683 1823 putaretis.
1773 1749 1839 1810 Si
1885 1752 1988 1809 lex
2032 1751 2308 1823 ferretur,

238 1833 644 1892 convolaretis
687 1832 766 1890 ad
807 1839 1026 1892 rostra.
1112 1834 1246 1892 Vos
1289 1841 1539 1892 senatus
1585 1834 1813 1894 liberos
1854 1834 1971 1893 hac
2001 1834 2136 1909 lege
2165 1849 2309 1893 esse

235 1915 454 1988 voluit,
500 1916 768 1990 populus
810 1932 1139 1990 numquam
1182 1915 1500 1993 adligavit,
1538 1918 1722 1978 soluti
1751 1917 1871 1979 huc
1902 1916 2306 1978 convenistis=

229 2016 315 2061 ne
347 1997 664 2059 constricti
704 1998 1039 2061 discedatis
1071 2010 1305 2081 cavete.
1395 1999 1494 2061 19.
1525 2001 1675 2060 Nam
1711 2002 1763 2061 si
1791 2002 2082 2062 Postumo
2109 2001 2308 2061 fraudi

231 2082 444 2156 fuerit,
490 2081 596 2157 qui
635 2098 750 2141 nec
791 2083 1067 2145 tribunus
1109 2101 1224 2145 nec
1263 2086 1609 2159 praefectus
1643 2101 1756 2145 nec
1790 2101 1869 2143 ex
1895 2084 2068 2145 ltalia
2099 2101 2307 2145 comes

236 2183 350 2227 nec
376 2164 692 2227 familiaris
727 2165 963 2227 Gabinii
998 2167 1139 2243 fuit,
1175 2184 1439 2243 quonam
1463 2184 1532 2227 se
1561 2168 1744 2228 modo
1777 2169 2107 2228 defendent
2139 2178 2306 2244 post·

235 2252 370 2323 hac,
409 2249 514 2325 qui
542 2249 766 2311 vestris
797 2250 1029 2311 ordinis
1058 2268 1196 2312 cum
1221 2250 1670 2325 magistratibus
1707 2251 1931 2312 nostris
1964 2251 2184 2311 fuerint
2210 2251 2305 2311 his

236 2333 442 2393 causis
472 2332 804 2406 implicati?

360 2416 520 2475 VIII.
557 2417 664 2492 Tu,
698 2416 895 2492 inquit
910 2461 931 2489 ,.
970 2416 1287 2479 Gabinium
1320 2426 1389 2479 ut
1415 2434 1622 2493 regem
1646 2419 1969 2480 reduceret
1997 2416 2302 2492 impulisti.

236 2502 367 2560 Non
433 2499 653 2575 patitur
703 2517 840 2560 mea
892 2518 989 2560 me
1031 2500 1150 2561 iam
1188 2501 1347 2561 fides
1393 2502 1470 2561 de
1510 2501 1766 2562 Gabinio
1811 2501 2058 2577 gravius
2102 2516 2301 2573 agere.

236 2586 423 2660 Quem
456 2584 616 2644 enim
647 2601 726 2644 ex
749 2585 931 2647 tantis
973 2579 1299 2648 inimicitiis
1348 2593 1661 2660 receptum
1691 2585 1751 2644 in
1785 2585 2037 2660 gratiam
2066 2600 2300 2644 summo

235 2669 436 2731 studio
474 2670 867 2743 defenderim,
898 2670 1063 2730 hunc
1089 2668 1401 2730 adflictum
1435 2668 1666 2729 violare
1698 2686 1819 2728 non
1855 2670 2069 2729 debeo,
2147 2666 2302 2739 Quo-

234 2771 372 2813 cum
412 2769 508 2814 me
551 2752 609 2815 si
645 2762 788 2815 ante
833 2756 937 2816 Cn.
982 2755 1256 2827 Pompeii
1309 2752 1636 2812 auctoritas
1679 2753 1737 2811 in
1773 2752 2024 2826 gratiam
2060 2765 2179 2810 non
2211 2766 2301 2810 re·

235 2837 531 2908 duxisset,
569 2838 876 2897 nunciam
903 2835 1102 2911 ipsius
1132 2837 1374 2895 fortuna
1409 2837 1746 2896 reduceret.
1797 2835 1897 2895 20.
1935 2835 2060 2895 Sed
2091 2843 2301 2908 tamen,

237 2937 422 2995 quum
466 2920 550 2978 ita
595 2919 779 2991 dicis,
812 2919 1082 2978 Postumi
1124 2917 1391 2991 impulsu
1423 2917 1736 2979 GabInium
1781 2921 2122 2993 profectum
2165 2919 2300 2975 Ale-

232 3001 574 3073 xandriam,
607 3001 678 3074 ‚si
714 3000 1056 3060 defensioni
1085 2998 1324 3059 Gabinii
1362 3000 1544 3060 fidem
1576 3020 1696 3063 non
1728 3002 1942 3073 habeS‚
1981 2998 2300 3062 oblivisce-

233 3085 400 3146 risne
428 3082 608 3143 etiam
638 3082 1049 3143 accusationis
1079 3089 1262 3143 tuae?
1299 3082 1593 3145 Gabinius
1629 3102 1697 3147 se
1725 3085 1791 3160 id
1811 3086 2036 3166 fecisse
2071 3082 2300 3143 dicebat

233 3170 322 3227 rei
365 3165 649 3242 publicae
693 3182 915 3239 causa,
960 3166 1152 3248 quodi
1181 3166 1442 3227 classem
1484 3168 1769 3228 Archelai
1828 3169 2094 3238 timeret,
2141 3165 2298 3240 quod

236 3266 403 3309 mare
442 3249 729 3309 refertum
773 3250 902 3310 fore
936 3250 1313 3325 praedonum
1343 3260 1602 3327 putaret.
1690 3251 1854 3325 Lege
1885 3251 2067 3311 etiam
2095 3248 2159 3307 id
2188 3246 2298 3307 sibi

237 3332 488 3393 licuisse
518 3331 775 3395 dicebat.
854 3335 941 3394 Tu
971 3333 1250 3396 inimicus
1286 3352 1496 3411 negas.
1571 3336 1851 3409 Ignosco,
1889 3344 1950 3395 et
1983 3349 2057 3391 eo
2092 3330 2294 3405 magis,

240 3416 408 3489 quod
442 3423 535 3474 est
565 3426 772 3478 contra
803 3418 948 3479 illud
991 3418 1340 3480 iudicatum.
1425 3417 1635 3477 Redeo
1667 3416 1847 3492 igitur
1874 3417 1954 3476 ad
1988 3416 2208 3481 crimen
2243 3422 2297 3475 et

235 3498 686 3559 accusationem
727 3509 911 3562 tuam.
952 3500 1055 3564 21.
1099 3503 1251 3575 Quid
1286 3501 1746 3562 vociferabare?
1779 3501 2000 3559 Decem
2029 3495 2194 3558 milia
2214 3505 2288 3557 ta·
