2514 3928
98 387 131 438 7
766 379 932 436 CAP.
961 383 1132 436 5—8.
1164 386 1217 447 s.
1248 385 1485 443 12—19.
2035 375 2169 438 305

98 549 195 611 set
236 543 293 605 in
341 560 410 604 re
452 541 699 618 publica
745 541 1064 617 cogitavit,
1111 544 1224 603 sed
1272 542 1417 617 quid
1466 545 1670 604 Iacere
1709 542 1846 620 ipse
1875 545 2162 606 deberet:

97 626 318 703 deinde
348 643 385 686 a
416 626 616 698 vobis,
648 633 859 701 patres
885 625 1237 701 conscripti,
1263 634 1432 701 peto,
1463 635 1550 701 ut,
1575 627 1755 688 etiam
1779 627 1830 687 si
1856 627 2034 703 sequi
2057 628 2164 689 mi·

96 728 213 771 nus
248 708 554 770 audebitis
589 708 931 771 orationem
962 717 1151 785 atque
1186 708 1609 770 auctoritatem
1644 726 1862 783 meam,
1896 710 2164 787 benigne

94 804 194 853 me
221 801 459 861 tamen,
493 800 561 854 ut
594 793 797 854 adhuc
834 793 1096 866 fecistis,
1138 792 1425 854 audiatiS.

226 876 320 937 16.
366 876 632 937 Primum
675 876 860 953 igitur
890 871 1026 937 acta
1063 875 1345 938 Caesaris
1383 878 1696 939 servanda
1729 891 1992 949 censeo,
2036 892 2159 936 non

95 977 219 1035 quo
251 960 507 1037 probem
543 996 612 1005 —
651 961 789 1037 quis
821 960 979 1022 enim
1010 960 1067 1021 id
1102 961 1351 1037 quidem
1375 963 1628 1039 potest?
1652 994 1731 1006 --
1765 960 1877 1021 sed
1904 958 2047 1043 quia
2070 975 2163 1019 ra-

92 1045 320 1128 tionem
346 1044 688 1105 habendam
715 1045 979 1106 maxime
1012 1045 1281 1106 arbitror
1311 1046 1483 1120 pacis
1516 1053 1703 1121 atque
1735 1042 1863 1106 otii.
1921 1045 2161 1103 Vellem

92 1130 345 1202 adesset
356 1130 437 1189 Μ.
452 1128 778 1203 AntoniuS,
800 1129 982 1190 modo
1000 1129 1134 1189 sine
1146 1130 1225 1189 ad
1238 1130 1490 1191 vocatis.
1522 1129 1667 1202 Sed,
1682 1137 1751 1191 ut
1764 1127 2004 1204 opinor,
2022 1125 2166 1187 licet

94 1210 150 1271 ei
174 1212 375 1272 minus
399 1213 627 1284 valere,
656 1211 824 1287 quod
843 1211 986 1271 mihi
1008 1212 1137 1272 heri
1151 1211 1444 1287 perillum
1468 1229 1589 1274 non
1613 1212 1854 1274 licebat.
1896 1214 2166 1273 Doceret

94 1311 193 1354 me
227 1298 326 1355 vel
364 1294 572 1371 potius
611 1311 757 1367 vos,
789 1304 998 1370 patres
1030 1294 1387 1371 conscripti,
1422 1312 1604 1371 quem
1635 1298 1714 1356 ad
1744 1296 1994 1357 modum
2024 1294 2163 1371 ipse

96 1378 379 1437 Caesaris
410 1384 547 1437 acta
578 1379 957 1438 defenderet.
1000 1381 1100 1438 An
1124 1380 1183 1437 in
1210 1378 1732 1439 commentariolis
1763 1387 1825 1439 et
1848 1378 2163 1452 chirogra-

94 1460 235 1536 phis
262 1467 324 1521 et
346 1460 566 1521 libellis
592 1476 664 1520 se
693 1477 817 1521 uno
844 1468 1101 1521 auctore
1127 1462 1383 1536 prolatis
1411 1478 1484 1522 ac
1508 1478 1587 1522 ne
1612 1462 1868 1536 prolatis
1894 1461 2162 1535 quidem,

93 1545 206 1604 sed
238 1551 470 1605 tantum
500 1544 687 1605 modo
722 1544 899 1605 dictis
932 1550 1069 1604 acta
1101 1545 1384 1605 Caesaris
1415 1545 1592 1605 firma
1622 1551 1827 1605 erunt:
1873 1560 2034 1619 quae
2063 1543 2164 1603 ille

92 1628 153 1687 in
188 1644 299 1689 aes
330 1627 568 1701 incidit,
614 1627 672 1687 in
709 1645 832 1704 quo
867 1626 1079 1704 populi
1109 1628 1282 1689 iussa
1314 1636 1781 1705 perpetuasque
1813 1629 1983 1703 leges
2018 1641 2164 1687 esse

91 1713 324 1793 voluit,
370 1728 486 1788 pro
519 1711 705 1771 nihilo
752 1712 1182 1772 habebuntur?
1239 1712 1336 1771 17.
1369 1713 1670 1788 Equidem
1703 1710 1989 1772 existimo
2020 1709 2164 1770 nihil

91 1803 217 1855 tam
250 1811 395 1857 esse
431 1796 490 1856 in
520 1796 672 1856 actis
706 1794 988 1856 Caesaris
1026 1811 1211 1870 quam
1244 1798 1419 1871 leges
1458 1795 1758 1858 CaesariS.
1814 1798 1945 1867 An,
1983 1794 2037 1855 si
2067 1792 2166 1854 cui

98 1878 248 1953 quid
285 1880 385 1940 ille
420 1879 729 1955 promisit,
761 1878 823 1940 id
857 1880 974 1959 erit
1002 1880 1222 1949 fixum,
1262 1882 1432 1955 quod
1461 1879 1622 1940 idern
1657 1896 1780 1940 non
1815 1881 2022 1939 facere
2052 1894 2166 1954 po·

90 1964 250 2025 tuit?
278 1973 345 2026 ut
377 1966 581 2025 multis
614 1966 802 2025 multa
831 1962 1141 2039 promissa
1171 1981 1295 2024 non
1326 1964 1488 2026 fecit.
1551 1963 1942 2039 Quae‘tamen
1971 1968 2164 2026 multo

95 2049 276 2122 plura
304 2047 407 2108 illo
452 2056 695 2108 mortuo
733 2056 979 2123 reperta
1020 2055 1165 2107 sunt
1209 2065 1391 2122 quam
1440 2065 1475 2109 a
1512 2049 1655 2110 vivo
1705 2049 2008 2110 beneficia
2050 2065 2169 2124 per

94 2146 316 2190 omnes
349 2147 547 2190 annos
576 2132 805 2191 tributa
834 2138 893 2192 et
918 2132 1081 2192 data.
1132 2131 1256 2193 Sed
1283 2150 1356 2194 ea
1386 2150 1508 2195 non
1533 2141 1724 2206 muto,
1748 2150 1873 2195 non
1903 2149 2163 2194 moveo:

94 2230 340 2276 summo
372 2215 574 2274 studio
600 2214 761 2276 illius
787 2217 1105 2292 praeclara
1128 2224 1268 2276 acta
1290 2218 1581 2278 defendo.
1637 2216 1907 2278 Pecunia
1934 2217 2163 2277 utinam

94 2298 181 2360 ad
216 2298 367 2374 Opis
397 2301 704 2360 maneret!
754 2308 1009 2361 cruenta
1036 2300 1139 2361 illa
1171 2300 1448 2374 quidem,
1491 2302 1604 2362 sed
1634 2301 1728 2362 his
1760 2300 2163 2376 temporibuS‚

94 2383 393 2459 quoniam
424 2383 517 2456 iis,
552 2401 814 2460 quorum
850 2392 973 2457 est,
1007 2401 1130 2445 non
1165 2385 1470 2458 redditur,
1503 2384 1877 2446 necessaria.
1947 2387 2163 2460 Quam·

94 2484 286 2544 quam
320 2484 392 2528 ea
423 2485 673 2543 quoque
703 2471 784 2531 sit
814 2469 1041 2541 effusa,
1083 2469 1138 2531 si
1171 2471 1252 2531 ita
1281 2469 1341 2531 in
1376 2469 1530 2531 actis
1567 2469 1697 2529 suit.
1793 2469 1887 2528 18.
1925 2467 2163 2543 Ecquid

94 2558 197 2612 est
228 2554 397 2627 quod
427 2560 549 2613 tani
587 2553 841 2631 proprie
872 2554 989 2614 dici
1022 2553 1223 2629 possit
1256 2561 1459 2620 actum
1486 2553 1649 2622 eius,
1683 2550 1788 2628 qui
1821 2558 2070 2628 togatus
2102 2552 2188 2618 in,

93 2653 167 2696 re
194 2637 442 2712 publica
468 2653 605 2697 cum
632 2645 946 2712 potestate
968 2637 1354 2714 imperioque
1379 2646 1665 2698 versatus
1688 2636 1787 2709 sit,
1813 2652 1997 2710 quam
2022 2635 2167 2695 lex?

98 2721 342 2795 Quaere
364 2728 498 2781 acta
524 2721 810 2782 Gracchi:
840 2724 1011 2798 leges
1036 2721 1439 2797 Semproniae
1463 2723 1873 2797 proferentur.
1926 2720 2178 2793 Quaere-

96 2805 341 2866 Sullae:
395 2806 732 2867 Corneliae.
830 2805 1023 2879 Quid?
1094 2804 1368 2881 Pompeii
1423 2804 1639 2866 tertius
1690 2805 2050 2864 consulatus
2103 2801 2160 2861 in

97 2889 327 2962 quibus
361 2888 514 2950 actis
545 2889 856 2952 constitit?
899 2905 1123 2964 nempe
1157 2889 1218 2949 in
1256 2890 1515 2965 legibus,
1602 2890 1691 2948 De
1724 2888 1988 2948 Caesare
2024 2885 2165 2961 ipso

96 2974 153 3032 si
186 2989 521 3047 quaereres
555 2974 842 3049 quidnam
877 2974 1109 3050 egisset
1137 2973 1198 3034 in
1235 2975 1389 3035 urbe
1421 2987 1482 3033 et
1522 2971 1581 3031 in
1613 2980 1778 3047 toga,
1817 2974 1986 3048 leges
2017 2970 2164 3031 mul-

96 3064 196 3116 tas
228 3058 642 3133 responderet
676 3074 746 3118 se
793 3065 855 3119 et
883 3061 1236 3133 praeclaras
1282 3057 1526 3124 tulisse,
1572 3054 1978 3133 chirographa
2008 3071 2162 3115 vero

97 3149 203 3200 aut
231 3149 497 3203 mutaret
523 3148 631 3202 aut
660 3158 784 3201 non
821 3143 997 3202 daret
1028 3150 1163 3214 aut,
1208 3142 1262 3202 si
1288 3142 1594 3212 dedisset,
1629 3155 1751 3200 non
1785 3140 1936 3201 istas
1969 3157 2073 3199 res
2102 3137 2174 3200 iu

97 3223 255 3284 actis
299 3225 431 3287 suis
485 3228 759 3288 duceret.
863 3225 990 3288 Sed
1032 3227 1187 3286 haec
1236 3225 1375 3302 ipsa
1427 3225 1737 3286 concedo:
1797 3223 2168 3299 quibusdam

100 3305 286 3368 etiam
321 3310 378 3370 in
414 3310 598 3370 rebus
632 3309 923 3381 coniveo,
953 3309 1027 3370 -in
1062 3310 1341 3371 maximis
1373 3326 1521 3370 vero
1555 3307 1762 3380 rebuS,
1798 3308 1861 3368 id
1892 3315 1990 3368 est
2018 3305 2172 3380 legi-

87 3391 250 3463 ‘buS,
296 3401 433 3454 acta
462 3395 745 3456 Caesaris
784 3393 1048 3455 dissolvi
1083 3394 1403 3454 ferendum
1444 3410 1567 3455 non
1597 3400 1771 3468 puto.
1859 3392 2015 3451 VIII.
2066 3387 2169 3447 19.

102 3474 277 3548 Quae
305 3479 402 3537 lex
446 3479 689 3548 melior,
736 3476 969 3551 utilior,
1017 3477 1249 3553 optima
1298 3480 1479 3538 etiam
1522 3494 1589 3536 re
1633 3475 1879 3551 publica
1915 3472 2169 3545 saepius

100 3557 379 3634 flagitata
409 3578 591 3636 quam
625 3579 701 3622 ne
738 3561 1089 3637 praetoriae
1127 3562 1488 3638 provinciae
1528 3562 1668 3636 plus
1714 3572 1895 3632 quam
1942 3565 2169 3613 annum

100 3658 266 3705 neve
313 3645 456 3718 plus
507 3662 687 3720 quam
734 3645 1045 3707 biennium
1093 3647 1456 3706 consulares
1517 3636 1976 3780 obtinggentur?
2035 3633 2172 3690 Hac

91 3728 95 3730 ’
188 3741 304 3790 c1c.
334 3729 407 3788 11.
438 3735 491 3788 3.
