2514 3928
312 239 444 306 368
599 240 678 299 IN
702 239 783 298 M.
815 237 1217 298 ANTONIUM
1253 238 1538 298 ORATIO
1564 236 1991 298 PHILIPPICA
2021 237 2097 293 V.
2329 247 2403 302 ‘m

190 449 200 457 .
317 403 529 454 tronos
561 388 743 451 etiam
778 390 1179 451 consulares?
1208 388 1322 462 Qui
1352 388 1574 449 utinam
1607 405 1821 450 omnes
1849 396 1990 449 ante
2024 404 2121 449 me
2143 398 2399 450 senten·

318 477 458 537 tiam
512 481 898 549 rogarentur!
937 504 1025 518 —-
1065 488 1437 548 quamquam
1489 474 1777 548 suspicor
1817 473 1966 549 quid
2007 470 2230 533 dicturi
2274 472 2401 535 sint

320 557 568 633 quidam
608 573 850 629 eorum,
906 556 1011 632 qui
1059 564 1201 631 post
1242 572 1339 617 me
1368 557 1754 632 ,rogabuntur
1787 591 1858 601 --
1898 554 2134 616 facilius
2178 563 2398 617 contra

218 696 224 702 .
317 641 617 717 dicerem,
648 639 704 701 si
735 640 878 715 quid
918 640 1245 701 videretur.
1300 640 1411 699 Est
1435 639 1597 700 enim
1626 638 1836 715 opinio
1865 640 2254 700 decreturum
2287 640 2397 699 ali-

317 742 497 801 quem
528 723 794 787 Antonio
825 722 986 784 illam
1022 723 1292 783 ultimam
1322 722 1604 799 Galliam,
1635 739 1815 800 qnam
1844 723 2105 784 Plancus
2138 722 2398 784 obtinet.

319 809 473 884 Quid
526 816 623 869 est
673 806 836 868 aliud
880 805 1083 867 omnia
1123 806 1202 866 ad
1245 807 1469 867 bellum
1513 807 1693 868 civile
1732 806 1895 868 hosti
1936 823 2104 867 arma
2147 806 2402 882 largiri?

225 957 232 963 ,
318 895 575 968 primum
623 907 851 951 nervos
892 891 1078 962 belli,
1114 889 1435 965 pecuniam
1479 890 1801 963 infinitam,
1854 906 1978 965 qua
2018 906 2181 950 nunc
2226 898 2399 964 eget·

317 977 541 1038 deinde
584 973 946 1049 equitatum,
993 980 1286 1048 quantum
1317 974 1476 1035 velit.
1547 975 1891 1052 Equitatum
1920 972 2106 1035 dico?
2144 972 2403 1034 Dubita-

323 1060 435 1133 bit,
479 1058 699 1130 credo,
739 1066 953 1132 gentes
1000 1057 1294 1117 barbaras
1327 1074 1537 1118 secum
1574 1058 1901 1119 adducere.
1971 1057 2103 1117 Hoc
2135 1058 2243 1132 qui
2274 1073 2399 1139 nou

324 1145 523 1216 videt,
566 1160 825 1205 excors:
872 1143 977 1220 qui
992 1160 1196 1219 ,quum
1230 1144 1399 1205 videt
1425 1143 1730 1212 decernit,
1774 1140 1997 1218 impius
2034 1149 2151 1202 est.
2209 1141 2271 1201 6.
2304 1141 2399 1201 Tu

323 1227 532 1288 civem
569 1230 940 1298 sceleratum
997 1236 1059 1288 et
1103 1226 1407 1303 perditum
1461 1228 1773 1288 Gallorum
1832 1234 1894 1287 et
1939 1226 2398 1286 Germanorum

318 1310 617 1388 pecunia,
662 1311 969 1388 peditatu,
1018 1312 1326 1386 equitatu,
1374 1310 1572 1387 copiis
1618 1310 1931 1372 instrues?
1988 1309 2206 1370 Nullae
2239 1308 2400 1369 istae

320 1396 763 1457 excusationes
815 1403 991 1456 sunt:
1047 1397 1221 1456 Meus
1276 1395 1509 1456 amicus
1550 1403 1666 1456 est.
1765 1393 1859 1455 Sit
1908 1393 2148 1469 patriae
2198 1391 2399 1468 prius.

321 1480 497 1541 Meus
528 1487 846 1554 cognatus.
918 1480 1014 1539 An
1048 1486 1254 1554 potest
1281 1478 1563 1554 cognatio
1595 1479 1848 1556 propior
1882 1481 2002 1539 ulla
2036 1495 2182 1540 esse
2214 1497 2400 1556 quam

321 1564 583 1639 patriae,
625 1562 684 1623 in
730 1580 854 1638 qua
898 1570 1185 1639 parentes
1214 1564 1392 1623 etiam
1425 1564 1853 1646 eontinentur?
1892 1562 2040 1622 Mihi
2072 1563 2401 1638 pecuniam

264 1701 274 1718 ,
318 1648 543 1709 tribuit.
634 1649 824 1724 Cupio
878 1648 1092 1709 videre
1169 1647 1272 1721 qui
1315 1645 1375 1706 id
1421 1648 1645 1709 audeat
1691 1645 1916 1708 dicere.
1991 1646 2152 1721 Quid
2192 1654 2399 1708 autem
2498 1687 2499 1690 =

318 1738 533 1805 agatur
573 1745 758 1804 quum
788 1744 1088 1804 aperuero
1107 1775 1121 1799 ‚
1175 1729 1352 1790 facile
1382 1730 1495 1790 erit
1524 1739 1793 1792 statuere
1824 1747 2004 1808 quam
2031 1732 2402 1792 sententiam

319 1813 534 1873 dicatis
566 1819 668 1873 aut
698 1828 881 1887 quam
912 1812 1275 1888 sequamini.

444 1897 544 1956 111.
588 1895 805 1973 Agitur
831 1903 1030 1956 utrum
1052 1896 1131 1955 M.
1153 1895 1423 1959 Antonio
1457 1897 1713 1959 facultas
1747 1898 1925 1960 detur
1953 1899 2403 1975 opprimendae

318 1980 403 2040 rei
440 1979 752 2057 publicae,
802 1979 1011 2041 caedis
1053 1981 1369 2042 faciendae
1412 1981 1742 2055 bonorum,
1797 1983 1968 2044 urbis
2000 1983 2403 2053 dividundae,

316 2080 597 2140 agrorum
649 2063 780 2125 suis
837 2064 1175 2125 latronibus
1223 2066 1644 2141 condonandi,
1702 2068 1997 2143 populum
2052 2067 2403 2126 Romanum

319 2148 612 2210 servitute
642 2147 1060 2223 opprimendi,
1092 2164 1167 2216 an
1199 2149 1417 2210 horum
1454 2148 1511 2209 ei
1542 2149 1745 2211 facere
1775 2149 1918 2213 nihil
1952 2149 2153 2210 liceat.
2206 2148 2403 2211 Dubi-

317 2238 435 2291 tate
467 2231 613 2306 quid
645 2231 861 2306 agatis.
932 2235 1014 2292 At
1043 2248 1163 2292 non
1198 2233 1425 2294 cadunt
1450 2233 1605 2294 haec
1633 2233 1691 2293 in
1723 2234 2073 2296 Antonium.
2165 2229 2228 2294 7.
2269 2234 2404 2294 Hoc

315 2330 393 2373 ne
438 2315 649 2391 Cotyla
695 2313 939 2389 quidem
984 2316 1190 2375 dicere
1238 2317 1509 2379 auderet.
1585 2318 1740 2392 Quid
1782 2316 1943 2378 enim
1986 2316 2045 2376 in
2089 2333 2233 2378 eum
2277 2332 2404 2378 non

316 2395 518 2458 cadit?
548 2394 683 2473 qui,
718 2395 893 2458 cuius
928 2406 1064 2459 acta
1096 2416 1166 2459 se
1196 2400 1530 2462 defendere
1559 2402 1722 2476 dicit,
1756 2401 1892 2462 eius
1922 2416 2031 2460 eas
2060 2401 2237 2476 leges
2264 2416 2406 2477 per1

315 2482 521 2556 vertit,
554 2497 709 2556 quas
739 2481 1000 2543 max-ime
1031 2483 1283 2544 laudare
1315 2494 1685 2560 poteramus.
1730 2485 1839 2545 llle
1867 2483 2127 2560 paludes
2157 2483 2403 2545 siccare
2492 2540 2493 2561 ἶ

312 2565 531 2628 voluit:
598 2565 695 2625 hic
750 2582 992 2626 omnem
1033 2567 1262 2627 Italiam
1321 2569 1635 2631 moderato
1676 2567 1939 2642 homini,
1993 2567 2061 2627 L.
2105 2567 2398 2639 Antonio,
2492 2572 2493 2595 ¹

314 2650 706 2712 dividendam
737 2650 922 2711 dedit.
992 2649 1191 2724 Quid?
1231 2650 1390 2713 hanc
1420 2654 1615 2728 legem
1647 2652 1915 2728 populus
1946 2652 2269 2713 Romanus
2297 2667 2401 2711 ac-

315 2735 521 2810 cepit?
562 2734 757 2810 quid?
799 2750 910 2810 per
948 2732 1226 2809 auspicia
1271 2736 1411 2796 ferri
1444 2734 1680 2810 potuit?
1719 2735 1847 2797 Sed
1875 2751 2073 2811 augur
2093 2750 2403 2796 verecun-

312 2820 430 2879 dus
461 2817 595 2880 sine
628 2818 885 2894 collegis
915 2819 994 2878 de
1025 2816 1343 2894 auspiciis.
1415 2820 1795 2896 Quamquam
1831 2820 1931 2881 illa
1959 2817 2243 2893 auspicia
2275 2835 2403 2880 non
2488 2888 2489 2891 Ἴ

312 2909 494 2975 egent
531 2900 1048 2977 interpretatione.
1125 2903 1274 2962 Iove
1328 2903 1488 2964 enim
1537 2910 1783 2964 tonante
1827 2920 1962 2964 cum
2012 2905 2251 2979 populo
2302 2901 2407 2978 agi
2488 2900 2489 2923 ¹

312 2999 432 3044 non
476 3000 620 3045 esse
664 2987 756 3046 sas
800 2984 942 3061 quis
982 2986 1263 3062 ignorat?
1303 2985 1549 3047 Tribuni
1592 2986 1790 3062 plebis
1833 2988 2095 3048 tulerunt
2133 2986 2217 3046 de
2257 3003 2405 3063 pro-

319 3067 539 3130 vinciis
565 3079 785 3131 eontra
808 3079 946 3132 acta
972 3072 1034 3132 C.
1063 3072 1364 3142 Caesaris,
1395 3073 1496 3134 ille
1523 3073 1851 3153 biennium,
1876 3072 1976 3132 hic
1998 3071 2400 3132 sexennium.

315 3151 512 3212 Etiam
538 3152 698 3213 hanc
724 3156 923 3229 legem
946 3158 1217 3231 populus
1239 3159 1557 3219 Romanus
1589 3156 1871 3233 accepit?
1901 3155 2089 3232 quid?
2117 3158 2402 3229 promul·

313 3242 459 3309 gata
503 3234 661 3298 fuit?
714 3237 900 3312 quid?
951 3256 1075 3299 non
1131 3247 1276 3301 ante
1329 3243 1452 3302 lata
1495 3258 1678 3317 quam
1732 3240 1964 3315 scripta
2014 3241 2150 3299 est?
2202 3232 2403 3311 quid?
2455 3276 2486 3750 J

315 3334 434 3378 non
476 3325 616 3377 ante
664 3319 886 3379 factum
930 3319 1198 3382 vidimus
1239 3340 1420 3398 quam
1461 3324 1726 3385 futurum
1770 3324 2097 3401 quisquam
2148 3333 2254 3386 est
2302 3342 2407 3386 su·

236 3468 239 3473 Q
315 3399 633 3476 spicatus?
705 3399 763 3463 8.
807 3402 925 3463 Ubi
968 3404 1071 3464 lex
1112 3405 1373 3467 Caecilia
1420 3416 1481 3468 et
1525 3406 1745 3467 Didia?
1806 3407 1912 3468 ubi
1965 3408 2407 3484 promulgatio,

318 3483 532 3544 trinum
569 3486 951 3545 nundinum?
992 3488 1094 3546 ubi
1124 3504 1353 3562 poena,
1397 3492 1625 3551 recenti
1663 3492 1796 3566 lege
1827 3491 1996 3551 Iunia
2027 3498 2088 3552 et
2114 3492 2408 3553 Licinia?
