2514 3928
341 263 466 328 358
627 265 705 324 IN
742 264 821 323 M.
854 261 1255 322 ANTONIUM
1286 260 1569 321 ORATIO
1606 258 2031 320 PHILIPPICA
2062 254 2157 312 111.
2367 259 2451 314 60

344 434 444 479 res
473 417 554 476 ad
588 416 824 475 lucrum
855 414 1270 492 praedamque
1310 410 1735 473 revocaverit?
1778 409 2119 473 vendiderit
2149 410 2446 473 immuni·

343 506 541 561 tates?
576 496 853 559 civitates
890 496 1278 559 liberaverit?
1322 493 1675 571 provincias
1714 494 2037 556 universas
2082 512 2159 555 ex
2195 495 2445 571 imperii

347 580 559 659 populi
590 578 849 642 Romani
878 579 1007 641 iure
1038 577 1395 642 sustulerit?
1433 581 1684 640 exsules
1714 577 2066 640 reduxerit?
2112 579 2302 640 falsas
2348 580 2443 639 le·-

341 682 456 741 ges
487 665 548 726 C.
585 658 866 726 Caesaris
897 663 1140 726 nomine
1170 672 1231 724 et
1279 664 1433 723 falsa
1479 664 1726 723 decreta
1762 660 1824 721 in
1869 678 1980 723 aes
2019 661 2348 723 incidenda
2379 675 2447 723 et

347 750 405 809 in
438 746 734 825 Capitolio
777 748 1021 823 figenda
1064 746 1366 809 curaverit
1410 762 1742 822 earumque
1787 761 1986 807 rerum
2026 745 2293 808 omnium
2327 747 2444 808 do-

349 832 666 894 mesticum
697 841 1028 893 mercatum
1058 829 1424 892 instituerit?
1461 831 1693 906 populo
1723 830 2000 890 Romano
2035 830 2202 905 teges
2236 829 2443 904 impo-

348 916 578 978 suerit?
622 915 808 976 armis
843 922 903 975 et
948 913 1273 990 praesidiis
1356 917 1655 991 populum
1710 925 1772 976 et
1820 915 2215 991 magistratus
2301 915 2444 974 foro

348 998 720 1061 excluserit?
802 995 903 1059 31..
947 1003 1223 1060 senatum
1255 995 1496 1072 stiparit
1531 995 1822 1058 armatis?
1866 1004 2134 1058 armatos
2187 998 2245 1056 in
2281 997 2444 1057 cella

352 1081 748 1154 Concordiae,
787 1097 973 1157 quum
1012 1088 1291 1141 senatum
1322 1080 1590 1150 haberet,
1625 1078 1978 1141 incluserit?
2034 1079 2111 1141 ad
2156 1079 2442 1155 legiones

350 1163 738 1225 Brundisium
764 1163 1140 1225 cucurrerit?
1169 1181 1246 1224 ex
1293 1164 1365 1224 iis
1406 1163 1632 1239 optime
1674 1164 2006 1224 sentientes
2039 1162 2441 1225 centuriones

352 1246 753 1324 iugulaverit?
783 1262 920 1308 eum
966 1246 1239 1309 exercitu
1282 1248 1533 1310 Romam
1574 1246 1654 1308 sit
1693 1247 1774 1307 ad
1811 1246 2110 1309 interitum
2156 1255 2442 1307 nostrum

350 1342 411 1394 et
438 1332 518 1391 ad
549 1330 1030 1407 dispertitionem
1075 1331 1243 1392 urbis
1277 1332 1485 1391 venire
1530 1337 1832 1392 conatus?
1873 1334 2076 1407 Atque
2121 1329 2174 1392 is
2205 1331 2285 1391 ab
2317 1330 2441 1391 hoc

351 1415 576 1491 impetu
606 1416 948 1477 abstractus
985 1414 1246 1477 consilio
1280 1423 1340 1475 et
1375 1413 1573 1490 copiis
1615 1414 1930 1488 Caesaris,
1974 1429 2290 1476 consensu
2334 1431 2441 1476 ve·

352 1508 714 1570 teranorum,
750 1500 969 1561 virtute
999 1498 1327 1574 legionum,
1358 1515 1446 1560 ¹ne
1480 1500 1720 1559 fortuna
1755 1498 2001 1573 quidem
2053 1500 2284 1560 fractus
2329 1499 2440 1559 mi·

353 1582 478 1643 nuit
508 1582 829 1644 audaciam
862 1599 975 1644 nec
1010 1599 1189 1645 ruere
1219 1583 1472 1644 demens
1508 1597 1623 1642 nec
1661 1583 1859 1643 furere
1887 1579 2130 1643 desinit.
2188 1582 2255 1642 In
2298 1582 2438 1642 Gal-

337 1665 492 1733 ,liam
520 1668 855 1729 mutilatum
885 1666 1055 1728 ducit
1082 1667 1447 1729 exercitum=
1490 1682 1628 1727 cum
1675 1683 1795 1727 una
1837 1666 2075 1741 legione
2113 1673 2173 1728 et
2214 1682 2292 1728 ea
2334 1683 2441 1725 va-

349 1749 589 1811 cillante
624 1751 691 1809 L.
728 1751 970 1811 fratrem
1000 1759 1349 1826 exspectat,
1395 1766 1518 1826 quo
1566 1748 1866 1810 neminem
1908 1750 2180 1826 reperire
2229 1759 2440 1826 potest

348 1835 442 1893 sui
478 1833 850 1895 similiorem.
897 1835 1001 1894 llle
1043 1843 1242 1894 autem
1267 1824 1362 1896 ex‘
1378 1833 1766 1911 myrmillone
1799 1835 1944 1908 dux,
1975 1851 2052 1895 ex
2095 1831 2438 1908 gladiatore

348 1917 679 1991 imperator
707 1932 863 1992 quas
892 1916 1099 1980 effecit
1126 1927 1385 1994 strageS,
1422 1916 1787 1994 ubicumque
1821 1917 2025 1993 posuit
2070 1916 2433 1994 vestigium!

342 1999 523 2062 Fudit
564 2003 1175 2079 apothecas‚cecidit
1210 2018 1430 2079 greges
1470 2010 1876 2064 armentorum
1928 2000 2277 2078 reliquique
2326 2019 2436 2078 pe-

348 2082 530 2157 coris,
567 2085 1001 2161 quodcumque
1049 2100 1266 2148 nactus
1307 2094 1431 2147 est:
1481 2087 1804 2163 epulantur
1853 2086 2101 2147 milites=
2144 2086 2283 2161 ipse
2329 2104 2436 2146 au-

344 2174 460 2227 tem
506 2183 604 2240 se,
641 2177 704 2230 ut
733 2169 785 2227 fr
828 2179 976 2231 trem
1007 2170 1295 2242 imitetur,
1330 2168 1530 2231 obruit
1561 2169 1734 2230 vino:
1781 2176 2093 2231 vastantur
2133 2167 2299 2245 agri:
2344 2170 2434 2229 di—

341 2248 639 2324 ripiuntur
659 2251 902 2314 witae:
965 2261 1189 2315 matres
1245 2253 1536 2330 familiae,
1592 2253 1889 2328 virgines,
1950 2252 2122 2329 pueri
2178 2252 2433 2327 ingenui

339 2332 749 2407 abripiuntur,
794 2334 1083 2398 militibus
1126 2338 1461 2401 traduntur.
1549 2338 1716 2398 Haec
1769 2338 1983 2398 eadem
2035 2352 2434 2413 quacumque

339 2415 675 2478 exercitum
703 2417 878 2479 duxit
908 2420 1049 2482 fecit
1077 2420 1157 2481 M.
1188 2420 1514 2493 Antonius.
1582 2421 1738 2483 XIII.
1766 2419 1869 2482 32.
1914 2420 2026 2482 His
2060 2437 2172 2480 vos
2209 2428 2431 2483 taeter·

339 2498 507 2561 rimis
540 2501 824 2563 fratribus
859 2510 1069 2577 portas
1098 2503 1432 2579 aperietis?
1468 2504 1587 2565 hos
1620 2522 1904 2580 umquam
1940 2503 1998 2564 in
2032 2505 2243 2565 urbem
2279 2504 2433 2564 reci·

339 2582 561 2658 pietis?
599 2602 721 2646 non
755 2595 1029 2662 tempore
1058 2588 1283 2662 oblato,
1334 2587 1595 2649 ducibus
1632 2587 1877 2665 paratiS,
1925 2587 2141 2650 animis
2173 2586 2431 2649 militum

338 2668 617 2742 incitatiS,
655 2672 885 2746 populo
916 2672 1195 2755 Romano
1229 2671 1655 2748 conspirante,
1702 2672 1872 2734 Italia
1910 2680 2032 2737 tota
2060 2672 2139 2733 ad
2181 2672 2429 2733 liberta-

337 2759 453 2812 tem
489 2755 973 2830 recuperandam
1004 2754 1300 2828 excitata,
1348 2757 1603 2818 deorum
1649 2755 2072 2819 immortalium
2121 2756 2431 2817 beneficio

334 2837 625 2899 utemini?
684 2840 923 2902 Nullum
979 2839 1093 2901 erit
1127 2848 1371 2916 tempus
1401 2841 1519 2901 hoc
1548 2842 1798 2903 amisso.
1857 2843 1910 2901 A
1951 2849 2153 2915 tergm
2202 2842 2428 2912 fronte,

334 2919 625 2983 lateribus
658 2923 975 2994 tenebitur,
1021 2924 1074 2984 si
1104 2925 1164 2984 in
1196 2924 1449 2985 Galliam
1483 2926 1731 2987 venerit.
1802 2926 1928 2986 Nec
1968 2925 2071 2989 ille
2106 2922 2295 2984 armis
2326 2940 2429 2984 so-

333 3003 486 3075 lum,
532 3006 645 3065 sed
692 3007 872 3070 etiam
917 3007 1183 3069 decretis
1227 3008 1455 3071 nostris
1490 3011 1847 3084 arguendus
1893 3018 2007 3070 est.
2062 3007 2285 3083 Magna
2333 3006 2429 3067 vis

333 3092 446 3179 est,
472 3103 757 3163 magnum
792 3108 1012 3152 numen
1055 3108 1241 3153 unum
1278 3101 1338 3155 et
1367 3093 1525 3153 idem
1556 3092 1874 3157 sentientis
1908 3100 2181 3157 senattae.
2233 3091 2429 3154 Vide·

333 3177 493 3229 usne
510 3170 805 3232 refertum
840 3174 1036 3236 rorum
1072 3178 1498 3254 populumque
1513 3178 1852 3240 Romanum
1903 3176 1986 3239 ad
2026 3192 2205 3251 spem
2247 3182 2427 3237 recu-

333 3254 645 3324 perandae
673 3254 965 3320 libertatis
998 3265 1298 3321 ereetum=
1351 3260 1457 3337 qui
1496 3260 1682 3337 longo
1721 3260 2040 3325 intervallo
2084 3277 2273 3336 quum
2307 3260 2427 3320 fre·
2512 3262 2514 3279 '

332 3343 592 3406 quantes
627 3335 729 3398 hic
760 3338 925 3401 ‘ridet
959 3356 1076 3403 nos
1118 3350 1246 3405 tum
1289 3352 1499 3420 sperat
1533 3341 1715 3407 etiam
1759 3345 1987 3407 liberos
2030 3344 2424 3406 convenisse.

329 3413 431 3475 33.
485 3419 663 3514 {lune
709 3437 823 3496 ego
873 3421 1032 3484 diem
1076 3437 1446 3502 exspectans
1489 3425 1568 3488 M.
1613 3428 1862 3490 Antonii
1907 3428 2210 3490 scelerata
2251 3444 2423 3489 arma
2496 3454 2501 3469 ·

336 3508 535 3573 vitavi,
577 3510 722 3577 tum,
764 3523 952 3581 quum
981 3507 1081 3569 ille
1110 3506 1170 3570 in
1212 3525 1309 3571 me
1352 3512 1670 3575 absentem
1712 3511 2008 3573 invehens
2042 3527 2162 3575 non
2200 3511 2427 3574 intelli·
