<?xml version="1.0" encoding="UTF-8"?>
<!DOCTYPE html PUBLIC "-//W3C//DTD XHTML 1.0 Transitional//EN"
    "http://www.w3.org/TR/xhtml1/DTD/xhtml1-transitional.dtd">
<html xmlns="http://www.w3.org/1999/xhtml" xml:lang="en" lang="en">
 <head>
  <title>
</title>
<meta http-equiv="Content-Type" content="text/html;charset=utf-8" />
  <meta name='ocr-system' content='tesseract 3.04.00' />
  <meta name='ocr-capabilities' content='ocr_page ocr_carea ocr_par ocr_line ocrx_word'/>
</head>
<body>
  <div class='ocr_page' id='page_1' title='image "./scriptaquaemans02cicegoog_0070.png"; bbox 0 0 2514 3928; ppageno 0'>
   <div class='ocr_carea' id='block_1_1' title="bbox 145 106 1629 215">
    <p class='ocr_par' dir='ltr' id='par_1_1' title="bbox 145 106 1629 215">
     <span class='ocr_line' id='line_1_1' title="bbox 145 106 1629 215; baseline -0.006 -17"><span class='ocrx_word' id='word_1_1' title='bbox 145 135 226 198; x_wconf 81' lang='lat'>14</span> <span class='ocrx_word' id='word_1_2' title='bbox 668 106 685 109; x_wconf 16' lang='grc' dir='ltr'><em>ᾔ</em></span> <span class='ocrx_word' id='word_1_3' title='bbox 743 129 892 193; x_wconf 72' lang='lat' dir='ltr'>rao</span> <span class='ocrx_word' id='word_1_4' title='bbox 926 131 989 215; x_wconf 72' lang='lat' dir='ltr'>r.</span> <span class='ocrx_word' id='word_1_5' title='bbox 1025 108 1291 193; x_wconf 70' lang='lat' dir='ltr'>sesne</span> <span class='ocrx_word' id='word_1_6' title='bbox 1323 129 1629 192; x_wconf 76' lang='lat' dir='ltr'>onAno.</span> 
     </span>
    </p>
   </div>
   <div class='ocr_carea' id='block_1_2' title="bbox 92 280 2216 3441">
    <p class='ocr_par' dir='ltr' id='par_1_2' title="bbox 142 280 2216 862">
     <span class='ocr_line' id='line_1_2' title="bbox 142 280 2213 347; baseline -0.002 0"><span class='ocrx_word' id='word_1_7' title='bbox 142 287 391 347; x_wconf 78' lang='lat' dir='ltr'>bantur:</span> <span class='ocrx_word' id='word_1_8' title='bbox 424 281 636 344; x_wconf 88' lang='lat' dir='ltr'>armati</span> <span class='ocrx_word' id='word_1_9' title='bbox 665 281 1173 345; x_wconf 58' lang='lat' dir='ltr'>homines-forum</span> <span class='ocrx_word' id='word_1_10' title='bbox 1200 291 1263 343; x_wconf 90' lang='lat' dir='ltr'>et</span> <span class='ocrx_word' id='word_1_11' title='bbox 1286 283 1603 344; x_wconf 88' lang='lat' dir='ltr'>contiones</span> <span class='ocrx_word' id='word_1_12' title='bbox 1631 280 1945 342; x_wconf 73' lang='lat' dir='ltr'>tenebant=</span> <span class='ocrx_word' id='word_1_13' title='bbox 1983 282 2213 342; x_wconf 84' lang='lat' dir='ltr'>caedes</span> 
     </span>
     <span class='ocr_line' id='line_1_3' title="bbox 145 364 2216 445; baseline -0 -17"><span class='ocrx_word' id='word_1_14' title='bbox 145 367 675 445; x_wconf 79' lang='lat' dir='ltr'>lapidationesque</span> <span class='ocrx_word' id='word_1_15' title='bbox 724 366 978 428; x_wconf 80' lang='lat' dir='ltr'>fiebant:</span> <span class='ocrx_word' id='word_1_16' title='bbox 1032 367 1234 426; x_wconf 89' lang='lat' dir='ltr'>nullus</span> <span class='ocrx_word' id='word_1_17' title='bbox 1289 375 1418 427; x_wconf 89' lang='lat' dir='ltr'>erat</span> <span class='ocrx_word' id='word_1_18' title='bbox 1461 374 1742 438; x_wconf 79' lang='lat' dir='ltr'>senatuS,</span> <span class='ocrx_word' id='word_1_19' title='bbox 1800 364 1946 425; x_wconf 90' lang='lat' dir='ltr'>nihil</span> <span class='ocrx_word' id='word_1_20' title='bbox 1992 364 2216 440; x_wconf 81' lang='lat' dir='ltr'><strong>reliqui</strong></span> 
     </span>
     <span class='ocr_line' id='line_1_4' title="bbox 145 447 2212 527; baseline -0.001 -15"><span class='ocrx_word' id='word_1_21' title='bbox 145 451 564 527; x_wconf 77' lang='lat' dir='ltr'>magistratus:</span> <span class='ocrx_word' id='word_1_22' title='bbox 616 467 777 511; x_wconf 91' lang='lat' dir='ltr'>unus</span> <span class='ocrx_word' id='word_1_23' title='bbox 813 465 1052 511; x_wconf 90' lang='lat' dir='ltr'>omnem</span> <span class='ocrx_word' id='word_1_24' title='bbox 1088 448 1355 511; x_wconf 89' lang='lat' dir='ltr'>omnium</span> <span class='ocrx_word' id='word_1_25' title='bbox 1394 457 1757 526; x_wconf 86' lang='lat' dir='ltr'>potestatem</span> <span class='ocrx_word' id='word_1_26' title='bbox 1802 447 1986 509; x_wconf 89' lang='lat' dir='ltr'>armis</span> <span class='ocrx_word' id='word_1_27' title='bbox 2026 457 2088 509; x_wconf 89' lang='lat' dir='ltr'>et</span> <span class='ocrx_word' id='word_1_28' title='bbox 2124 451 2212 509; x_wconf 89' lang='lat' dir='ltr'>la-</span> 
     </span>
     <span class='ocr_line' id='line_1_5' title="bbox 147 532 2211 610; baseline -0.002 -14"><span class='ocrx_word' id='word_1_29' title='bbox 147 533 418 596; x_wconf 90' lang='lat' dir='ltr'>trociniis</span> <span class='ocrx_word' id='word_1_30' title='bbox 449 533 835 610; x_wconf 77' lang='lat' dir='ltr'>possidebat,</span> <span class='ocrx_word' id='word_1_31' title='bbox 882 549 1003 594; x_wconf 90' lang='lat' dir='ltr'>non</span> <span class='ocrx_word' id='word_1_32' title='bbox 1038 533 1246 609; x_wconf 89' lang='lat' dir='ltr'>aliqua</span> <span class='ocrx_word' id='word_1_33' title='bbox 1277 532 1336 592; x_wconf 90' lang='lat' dir='ltr'>vi</span> <span class='ocrx_word' id='word_1_34' title='bbox 1366 549 1511 609; x_wconf 84' lang='lat' dir='ltr'>sua,</span> <span class='ocrx_word' id='word_1_35' title='bbox 1545 534 1659 593; x_wconf 90' lang='lat' dir='ltr'>sed</span> <span class='ocrx_word' id='word_1_36' title='bbox 1691 548 1879 608; x_wconf 90' lang='lat' dir='ltr'>quum</span> <span class='ocrx_word' id='word_1_37' title='bbox 1908 533 2032 593; x_wconf 92' lang='lat' dir='ltr'>duo</span> <span class='ocrx_word' id='word_1_38' title='bbox 2064 547 2211 594; x_wconf 89' lang='lat' dir='ltr'>con-</span> 
     </span>
     <span class='ocr_line' id='line_1_6' title="bbox 147 614 2211 693; baseline -0.001 -14"><span class='ocrx_word' id='word_1_39' title='bbox 147 620 314 679; x_wconf 91' lang='lat' dir='ltr'>sules</span> <span class='ocrx_word' id='word_1_40' title='bbox 345 634 381 677; x_wconf 91' lang='lat' dir='ltr'>a</span> <span class='ocrx_word' id='word_1_41' title='bbox 413 634 478 678; x_wconf 91' lang='lat' dir='ltr'>re</span> <span class='ocrx_word' id='word_1_42' title='bbox 509 616 753 692; x_wconf 87' lang='lat' dir='ltr'>publica</span> <span class='ocrx_word' id='word_1_43' title='bbox 781 617 1231 693; x_wconf 89' lang='lat' dir='ltr'>provinciarum</span> <span class='ocrx_word' id='word_1_44' title='bbox 1262 617 1513 678; x_wconf 81' lang='lat' dir='ltr'>foedere</span> <span class='ocrx_word' id='word_1_45' title='bbox 1538 615 1926 688; x_wconf 78' lang='lat' dir='ltr'>retraxisset,</span> <span class='ocrx_word' id='word_1_46' title='bbox 1961 614 2211 676; x_wconf 89' lang='lat' dir='ltr'>insulta·</span> 
     </span>
     <span class='ocr_line' id='line_1_7' title="bbox 145 699 2213 777; baseline -0.001 -14"><span class='ocrx_word' id='word_1_47' title='bbox 145 702 278 777; x_wconf 88' lang='lat' dir='ltr'>bat,</span> <span class='ocrx_word' id='word_1_48' title='bbox 310 699 928 772; x_wconf 76' lang='lat' dir='ltr'>dominabatur,aliis</span> <span class='ocrx_word' id='word_1_49' title='bbox 960 699 1387 775; x_wconf 85' lang='lat' dir='ltr'>pollicebatur,</span> <span class='ocrx_word' id='word_1_50' title='bbox 1422 707 1652 760; x_wconf 90' lang='lat' dir='ltr'>terrore</span> <span class='ocrx_word' id='word_1_51' title='bbox 1680 714 1754 760; x_wconf 91' lang='lat' dir='ltr'>ac</span> <span class='ocrx_word' id='word_1_52' title='bbox 1782 705 1946 758; x_wconf 90' lang='lat' dir='ltr'>metu</span> <span class='ocrx_word' id='word_1_53' title='bbox 1968 701 2213 775; x_wconf 87' lang='lat' dir='ltr'>multos,</span> 
     </span>
     <span class='ocr_line' id='line_1_8' title="bbox 146 782 1446 862; baseline -0.003 -18"><span class='ocrx_word' id='word_1_54' title='bbox 146 787 357 862; x_wconf 91' lang='lat' dir='ltr'>plures</span> <span class='ocrx_word' id='word_1_55' title='bbox 387 784 564 846; x_wconf 89' lang='lat' dir='ltr'>etiam</span> <span class='ocrx_word' id='word_1_56' title='bbox 598 799 715 858; x_wconf 88' lang='lat' dir='ltr'>spe</span> <span class='ocrx_word' id='word_1_57' title='bbox 745 792 806 844; x_wconf 89' lang='lat' dir='ltr'>et</span> <span class='ocrx_word' id='word_1_58' title='bbox 834 782 1156 859; x_wconf 87' lang='lat' dir='ltr'>promissis</span> <span class='ocrx_word' id='word_1_59' title='bbox 1185 783 1446 844; x_wconf 87' lang='lat' dir='ltr'>tenebat.</span> 
     </span>
    </p>

    <p class='ocr_par' dir='ltr' id='par_1_3' title="bbox 139 865 2212 1774">
     <span class='ocr_line' id='line_1_9' title="bbox 313 865 2210 941; baseline -0.001 -13"><span class='ocrx_word' id='word_1_60' title='bbox 313 865 414 928; x_wconf 82' lang='lat'>35.</span> <span class='ocrx_word' id='word_1_61' title='bbox 459 868 626 940; x_wconf 81' lang='lat' dir='ltr'>Quae</span> <span class='ocrx_word' id='word_1_62' title='bbox 656 884 840 941; x_wconf 92' lang='lat' dir='ltr'>quum</span> <span class='ocrx_word' id='word_1_63' title='bbox 876 874 1087 928; x_wconf 90' lang='lat' dir='ltr'>essent</span> <span class='ocrx_word' id='word_1_64' title='bbox 1113 865 1247 927; x_wconf 91' lang='lat' dir='ltr'>eius</span> <span class='ocrx_word' id='word_1_65' title='bbox 1278 865 1475 934; x_wconf 89' lang='lat' dir='ltr'>modi,</span> <span class='ocrx_word' id='word_1_66' title='bbox 1519 865 1784 938; x_wconf 84' lang='lat' dir='ltr'>iudices,</span> <span class='ocrx_word' id='word_1_67' title='bbox 1817 882 2003 940; x_wconf 86' lang='lat' dir='ltr'>quum</span> <span class='ocrx_word' id='word_1_68' title='bbox 2033 881 2210 927; x_wconf 88' lang='lat' dir='ltr'>sena-</span> 
     </span>
     <span class='ocr_line' id='line_1_10' title="bbox 146 948 2212 1027; baseline 0 -16"><span class='ocrx_word' id='word_1_69' title='bbox 146 960 244 1012; x_wconf 90' lang='lat' dir='ltr'>tus</span> <span class='ocrx_word' id='word_1_70' title='bbox 272 952 462 1011; x_wconf 92' lang='lat' dir='ltr'>duces</span> <span class='ocrx_word' id='word_1_71' title='bbox 487 949 687 1011; x_wconf 89' lang='lat' dir='ltr'>nullos</span> <span class='ocrx_word' id='word_1_72' title='bbox 713 965 785 1009; x_wconf 90' lang='lat' dir='ltr'>ac</span> <span class='ocrx_word' id='word_1_73' title='bbox 813 967 928 1025; x_wconf 91' lang='lat' dir='ltr'>pro</span> <span class='ocrx_word' id='word_1_74' title='bbox 955 948 1216 1011; x_wconf 90' lang='lat' dir='ltr'>ducibus</span> <span class='ocrx_word' id='word_1_75' title='bbox 1235 948 1581 1027; x_wconf 88' lang='lat' dir='ltr'>proditores</span> <span class='ocrx_word' id='word_1_76' title='bbox 1602 957 1708 1009; x_wconf 89' lang='lat' dir='ltr'>aut</span> <span class='ocrx_word' id='word_1_77' title='bbox 1738 948 1938 1022; x_wconf 83' lang='lat' dir='ltr'>potius</span> <span class='ocrx_word' id='word_1_78' title='bbox 1961 960 2212 1023; x_wconf 86' lang='lat' dir='ltr'>apertos</span> 
     </span>
     <span class='ocr_line' id='line_1_11' title="bbox 145 1030 2211 1110; baseline -0.001 -16"><span class='ocrx_word' id='word_1_79' title='bbox 145 1035 360 1095; x_wconf 89' lang='lat' dir='ltr'>hostes</span> <span class='ocrx_word' id='word_1_80' title='bbox 402 1033 681 1110; x_wconf 84' lang='lat' dir='ltr'>haberet,</span> <span class='ocrx_word' id='word_1_81' title='bbox 733 1041 1021 1107; x_wconf 83' lang='lat' dir='ltr'>equester</span> <span class='ocrx_word' id='word_1_82' title='bbox 1054 1033 1206 1095; x_wconf 91' lang='lat' dir='ltr'>ordo</span> <span class='ocrx_word' id='word_1_83' title='bbox 1247 1048 1393 1092; x_wconf 90' lang='lat' dir='ltr'>reus</span> <span class='ocrx_word' id='word_1_84' title='bbox 1433 1049 1472 1092; x_wconf 88' lang='lat' dir='ltr'>a</span> <span class='ocrx_word' id='word_1_85' title='bbox 1516 1031 1870 1093; x_wconf 87' lang='lat' dir='ltr'>consulibus</span> <span class='ocrx_word' id='word_1_86' title='bbox 1906 1030 2211 1108; x_wconf 85' lang='lat' dir='ltr'>citaretur,</span> 
     </span>
     <span class='ocr_line' id='line_1_12' title="bbox 143 1114 2210 1192; baseline -0 -16"><span class='ocrx_word' id='word_1_87' title='bbox 143 1119 353 1178; x_wconf 87' lang='lat' dir='ltr'>ltaliae</span> <span class='ocrx_word' id='word_1_88' title='bbox 382 1116 568 1178; x_wconf 91' lang='lat' dir='ltr'>totius</span> <span class='ocrx_word' id='word_1_89' title='bbox 598 1117 928 1177; x_wconf 85' lang='lat' dir='ltr'>auctoritas</span> <span class='ocrx_word' id='word_1_90' title='bbox 961 1115 1415 1192; x_wconf 82' lang='lat' dir='ltr'>repudiaretur,</span> <span class='ocrx_word' id='word_1_91' title='bbox 1455 1115 1556 1175; x_wconf 90' lang='lat' dir='ltr'>alii</span> <span class='ocrx_word' id='word_1_92' title='bbox 1596 1114 1947 1177; x_wconf 89' lang='lat' dir='ltr'>nominatim</span> <span class='ocrx_word' id='word_1_93' title='bbox 1975 1116 2210 1189; x_wconf 83' lang='lat' dir='ltr'>relega·</span> 
     </span>
     <span class='ocr_line' id='line_1_13' title="bbox 143 1198 2209 1276; baseline -0.001 -16"><span class='ocrx_word' id='word_1_94' title='bbox 143 1211 380 1273; x_wconf 90' lang='lat' dir='ltr'>rentur,</span> <span class='ocrx_word' id='word_1_95' title='bbox 411 1198 512 1260; x_wconf 86' lang='lat' dir='ltr'>alii</span> <span class='ocrx_word' id='word_1_96' title='bbox 540 1208 704 1260; x_wconf 91' lang='lat' dir='ltr'>metu</span> <span class='ocrx_word' id='word_1_97' title='bbox 737 1206 800 1258; x_wconf 89' lang='lat' dir='ltr'>et</span> <span class='ocrx_word' id='word_1_98' title='bbox 822 1200 1094 1276; x_wconf 89' lang='lat' dir='ltr'>periculo</span> <span class='ocrx_word' id='word_1_99' title='bbox 1122 1206 1517 1271; x_wconf 87' lang='lat' dir='ltr'>terrerentur,</span> <span class='ocrx_word' id='word_1_100' title='bbox 1549 1215 1718 1259; x_wconf 89' lang='lat' dir='ltr'>arma</span> <span class='ocrx_word' id='word_1_101' title='bbox 1740 1206 1951 1259; x_wconf 90' lang='lat' dir='ltr'>essent</span> <span class='ocrx_word' id='word_1_102' title='bbox 1976 1198 2035 1257; x_wconf 92' lang='lat' dir='ltr'>in</span> <span class='ocrx_word' id='word_1_103' title='bbox 2061 1207 2209 1259; x_wconf 90' lang='lat' dir='ltr'>tem-</span> 
     </span>
     <span class='ocr_line' id='line_1_14' title="bbox 147 1281 2209 1359; baseline 0 -17"><span class='ocrx_word' id='word_1_104' title='bbox 147 1283 297 1358; x_wconf 88' lang='lat' dir='ltr'>plis,</span> <span class='ocrx_word' id='word_1_105' title='bbox 344 1282 555 1343; x_wconf 90' lang='lat' dir='ltr'>armati</span> <span class='ocrx_word' id='word_1_106' title='bbox 601 1282 661 1342; x_wconf 91' lang='lat' dir='ltr'>in</span> <span class='ocrx_word' id='word_1_107' title='bbox 704 1283 868 1357; x_wconf 84' lang='lat' dir='ltr'>soro,</span> <span class='ocrx_word' id='word_1_108' title='bbox 915 1299 1114 1359; x_wconf 89' lang='lat' dir='ltr'>eaque</span> <span class='ocrx_word' id='word_1_109' title='bbox 1150 1299 1273 1342; x_wconf 91' lang='lat' dir='ltr'>non</span> <span class='ocrx_word' id='word_1_110' title='bbox 1304 1281 1543 1344; x_wconf 89' lang='lat' dir='ltr'>silentio</span> <span class='ocrx_word' id='word_1_111' title='bbox 1576 1283 1894 1343; x_wconf 89' lang='lat' dir='ltr'>consulum</span> <span class='ocrx_word' id='word_1_112' title='bbox 1923 1281 2209 1343; x_wconf 90' lang='lat' dir='ltr'>dissimu-</span> 
     </span>
     <span class='ocr_line' id='line_1_15' title="bbox 143 1367 2209 1447; baseline 0 -22"><span class='ocrx_word' id='word_1_113' title='bbox 143 1369 440 1440; x_wconf 89' lang='lat' dir='ltr'>larentur,</span> <span class='ocrx_word' id='word_1_114' title='bbox 491 1367 604 1427; x_wconf 90' lang='lat' dir='ltr'>sed</span> <span class='ocrx_word' id='word_1_115' title='bbox 657 1375 719 1447; x_wconf 81' lang='lat' dir='ltr'>et</span> <span class='ocrx_word' id='word_1_116' title='bbox 759 1382 913 1428; x_wconf 89' lang='lat' dir='ltr'>voce</span> <span class='ocrx_word' id='word_1_117' title='bbox 955 1376 1016 1428; x_wconf 89' lang='lat' dir='ltr'>et</span> <span class='ocrx_word' id='word_1_118' title='bbox 1059 1367 1361 1427; x_wconf 90' lang='lat' dir='ltr'>sententia</span> <span class='ocrx_word' id='word_1_119' title='bbox 1402 1367 1973 1441; x_wconf 85' lang='lat' dir='ltr'>comprobarentur,</span> <span class='ocrx_word' id='word_1_120' title='bbox 2019 1382 2209 1440; x_wconf 89' lang='lat' dir='ltr'>quum</span> 
     </span>
     <span class='ocr_line' id='line_1_16' title="bbox 149 1448 2207 1525; baseline -0.001 -14"><span class='ocrx_word' id='word_1_121' title='bbox 149 1466 359 1512; x_wconf 88' lang='lat' dir='ltr'>omnes</span> <span class='ocrx_word' id='word_1_122' title='bbox 387 1450 596 1510; x_wconf 91' lang='lat' dir='ltr'>urbem</span> <span class='ocrx_word' id='word_1_123' title='bbox 627 1451 896 1511; x_wconf 90' lang='lat' dir='ltr'>nondum</span> <span class='ocrx_word' id='word_1_124' title='bbox 927 1450 1198 1510; x_wconf 87' lang='lat' dir='ltr'>excisam</span> <span class='ocrx_word' id='word_1_125' title='bbox 1227 1457 1289 1509; x_wconf 88' lang='lat' dir='ltr'>et</span> <span class='ocrx_word' id='word_1_126' title='bbox 1317 1465 1627 1525; x_wconf 90' lang='lat' dir='ltr'>eversam,</span> <span class='ocrx_word' id='word_1_127' title='bbox 1671 1450 1783 1510; x_wconf 92' lang='lat' dir='ltr'>sed</span> <span class='ocrx_word' id='word_1_128' title='bbox 1817 1448 1935 1509; x_wconf 88' lang='lat' dir='ltr'>iam</span> <span class='ocrx_word' id='word_1_129' title='bbox 1968 1457 2207 1523; x_wconf 87' lang='lat' dir='ltr'>captam</span> 
     </span>
     <span class='ocr_line' id='line_1_17' title="bbox 145 1531 2207 1610; baseline 0 -18"><span class='ocrx_word' id='word_1_130' title='bbox 145 1543 327 1610; x_wconf 88' lang='lat' dir='ltr'>atque</span> <span class='ocrx_word' id='word_1_131' title='bbox 367 1549 731 1609; x_wconf 89' lang='lat' dir='ltr'>oppressam</span> <span class='ocrx_word' id='word_1_132' title='bbox 778 1532 1155 1605; x_wconf 84' lang='lat' dir='ltr'>videremuS,</span> <span class='ocrx_word' id='word_1_133' title='bbox 1206 1542 1407 1593; x_wconf 87' lang='lat' dir='ltr'>tamen</span> <span class='ocrx_word' id='word_1_134' title='bbox 1449 1532 1544 1593; x_wconf 88' lang='lat' dir='ltr'>his</span> <span class='ocrx_word' id='word_1_135' title='bbox 1591 1532 1772 1594; x_wconf 86' lang='lat' dir='ltr'>tantis</span> <span class='ocrx_word' id='word_1_136' title='bbox 1815 1531 1990 1592; x_wconf 89' lang='lat' dir='ltr'>malis</span> <span class='ocrx_word' id='word_1_137' title='bbox 2040 1541 2207 1593; x_wconf 88' lang='lat' dir='ltr'>tanto</span> 
     </span>
     <span class='ocr_line' id='line_1_18' title="bbox 141 1614 2208 1690; baseline 0 -14"><span class='ocrx_word' id='word_1_138' title='bbox 141 1617 443 1678; x_wconf 86' lang='lat' dir='ltr'>bonorum</span> <span class='ocrx_word' id='word_1_139' title='bbox 484 1615 719 1689; x_wconf 90' lang='lat' dir='ltr'>studio,</span> <span class='ocrx_word' id='word_1_140' title='bbox 762 1614 1031 1690; x_wconf 82' lang='lat' dir='ltr'>iudiceS,</span> <span class='ocrx_word' id='word_1_141' title='bbox 1076 1614 1545 1677; x_wconf 84' lang='lat' dir='ltr'>restitissemus=</span> <span class='ocrx_word' id='word_1_142' title='bbox 1599 1617 1713 1677; x_wconf 89' lang='lat' dir='ltr'>sed</span> <span class='ocrx_word' id='word_1_143' title='bbox 1743 1631 1841 1677; x_wconf 91' lang='lat' dir='ltr'>me</span> <span class='ocrx_word' id='word_1_144' title='bbox 1870 1615 1974 1676; x_wconf 86' lang='lat' dir='ltr'>alii</span> <span class='ocrx_word' id='word_1_145' title='bbox 2006 1624 2208 1676; x_wconf 88' lang='lat' dir='ltr'>metus</span> 
     </span>
     <span class='ocr_line' id='line_1_19' title="bbox 139 1698 1635 1774; baseline 0.002 -17"><span class='ocrx_word' id='word_1_146' title='bbox 139 1707 325 1774; x_wconf 86' lang='lat' dir='ltr'>atque</span> <span class='ocrx_word' id='word_1_147' title='bbox 355 1699 509 1758; x_wconf 90' lang='lat' dir='ltr'>aliae</span> <span class='ocrx_word' id='word_1_148' title='bbox 540 1714 726 1759; x_wconf 90' lang='lat' dir='ltr'>curae</span> <span class='ocrx_word' id='word_1_149' title='bbox 767 1698 1270 1774; x_wconf 90' lang='lat' dir='ltr'>suspitionesque</span> <span class='ocrx_word' id='word_1_150' title='bbox 1300 1708 1635 1760; x_wconf 86' lang='lat' dir='ltr'>moverunt.</span> 
     </span>
    </p>

    <p class='ocr_par' dir='ltr' id='par_1_4' title="bbox 92 1780 2212 3441">
     <span class='ocr_line' id='line_1_20' title="bbox 305 1780 2207 1858; baseline 0.002 -17"><span class='ocrx_word' id='word_1_151' title='bbox 305 1783 463 1842; x_wconf 80' lang='lat' dir='ltr'><strong>XVI.</strong></span> <span class='ocrx_word' id='word_1_152' title='bbox 493 1780 594 1842; x_wconf 83' lang='lat'>36.</span> <span class='ocrx_word' id='word_1_153' title='bbox 635 1781 956 1856; x_wconf 88' lang='lat' dir='ltr'>Exponam</span> <span class='ocrx_word' id='word_1_154' title='bbox 987 1781 1147 1842; x_wconf 89' lang='lat' dir='ltr'>enim</span> <span class='ocrx_word' id='word_1_155' title='bbox 1174 1782 1471 1843; x_wconf 88' lang='lat' dir='ltr'>hodierno</span> <span class='ocrx_word' id='word_1_156' title='bbox 1503 1781 1633 1858; x_wconf 90' lang='lat' dir='ltr'>die,</span> <span class='ocrx_word' id='word_1_157' title='bbox 1666 1781 1934 1858; x_wconf 82' lang='lat' dir='ltr'>iudiceS,</span> <span class='ocrx_word' id='word_1_158' title='bbox 1965 1798 2207 1844; x_wconf 89' lang='lat' dir='ltr'>omnem</span> 
     </span>
     <span class='ocr_line' id='line_1_21' title="bbox 138 1863 2206 1940; baseline 0.003 -17"><span class='ocrx_word' id='word_1_159' title='bbox 138 1863 433 1925; x_wconf 89' lang='lat' dir='ltr'>rationem</span> <span class='ocrx_word' id='word_1_160' title='bbox 465 1863 606 1925; x_wconf 82' lang='lat' dir='ltr'>sacti</span> <span class='ocrx_word' id='word_1_161' title='bbox 639 1872 699 1925; x_wconf 91' lang='lat' dir='ltr'>et</span> <span class='ocrx_word' id='word_1_162' title='bbox 727 1864 967 1926; x_wconf 90' lang='lat' dir='ltr'>consilii</span> <span class='ocrx_word' id='word_1_163' title='bbox 996 1863 1144 1938; x_wconf 91' lang='lat' dir='ltr'>mei,</span> <span class='ocrx_word' id='word_1_164' title='bbox 1175 1882 1378 1940; x_wconf 87' lang='lat' dir='ltr'>neque</span> <span class='ocrx_word' id='word_1_165' title='bbox 1398 1865 1539 1926; x_wconf 90' lang='lat' dir='ltr'>huic</span> <span class='ocrx_word' id='word_1_166' title='bbox 1563 1876 1772 1928; x_wconf 89' lang='lat' dir='ltr'>vestro</span> <span class='ocrx_word' id='word_1_167' title='bbox 1804 1875 1968 1928; x_wconf 86' lang='lat' dir='ltr'>tanto</span> <span class='ocrx_word' id='word_1_168' title='bbox 2000 1866 2206 1929; x_wconf 88' lang='lat' dir='ltr'>studio</span> 
     </span>
     <span class='ocr_line' id='line_1_22' title="bbox 139 1946 2204 2026; baseline 0.002 -19"><span class='ocrx_word' id='word_1_169' title='bbox 139 1946 426 2008; x_wconf 85' lang='lat' dir='ltr'>audiendi</span> <span class='ocrx_word' id='word_1_170' title='bbox 464 1964 579 2008; x_wconf 90' lang='lat' dir='ltr'>nec</span> <span class='ocrx_word' id='word_1_171' title='bbox 621 1963 766 2009; x_wconf 82' lang='lat' dir='ltr'>vero</span> <span class='ocrx_word' id='word_1_172' title='bbox 805 1947 948 2010; x_wconf 88' lang='lat' dir='ltr'>huic</span> <span class='ocrx_word' id='word_1_173' title='bbox 981 1957 1182 2011; x_wconf 90' lang='lat' dir='ltr'>tantae</span> <span class='ocrx_word' id='word_1_174' title='bbox 1224 1949 1619 2024; x_wconf 89' lang='lat' dir='ltr'>multitudini,</span> <span class='ocrx_word' id='word_1_175' title='bbox 1661 1958 1887 2026; x_wconf 88' lang='lat' dir='ltr'>quanta</span> <span class='ocrx_word' id='word_1_176' title='bbox 1915 1968 2051 2012; x_wconf 91' lang='lat' dir='ltr'>mea</span> <span class='ocrx_word' id='word_1_177' title='bbox 2080 1967 2204 2011; x_wconf 89' lang='lat' dir='ltr'>me·</span> 
     </span>
     <span class='ocr_line' id='line_1_23' title="bbox 140 2030 2205 2109; baseline 0.001 -18"><span class='ocrx_word' id='word_1_178' title='bbox 140 2030 331 2091; x_wconf 89' lang='lat' dir='ltr'>moria</span> <span class='ocrx_word' id='word_1_179' title='bbox 361 2048 686 2106; x_wconf 81' lang='lat' dir='ltr'>numquam</span> <span class='ocrx_word' id='word_1_180' title='bbox 727 2033 850 2093; x_wconf 91' lang='lat' dir='ltr'>ullo</span> <span class='ocrx_word' id='word_1_181' title='bbox 894 2031 953 2093; x_wconf 91' lang='lat' dir='ltr'>in</span> <span class='ocrx_word' id='word_1_182' title='bbox 986 2032 1212 2098; x_wconf 82' lang='lat' dir='ltr'>iudicio</span> <span class='ocrx_word' id='word_1_183' title='bbox 1241 2033 1383 2108; x_wconf 85' lang='lat' dir='ltr'>fuit,</span> <span class='ocrx_word' id='word_1_184' title='bbox 1431 2035 1639 2094; x_wconf 88' lang='lat' dir='ltr'>deero.</span> <span class='ocrx_word' id='word_1_185' title='bbox 1727 2035 1879 2095; x_wconf 88' lang='lat' dir='ltr'>Nam</span> <span class='ocrx_word' id='word_1_186' title='bbox 1914 2033 1968 2095; x_wconf 91' lang='lat' dir='ltr'>si</span> <span class='ocrx_word' id='word_1_187' title='bbox 1997 2051 2112 2109; x_wconf 84' lang='lat' dir='ltr'>ego</span> <span class='ocrx_word' id='word_1_188' title='bbox 2144 2035 2205 2094; x_wconf 92' lang='lat' dir='ltr'>in</span> 
     </span>
     <span class='ocr_line' id='line_1_24' title="bbox 139 2115 2197 2190; baseline 0.002 -17"><span class='ocrx_word' id='word_1_189' title='bbox 139 2131 329 2176; x_wconf 87' lang='lat' dir='ltr'>causa</span> <span class='ocrx_word' id='word_1_190' title='bbox 363 2122 480 2176; x_wconf 83' lang='lat' dir='ltr'>tam</span> <span class='ocrx_word' id='word_1_191' title='bbox 509 2115 701 2189; x_wconf 89' lang='lat' dir='ltr'>bona,</span> <span class='ocrx_word' id='word_1_192' title='bbox 747 2125 911 2178; x_wconf 90' lang='lat' dir='ltr'>tanto</span> <span class='ocrx_word' id='word_1_193' title='bbox 940 2115 1142 2178; x_wconf 92' lang='lat' dir='ltr'>studio</span> <span class='ocrx_word' id='word_1_194' title='bbox 1175 2126 1457 2190; x_wconf 88' lang='lat' dir='ltr'>senatus,</span> <span class='ocrx_word' id='word_1_195' title='bbox 1505 2133 1817 2179; x_wconf 91' lang='lat' dir='ltr'>consensu</span> <span class='ocrx_word' id='word_1_196' title='bbox 1858 2125 1980 2179; x_wconf 88' lang='lat' dir='ltr'>tam</span> <span class='ocrx_word' id='word_1_197' title='bbox 2009 2116 2197 2177; x_wconf 88' lang='lat' dir='ltr'>incre·</span> 
     </span>
     <span class='ocr_line' id='line_1_25' title="bbox 137 2197 2203 2275; baseline 0.001 -17"><span class='ocrx_word' id='word_1_198' title='bbox 137 2197 306 2258; x_wconf 87' lang='lat' dir='ltr'>dibili</span> <span class='ocrx_word' id='word_1_199' title='bbox 328 2199 631 2258; x_wconf 89' lang='lat' dir='ltr'>bonorum</span> <span class='ocrx_word' id='word_1_200' title='bbox 656 2197 940 2268; x_wconf 89' lang='lat' dir='ltr'>omnium,</span> <span class='ocrx_word' id='word_1_201' title='bbox 967 2206 1089 2258; x_wconf 90' lang='lat' dir='ltr'>tam</span> <span class='ocrx_word' id='word_1_202' title='bbox 1110 2207 1328 2275; x_wconf 87' lang='lat' dir='ltr'>parato</span> <span class='ocrx_word' id='word_1_203' title='bbox 1341 2198 1460 2272; x_wconf 84' lang='lat'>***,</span> <span class='ocrx_word' id='word_1_204' title='bbox 1484 2207 1617 2261; x_wconf 88' lang='lat' dir='ltr'>tota</span> <span class='ocrx_word' id='word_1_205' title='bbox 1639 2202 1909 2275; x_wconf 89' lang='lat' dir='ltr'>denique</span> <span class='ocrx_word' id='word_1_206' title='bbox 1925 2200 2095 2261; x_wconf 88' lang='lat' dir='ltr'>Italia</span> <span class='ocrx_word' id='word_1_207' title='bbox 2122 2202 2203 2261; x_wconf 86' lang='lat' dir='ltr'>ad</span> 
     </span>
     <span class='ocr_line' id='line_1_26' title="bbox 138 2280 2201 2360; baseline 0.002 -20"><span class='ocrx_word' id='word_1_208' title='bbox 138 2297 377 2341; x_wconf 90' lang='lat' dir='ltr'>omnem</span> <span class='ocrx_word' id='word_1_209' title='bbox 409 2280 855 2342; x_wconf 83' lang='lat' dir='ltr'>contentionem</span> <span class='ocrx_word' id='word_1_210' title='bbox 885 2280 1174 2358; x_wconf 88' lang='lat' dir='ltr'>expedita</span> <span class='ocrx_word' id='word_1_211' title='bbox 1202 2280 1368 2343; x_wconf 89' lang='lat' dir='ltr'>cessi</span> <span class='ocrx_word' id='word_1_212' title='bbox 1395 2282 1620 2345; x_wconf 86' lang='lat' dir='ltr'>tribuni</span> <span class='ocrx_word' id='word_1_213' title='bbox 1648 2284 1879 2358; x_wconf 90' lang='lat' dir='ltr'>plebis,</span> <span class='ocrx_word' id='word_1_214' title='bbox 1920 2284 2201 2360; x_wconf 90' lang='lat' dir='ltr'>despica-</span> 
     </span>
     <span class='ocr_line' id='line_1_27' title="bbox 135 2363 2201 2440; baseline 0.001 -15"><span class='ocrx_word' id='word_1_215' title='bbox 135 2364 354 2425; x_wconf 88' lang='lat' dir='ltr'>tissimi</span> <span class='ocrx_word' id='word_1_216' title='bbox 394 2363 687 2435; x_wconf 89' lang='lat' dir='ltr'>hominis‚</span> <span class='ocrx_word' id='word_1_217' title='bbox 737 2363 955 2437; x_wconf 75' lang='lat' dir='ltr'>furori,</span> <span class='ocrx_word' id='word_1_218' title='bbox 997 2364 1656 2440; x_wconf 87' lang='lat' dir='ltr'>contemptissimorum</span> <span class='ocrx_word' id='word_1_219' title='bbox 1697 2369 2017 2429; x_wconf 88' lang='lat' dir='ltr'>consulum</span> <span class='ocrx_word' id='word_1_220' title='bbox 2052 2369 2201 2429; x_wconf 90' lang='lat' dir='ltr'>levi-</span> 
     </span>
     <span class='ocr_line' id='line_1_28' title="bbox 92 2445 2203 2525; baseline 0.002 -17"><span class='ocrx_word' id='word_1_221' title='bbox 92 2488 107 2508; x_wconf 83' lang='lat'><strong>.</strong></span> <span class='ocrx_word' id='word_1_222' title='bbox 134 2457 314 2508; x_wconf 89' lang='lat' dir='ltr'>tatem</span> <span class='ocrx_word' id='word_1_223' title='bbox 357 2447 801 2523; x_wconf 81' lang='lat' dir='ltr'>audaciamque</span> <span class='ocrx_word' id='word_1_224' title='bbox 848 2445 1155 2524; x_wconf 86' lang='lat' dir='ltr'>pertimui,</span> <span class='ocrx_word' id='word_1_225' title='bbox 1203 2448 1449 2510; x_wconf 89' lang='lat' dir='ltr'>nimium</span> <span class='ocrx_word' id='word_1_226' title='bbox 1491 2466 1589 2511; x_wconf 90' lang='lat' dir='ltr'>me</span> <span class='ocrx_word' id='word_1_227' title='bbox 1629 2449 1931 2525; x_wconf 87' lang='lat' dir='ltr'>timidum,</span> <span class='ocrx_word' id='word_1_228' title='bbox 1977 2451 2203 2513; x_wconf 88' lang='lat' dir='ltr'>nullius</span> 
     </span>
     <span class='ocr_line' id='line_1_29' title="bbox 134 2529 2202 2607; baseline 0.003 -17"><span class='ocrx_word' id='word_1_229' title='bbox 134 2531 349 2606; x_wconf 88' lang='lat' dir='ltr'>animi,</span> <span class='ocrx_word' id='word_1_230' title='bbox 378 2530 599 2592; x_wconf 90' lang='lat' dir='ltr'>nullius</span> <span class='ocrx_word' id='word_1_231' title='bbox 630 2529 871 2593; x_wconf 89' lang='lat' dir='ltr'>consilii</span> <span class='ocrx_word' id='word_1_232' title='bbox 900 2530 1092 2592; x_wconf 83' lang='lat' dir='ltr'>fuisse</span> <span class='ocrx_word' id='word_1_233' title='bbox 1122 2532 1436 2593; x_wconf 85' lang='lat' dir='ltr'>confiteor.</span> <span class='ocrx_word' id='word_1_234' title='bbox 1491 2529 1590 2595; x_wconf 85' lang='lat'>37.</span> <span class='ocrx_word' id='word_1_235' title='bbox 1630 2533 1785 2607; x_wconf 83' lang='lat' dir='ltr'>Quid</span> <span class='ocrx_word' id='word_1_236' title='bbox 1815 2534 1975 2595; x_wconf 90' lang='lat' dir='ltr'>enim</span> <span class='ocrx_word' id='word_1_237' title='bbox 2005 2534 2202 2596; x_wconf 89' lang='lat' dir='ltr'>simile</span> 
     </span>
     <span class='ocr_line' id='line_1_30' title="bbox 137 2614 2199 2694; baseline 0.002 -21"><span class='ocrx_word' id='word_1_238' title='bbox 137 2614 246 2675; x_wconf 82' lang='lat' dir='ltr'>fuit</span> <span class='ocrx_word' id='word_1_239' title='bbox 271 2615 330 2676; x_wconf 90' lang='lat' dir='ltr'>in</span> <span class='ocrx_word' id='word_1_240' title='bbox 365 2616 430 2689; x_wconf 84' lang='lat' dir='ltr'>Q.</span> <span class='ocrx_word' id='word_1_241' title='bbox 455 2615 745 2678; x_wconf 74' lang='lat' dir='ltr'>Metello?</span> <span class='ocrx_word' id='word_1_242' title='bbox 788 2614 961 2676; x_wconf 88' lang='lat' dir='ltr'>cuius</span> <span class='ocrx_word' id='word_1_243' title='bbox 991 2631 1238 2676; x_wconf 91' lang='lat' dir='ltr'>causam</span> <span class='ocrx_word' id='word_1_244' title='bbox 1269 2614 1383 2677; x_wconf 89' lang='lat' dir='ltr'>etsi</span> <span class='ocrx_word' id='word_1_245' title='bbox 1420 2632 1631 2675; x_wconf 92' lang='lat' dir='ltr'>omnes</span> <span class='ocrx_word' id='word_1_246' title='bbox 1663 2617 1808 2677; x_wconf 89' lang='lat' dir='ltr'>boni</span> <span class='ocrx_word' id='word_1_247' title='bbox 1840 2618 2199 2694; x_wconf 86' lang='lat' dir='ltr'>probabant,</span> 
     </span>
     <span class='ocr_line' id='line_1_31' title="bbox 137 2698 2200 2778; baseline 0.002 -21"><span class='ocrx_word' id='word_1_248' title='bbox 137 2707 335 2758; x_wconf 86' lang='lat' dir='ltr'>tamen</span> <span class='ocrx_word' id='word_1_249' title='bbox 358 2714 561 2772; x_wconf 86' lang='lat' dir='ltr'>neque</span> <span class='ocrx_word' id='word_1_250' title='bbox 581 2706 836 2759; x_wconf 88' lang='lat' dir='ltr'>senatus</span> <span class='ocrx_word' id='word_1_251' title='bbox 858 2698 1105 2774; x_wconf 89' lang='lat' dir='ltr'>publice</span> <span class='ocrx_word' id='word_1_252' title='bbox 1129 2707 1333 2773; x_wconf 83' lang='lat' dir='ltr'>neque</span> <span class='ocrx_word' id='word_1_253' title='bbox 1357 2702 1519 2760; x_wconf 92' lang='lat' dir='ltr'>ullus</span> <span class='ocrx_word' id='word_1_254' title='bbox 1546 2702 1698 2761; x_wconf 90' lang='lat' dir='ltr'>ordo</span> <span class='ocrx_word' id='word_1_255' title='bbox 1717 2701 1967 2778; x_wconf 84' lang='lat' dir='ltr'>proprie</span> <span class='ocrx_word' id='word_1_256' title='bbox 1992 2717 2200 2775; x_wconf 87' lang='lat' dir='ltr'>neque</span> 
     </span>
     <span class='ocr_line' id='line_1_32' title="bbox 138 2779 2212 2859; baseline 0.001 -18"><span class='ocrx_word' id='word_1_257' title='bbox 138 2782 270 2842; x_wconf 91' lang='lat' dir='ltr'>suis</span> <span class='ocrx_word' id='word_1_258' title='bbox 298 2779 562 2841; x_wconf 88' lang='lat' dir='ltr'>decretis</span> <span class='ocrx_word' id='word_1_259' title='bbox 588 2782 760 2841; x_wconf 89' lang='lat' dir='ltr'>Italia</span> <span class='ocrx_word' id='word_1_260' title='bbox 788 2791 1011 2843; x_wconf 89' lang='lat' dir='ltr'>cuncta</span> <span class='ocrx_word' id='word_1_261' title='bbox 1039 2792 1421 2857; x_wconf 88' lang='lat' dir='ltr'>susceperat.</span> <span class='ocrx_word' id='word_1_262' title='bbox 1475 2786 1573 2845; x_wconf 85' lang='lat' dir='ltr'>Ad</span> <span class='ocrx_word' id='word_1_263' title='bbox 1603 2801 1777 2847; x_wconf 89' lang='lat' dir='ltr'>suam</span> <span class='ocrx_word' id='word_1_264' title='bbox 1797 2785 1971 2847; x_wconf 73' lang='lat' dir='ltr'>enim</span> <span class='ocrx_word' id='word_1_265' title='bbox 1998 2801 2212 2859; x_wconf 87' lang='lat' dir='ltr'>quam·</span> 
     </span>
     <span class='ocr_line' id='line_1_33' title="bbox 139 2864 2206 2943; baseline 0 -19"><span class='ocrx_word' id='word_1_266' title='bbox 139 2867 275 2925; x_wconf 90' lang='lat' dir='ltr'>dam</span> <span class='ocrx_word' id='word_1_267' title='bbox 307 2864 501 2941; x_wconf 82' lang='lat' dir='ltr'>magis</span> <span class='ocrx_word' id='word_1_268' title='bbox 533 2864 635 2926; x_wconf 86' lang='lat' dir='ltr'>ille</span> <span class='ocrx_word' id='word_1_269' title='bbox 656 2866 910 2943; x_wconf 86' lang='lat' dir='ltr'>gloriam</span> <span class='ocrx_word' id='word_1_270' title='bbox 949 2883 1127 2943; x_wconf 89' lang='lat' dir='ltr'>quam</span> <span class='ocrx_word' id='word_1_271' title='bbox 1161 2867 1238 2928; x_wconf 88' lang='lat' dir='ltr'>ad</span> <span class='ocrx_word' id='word_1_272' title='bbox 1274 2865 1663 2942; x_wconf 89' lang='lat' dir='ltr'>perspicuam</span> <span class='ocrx_word' id='word_1_273' title='bbox 1691 2868 1945 2927; x_wconf 86' lang='lat' dir='ltr'>salutem</span> <span class='ocrx_word' id='word_1_274' title='bbox 1977 2864 2066 2925; x_wconf 89' lang='lat' dir='ltr'>rei</span> <span class='ocrx_word' id='word_1_275' title='bbox 2096 2882 2206 2941; x_wconf 90' lang='lat' dir='ltr'>pu·</span> 
     </span>
     <span class='ocr_line' id='line_1_34' title="bbox 139 2947 2208 3027; baseline -0 -19"><span class='ocrx_word' id='word_1_276' title='bbox 139 2948 333 3011; x_wconf 88' lang='lat' dir='ltr'>blicae</span> <span class='ocrx_word' id='word_1_277' title='bbox 381 2956 508 3010; x_wconf 91' lang='lat' dir='ltr'>tum</span> <span class='ocrx_word' id='word_1_278' title='bbox 560 2957 894 3025; x_wconf 87' lang='lat' dir='ltr'>spectarat,</span> <span class='ocrx_word' id='word_1_279' title='bbox 949 2967 1136 3027; x_wconf 90' lang='lat' dir='ltr'>quum</span> <span class='ocrx_word' id='word_1_280' title='bbox 1178 2968 1336 3011; x_wconf 89' lang='lat' dir='ltr'>unus</span> <span class='ocrx_word' id='word_1_281' title='bbox 1381 2948 1442 3009; x_wconf 91' lang='lat' dir='ltr'>in</span> <span class='ocrx_word' id='word_1_282' title='bbox 1483 2951 1681 3026; x_wconf 86' lang='lat' dir='ltr'>legem</span> <span class='ocrx_word' id='word_1_283' title='bbox 1724 2965 1833 3025; x_wconf 84' lang='lat' dir='ltr'>per</span> <span class='ocrx_word' id='word_1_284' title='bbox 1865 2947 1989 3008; x_wconf 86' lang='lat' dir='ltr'>vim</span> <span class='ocrx_word' id='word_1_285' title='bbox 2025 2949 2208 3009; x_wconf 88' lang='lat' dir='ltr'>latam</span> 
     </span>
     <span class='ocr_line' id='line_1_35' title="bbox 136 3029 2207 3110; baseline 0 -18"><span class='ocrx_word' id='word_1_286' title='bbox 136 3031 336 3094; x_wconf 90' lang='lat' dir='ltr'>iurare</span> <span class='ocrx_word' id='word_1_287' title='bbox 366 3033 675 3110; x_wconf 73' lang='lat' dir='ltr'>nolueratz</span> <span class='ocrx_word' id='word_1_288' title='bbox 727 3033 993 3110; x_wconf 88' lang='lat' dir='ltr'>denique</span> <span class='ocrx_word' id='word_1_289' title='bbox 1026 3033 1345 3096; x_wconf 89' lang='lat' dir='ltr'>videbatur</span> <span class='ocrx_word' id='word_1_290' title='bbox 1384 3050 1458 3094; x_wconf 91' lang='lat' dir='ltr'>ea</span> <span class='ocrx_word' id='word_1_291' title='bbox 1485 3032 1851 3095; x_wconf 89' lang='lat' dir='ltr'>condicione</span> <span class='ocrx_word' id='word_1_292' title='bbox 1879 3041 1999 3094; x_wconf 90' lang='lat' dir='ltr'>tam</span> <span class='ocrx_word' id='word_1_293' title='bbox 2031 3029 2207 3093; x_wconf 81' lang='lat' dir='ltr'>sortis</span> 
     </span>
     <span class='ocr_line' id='line_1_36' title="bbox 134 3115 2205 3194; baseline 0 -19"><span class='ocrx_word' id='word_1_294' title='bbox 134 3116 363 3192; x_wconf 72' lang='lat' dir='ltr'>fuisse,</span> <span class='ocrx_word' id='word_1_295' title='bbox 409 3124 478 3178; x_wconf 88' lang='lat' dir='ltr'>ut</span> <span class='ocrx_word' id='word_1_296' title='bbox 504 3131 643 3177; x_wconf 90' lang='lat' dir='ltr'>cum</span> <span class='ocrx_word' id='word_1_297' title='bbox 684 3116 918 3194; x_wconf 89' lang='lat' dir='ltr'>patriae</span> <span class='ocrx_word' id='word_1_298' title='bbox 950 3116 1199 3179; x_wconf 85' lang='lat' dir='ltr'>caritate</span> <span class='ocrx_word' id='word_1_299' title='bbox 1230 3117 1608 3178; x_wconf 86' lang='lat' dir='ltr'>constantiae</span> <span class='ocrx_word' id='word_1_300' title='bbox 1646 3115 1902 3192; x_wconf 80' lang='lat' dir='ltr'>gloriam</span> <span class='ocrx_word' id='word_1_301' title='bbox 1936 3131 2205 3176; x_wconf 90' lang='lat' dir='ltr'>commu·</span> 
     </span>
     <span class='ocr_line' id='line_1_37' title="bbox 132 3198 2204 3262; baseline 0 -4"><span class='ocrx_word' id='word_1_302' title='bbox 132 3207 306 3261; x_wconf 75' lang='lat' dir='ltr'>taret.</span> <span class='ocrx_word' id='word_1_303' title='bbox 362 3199 508 3260; x_wconf 86' lang='lat' dir='ltr'>Erat</span> <span class='ocrx_word' id='word_1_304' title='bbox 537 3208 740 3261; x_wconf 78' lang='lat' dir='ltr'>autem</span> <span class='ocrx_word' id='word_1_305' title='bbox 767 3217 870 3261; x_wconf 88' lang='lat' dir='ltr'>res</span> <span class='ocrx_word' id='word_1_306' title='bbox 899 3199 957 3261; x_wconf 91' lang='lat' dir='ltr'>ei</span> <span class='ocrx_word' id='word_1_307' title='bbox 986 3216 1124 3262; x_wconf 90' lang='lat' dir='ltr'>cum</span> <span class='ocrx_word' id='word_1_308' title='bbox 1151 3199 1424 3262; x_wconf 87' lang='lat' dir='ltr'>exercitu</span> <span class='ocrx_word' id='word_1_309' title='bbox 1449 3200 1512 3261; x_wconf 87' lang='lat' dir='ltr'>C.</span> <span class='ocrx_word' id='word_1_310' title='bbox 1532 3198 1708 3261; x_wconf 89' lang='lat' dir='ltr'>Marii</span> <span class='ocrx_word' id='word_1_311' title='bbox 1732 3198 1985 3260; x_wconf 80' lang='lat' dir='ltr'>invicto=</span> <span class='ocrx_word' id='word_1_312' title='bbox 2016 3198 2204 3258; x_wconf 87' lang='lat' dir='ltr'>habe·</span> 
     </span>
     <span class='ocr_line' id='line_1_38' title="bbox 130 3280 2206 3359; baseline -0.001 -17"><span class='ocrx_word' id='word_1_313' title='bbox 130 3282 239 3343; x_wconf 86' lang='lat' dir='ltr'>bat</span> <span class='ocrx_word' id='word_1_314' title='bbox 260 3282 567 3343; x_wconf 87' lang='lat' dir='ltr'>inimicum</span> <span class='ocrx_word' id='word_1_315' title='bbox 593 3280 654 3344; x_wconf 78' lang='lat' dir='ltr'>C.</span> <span class='ocrx_word' id='word_1_316' title='bbox 676 3283 960 3357; x_wconf 88' lang='lat' dir='ltr'>Marium,</span> <span class='ocrx_word' id='word_1_317' title='bbox 995 3292 1494 3346; x_wconf 82' lang='lat' dir='ltr'>conservatorem</span> <span class='ocrx_word' id='word_1_318' title='bbox 1517 3284 1778 3359; x_wconf 89' lang='lat' dir='ltr'>patriae,</span> <span class='ocrx_word' id='word_1_319' title='bbox 1814 3291 2053 3344; x_wconf 89' lang='lat' dir='ltr'>sextum</span> <span class='ocrx_word' id='word_1_320' title='bbox 2084 3280 2206 3342; x_wconf 87' lang='lat' dir='ltr'>iam</span> 
     </span>
     <span class='ocr_line' id='line_1_39' title="bbox 130 3364 2204 3441; baseline 0.001 -19"><span class='ocrx_word' id='word_1_321' title='bbox 130 3364 299 3426; x_wconf 86' lang='lat' dir='ltr'>illum</span> <span class='ocrx_word' id='word_1_322' title='bbox 325 3368 707 3426; x_wconf 90' lang='lat' dir='ltr'>consulatum</span> <span class='ocrx_word' id='word_1_323' title='bbox 731 3374 1070 3441; x_wconf 83' lang='lat' dir='ltr'>gerentem=</span> <span class='ocrx_word' id='word_1_324' title='bbox 1102 3384 1200 3428; x_wconf 89' lang='lat' dir='ltr'>res</span> <span class='ocrx_word' id='word_1_325' title='bbox 1224 3376 1354 3428; x_wconf 86' lang='lat' dir='ltr'>erat</span> <span class='ocrx_word' id='word_1_326' title='bbox 1373 3382 1508 3428; x_wconf 92' lang='lat' dir='ltr'>cum</span> <span class='ocrx_word' id='word_1_327' title='bbox 1527 3366 1593 3426; x_wconf 89' lang='lat' dir='ltr'>L.</span> <span class='ocrx_word' id='word_1_328' title='bbox 1615 3364 1959 3436; x_wconf 88' lang='lat' dir='ltr'>Saturnino,</span> <span class='ocrx_word' id='word_1_329' title='bbox 1986 3365 2204 3425; x_wconf 87' lang='lat' dir='ltr'>iterum</span> 
     </span>
    </p>
   </div>
   <div class='ocr_carea' id='block_1_3' title="bbox 2438 1859 2457 3609">
    <p class='ocr_par' dir='ltr' id='par_1_5' title="bbox 2438 1859 2457 3609">
     <span class='ocr_line' id='line_1_40' title="bbox 2438 1859 2457 3609; baseline 0 0"><span class='ocrx_word' id='word_1_330' title='bbox 2438 1859 2457 3609; x_wconf 95' lang='lat' dir='ltr'> </span> 
     </span>
    </p>
   </div>
  </div>
 </body>
</html>
