2514 3928
237 227 368 289 234
703 226 854 287 PRO
883 226 947 286 T.
979 224 1217 286 ANNIO
1253 224 1547 286 MILONE
1578 224 1882 286 ORATIO.
2262 237 2336 287 lo

233 379 329 442 dit
361 380 438 438 Μ.
487 378 744 450 Horatii,
780 375 1092 439 fortissimi
1123 374 1267 449 viri,
1300 376 1403 451 qui
1434 376 1703 437 nondum
1738 375 1929 436 libera
1960 373 2203 437 civitate
2235 388 2333 437 ta-

233 480 377 524 men
418 463 627 538 populi
657 461 917 521 Romani
951 459 1213 521 comitiis
1248 460 1541 520 liberatus
1571 469 1698 535 est,
1747 476 1934 535 quum
1979 476 2094 519 sua
2136 476 2330 522 manu

239 561 520 608 sororem
554 562 698 606 esse
728 545 1106 606 interfectam
1138 545 1443 604 fateretur
1497 544 1558 604 8.
1590 547 1687 603 Αῐι
1721 553 1817 604 est
1853 541 2179 618 quisquam
2214 543 2330 619 qui

241 630 362 691 lioc
392 631 658 704 ignoret,
706 646 893 705 quum
937 629 1014 688 de
1046 626 1293 688 homine
1320 625 1530 688 occiso
1559 634 1915 701 quaeratur,
1965 635 2070 688 aut
2111 626 2330 704 negari

233 716 443 774 solere
475 713 722 774 omnino
752 729 895 773 esse
936 713 1159 773 sactum
1191 719 1298 772 aut
1324 719 1491 771 reete
1524 717 1584 772 et
1619 710 1750 771 iure
1783 711 2003 771 factum
2040 727 2185 770 esse
2214 711 2329 771 de-

241 797 451 859 fendi?
497 795 626 857 Nisi
667 813 814 857 vero
847 794 1207 856 existimatis
1254 796 1595 855 dementem
1627 795 1687 853 P.
1718 794 2073 854 Africanum
2104 793 2322 866 fuisse,

242 879 348 959 qui
389 897 573 957 quum
621 898 658 941 a
687 880 747 942 G.
775 881 1051 941 Carbone
1091 879 1330 939 tribuno
1363 877 1560 954 plebis
1602 877 1897 939 seditiose
1928 878 1989 937 in
2035 878 2328 939 contione

239 964 717 1040 interrogaretur
752 962 901 1038 quid
930 962 1008 1022 de
1039 961 1127 1021 Ti.
1161 961 1419 1022 Gracchi
1455 969 1650 1022 morte
1680 960 1949 1036 sentiret,
1977 962 2322 1037 responde-

240 1048 318 1109 rit
359 1046 492 1108 iure
533 1062 787 1107 caesum
825 1044 1043 1110 videri.
1130 1046 1345 1121 Neque
1394 1044 1554 1106 enim
1604 1055 1821 1121 posset
1862 1054 1965 1107 aut
1990 1045 2188 1106 Ahala
2218 1046 2322 1106 ille

244 1129 544 1196 Servilius·
573 1139 677 1191 aut
706 1130 768 1189 Ρ.
792 1128 1012 1190 Nasica
1039 1139 1144 1191 aut
1171 1130 1236 1193 L.
1275 1127 1550 1204 Opimius
1590 1138 1700 1191 aut
1725 1130 1789 1191 0.
1817 1129 2045 1191 Marius
2086 1138 2192 1191 aut
2222 1145 2322 1189 me

235 1215 498 1277 consule
529 1222 780 1276 senatus
811 1231 932 1274 non
969 1215 1238 1275 nefarius
1270 1212 1506 1284 haberi,
1553 1213 1605 1274 si
1649 1215 1985 1275 sceleratos
2032 1213 2200 1274 cives
2228 1215 2322 1273 in-

233 1296 436 1361 terfici
469 1299 645 1359 nefas
674 1305 861 1360 esset.
916 1299 1129 1374 ltaque
1156 1298 1295 1371 hoc,
1326 1296 1577 1370 iudices,
1610 1314 1730 1358 non
1757 1299 1891 1358 sine
1922 1313 2110 1358 causa
2139 1297 2322 1359 etiam

237 1381 401 1444 *fictis
437 1383 657 1445 sabulis
686 1381 1024 1444 doctissimi
1041 1381 1324 1442 homines
1353 1380 1681 1441 memoriae
1713 1382 2131 1456 prodiderunt,
2160 1398 2321 1455 eum,

244 1464 348 1541 qui
387 1465 580 1543 patris
620 1465 957 1528 ulciscendi
1001 1482 1190 1526 causa
1220 1473 1469 1526 matrem
1499 1465 1875 1539 necavisset,
1921 1464 2163 1527 variatis
2211 1466 2322 1528 ho·

240 1548 468 1612 minum
500 1550 817 1612 sententiis
847 1567 967 1612 non
1001 1552 1197 1610 solum
1223 1550 1446 1619 divina,
1484 1549 1595 1609 sed
1627 1548 1806 1610 etiam
1831 1548 2325 1625 sapientissimae

231 1634 397 1694 deae
429 1634 730 1695 sententia
759 1633 1097 1694 liberatum.
1195 1633 1254 1692 9.
1290 1631 1464 1704 Quod
1488 1633 1540 1693 si
1572 1634 1897 1693 duodecim
1930 1633 2171 1694 tabulae
2207 1650 2318 1694 no·

237 1725 523 1778 cturnum
556 1718 747 1778 furem
781 1730 1032 1792 quoquo
1063 1718 1267 1787 modo,
1304 1715 1585 1777 diurnum
1617 1725 1837 1787 autem,
1870 1714 1922 1776 si
1959 1734 2028 1777 se
2052 1717 2172 1778 telo
2209 1716 2311 1776 de·

231 1801 549 1872 tenderet,
591 1799 849 1862 interfici
882 1800 1129 1875 impune
1170 1801 1524 1874 voluerunt,
1572 1803 1709 1875 quis
1750 1807 1843 1861 est
1877 1800 2012 1875 qui,
2060 1817 2315 1876 quoquo

237 1883 428 1945 modo
454 1882 593 1959 quis
616 1884 969 1945 interfectus
996 1885 1091 1957 sit,
1122 1883 1532 1959 poeniendum
1557 1893 1742 1958 putet,
1778 1901 1961 1959 quum
1985 1883 2191 1945 videat
2210 1884 2322 1944 ali·

243 1969 492 2045 quando
515 1967 782 2044 gladium
813 1968 993 2029 nobis
1016 1969 1093 2028 ad
1124 1969 1429 2030 hominem
1464 1968 1863 2029 occidendum
1887 1970 1964 2029 ab
1990 1968 2145 2044 ipsis
2175 1985 2320 2043 por-

194 2090 201 2098 ·
231 2051 354 2128 *rigi
386 2050 667 2129 legibus?
706 2054 808 2112 lv.
837 2052 1024 2127 Atqui
1054 2051 1107 2112 si
1138 2061 1380 2129 tempus
1410 2061 1505 2113 est
1535 2053 1720 2114 ullum
1743 2053 1876 2114 iure
1920 2051 2181 2113 hominis
2213 2070 2323 2112 nc-

237 2135 443 2210 candi,
476 2153 634 2211 quae
661 2137 846 2197 multa
876 2145 1033 2210 sunt,
1066 2145 1231 2197 certe
1259 2135 1407 2196 illud
1439 2144 1532 2197 est
1563 2153 1683 2197 non
1721 2138 1903 2197 modo
1940 2135 2181 2206 iustum,
2213 2154 2320 2197 ve⁶

241 2236 373 2280 rum
410 2218 590 2279 etiam
622 2217 1069 2292 necessarium,
1116 2236 1299 2296 quum
1329 2218 1515 2281 vivis
1544 2218 1708 2281 illata
1742 2221 2104 2281 defenditur.
2141 2220 2322 2281 Pudi-

231 2301 444 2362 citiam
494 2320 680 2377 quum
719 2301 981 2379 eriperet
1020 2301 1188 2363 militi
1220 2302 1498 2365 tribunus
1542 2302 1812 2365 militaris
1849 2304 1906 2363 in
1946 2302 2219 2365 exercitu
2254 2303 2322 2363 C.

242 2383 434 2457 Marii,
469 2387 855 2462 propinquus
887 2386 1021 2447 eius
1052 2386 1457 2461 imperatoris,
1487 2386 1841 2449 interfectus
1864 2388 1943 2448 ab
1967 2404 2041 2448 eo
2076 2397 2186 2459 est,
2219 2387 2322 2447 cui

245 2467 366 2529 vim
414 2469 751 2530 adferebat.
839 2471 1065 2532 Facere
1103 2470 1264 2531 enim
1309 2471 1541 2546 probus
1572 2472 1938 2533 adolescens
1975 2470 2325 2547 periculose

231 2569 425 2628 *quam
467 2552 705 2629 perpeti
747 2554 1001 2630 turpiter
1027 2553 1254 2616 maluit.
1340 2560 1546 2630 Atque
1595 2554 1755 2616 hunc
1791 2553 1893 2618 ille
1923 2569 2193 2616 summus
2226 2551 2328 2612 vir

237 2639 479 2699 scelere
521 2639 785 2699 solutum
831 2637 1103 2714 periculo
1147 2637 1443 2700 liberavit.
1536 2637 1633 2699 10.
1678 2637 2022 2700 insidiatori
2064 2652 2210 2697 vero
2254 2644 2327 2697 ct

235 2721 461 2782 latroni
487 2740 646 2797 quae
677 2730 881 2799 potest
907 2723 1110 2783 inferri
1134 2721 1359 2783 iniusta
1382 2729 1545 2782 nex?
1579 2721 1731 2795 Quid
1760 2722 2080 2783 comitatus
2107 2718 2325 2794 nostri,

232 2803 392 2879 quid
421 2805 606 2879 gladii
644 2809 896 2870 volunt?
925 2824 1088 2882 quos
1118 2806 1346 2866 habere
1377 2814 1542 2867 certe
1573 2821 1693 2866 non
1728 2808 1968 2879 liceret,
2000 2805 2054 2865 si
2086 2802 2169 2865 uti
2199 2802 2324 2864 illis

237 2888 410 2947 nullo
442 2897 621 2961 paeto
656 2888 880 2951 liceret.
933 2892 1045 2950 Est
1071 2888 1251 2964 igitur
1277 2889 1448 2961 haec,
1482 2889 1736 2962 iudices,
1767 2905 1886 2950 non
1926 2887 2173 2964 scripta,
2207 2888 2326 2947 sed

237 2976 384 3029 nata
415 2971 531 3038 lex,
560 2989 744 3046 quam
774 2990 894 3034 non
922 2972 1266 3045 didicimu3‚
1292 2971 1665 3046 accepimus,
1694 2973 1972 3049 legimuS,
2002 2986 2215 3033 verum
2238 2985 2325 3030 ex

237 3060 458 3113 natura
502 3054 639 3127 ipsa
681 3054 1094 3130 adripuimuS,
1134 3054 1482 3128 hausimuS‚
1517 3056 1969 3131 expressinmS‚
2015 3055 2094 3114 ad
2136 3069 2321 3128 quam

243 3150 367 3196 non
393 3134 588 3210 docti,
634 3137 744 3196 sed
777 3136 950 3212 raeti,
998 3153 1118 3199 non
1149 3136 1432 3211 instituti,
1480 3141 1589 3200 sed
1626 3139 1835 3201 imbuti
1867 3156 2113 3212 sumus,
2147 3146 2243 3208 ut,
2266 3135 2318 3197 si

235 3217 367 3280 vita
395 3227 606 3281 nostra
634 3219 695 3280 in
727 3220 969 3296 aliquas
996 3219 1280 3295 insidiam,
1332 3225 1385 3283 si
1420 3222 1482 3282 in
1525 3222 1647 3283 vim
1676 3231 1738 3284 ct
1766 3221 1825 3283 in
1857 3225 1978 3285 tela
2006 3232 2110 3283 aut
2138 3222 2322 3282 latro-

241 3318 386 3363 num
431 3312 538 3365 aut
576 3302 956 3366 inimicorum
999 3302 1350 3380 incidisset,
1411 3305 1607 3367 omnis
1650 3306 1912 3368 honesta
1952 3304 2105 3367 ratio
2149 3311 2327 3366 esset

233 3386 672 3463 expediendae
713 3387 948 3451 salutis.
1035 3388 1228 3451 Silent
1274 3388 1434 3450 enim
1480 3390 1651 3464 leges
1693 3388 1850 3451 inter
1891 3406 2060 3449 arma
2100 3402 2215 3449 nec
2246 3403 2324 3448 se

234 3470 594 3548 exspectari
618 3472 844 3550 iubent,
880 3490 1066 3549 quum
1089 3472 1165 3549 ei,
1199 3472 1303 3551 qui
1333 3481 1698 3548 exspectare
1726 3471 1890 3536 velit.
1923 3480 2065 3533 ante
2092 3470 2328 3533 iniusta
