2514 3928
280 189 406 257 376
560 194 637 252 IN
665 193 746 252 Μ.
776 192 1177 254 ANTONIUM
1208 193 1492 253 ORA'nO
1525 194 1944 255 PHILIPPICA
1982 198 2056 254 V.
2302 206 2384 262 78
2492 189 2493 222 Τ

281 356 449 408 terea
475 347 747 419 tempus=
796 341 939 403 belli
968 353 1300 419 apparatus
1334 343 1750 421 refrigescent.
1825 347 1997 407 Unde
2026 356 2124 409 est
2150 349 2376 409 adhuc

280 430 502 490 bellum
546 436 802 489 tractum
845 427 962 487 nisi
1000 444 1078 488 ex
1119 426 1527 490 retardatione
1576 436 1639 489 et
1688 438 1898 490 mara?
1960 432 2040 492 Ut
2090 430 2374 507 primum

173 580 180 587 ,
281 520 425 588 post
462 512 806 572 discessum
847 510 1100 572 latronis
1133 513 1228 571 vel
1274 511 1475 587 potius
1504 514 1891 588 desperatam
1926 516 2129 590 sugam
2159 516 2371 577 libere

282 604 532 658 senatus
575 593 785 656 haberi
841 592 1063 670 potuit,
1114 611 1363 671 semper
1413 594 1681 672 flagitavi
1731 606 1797 659 ut
1838 608 2369 661 convocaremur.

283 681 412 755 Quo
446 680 544 740 die
576 679 828 754 primum
863 679 1185 741 convocati
1216 696 1465 755 samue,
1510 695 1698 755 quum
1728 679 2030 757 designati
2058 686 2369 745 consules

280 781 401 827 non
447 765 767 839 adessent,
820 762 934 824 ieci
977 762 1278 825 sententia
1322 781 1458 826 mea
1498 763 1757 827 maximo
1789 774 2013 848 vestro*
2038 781 2367 828 consensu

281 850 673 911 fundamenta
710 848 801 910 rei
844 846 1153 923 publicae,
1207 846 1406 928 serius
1438 846 1681 910 omnino
1727 866 1910 925 quam
1952 849 2183 912 decuit:
2241 867 2368 911 nec

269 933 439 996 enim
470 940 609 995 ante
644 931 845 1010 potui:
874 932 988 994 sed
1015 938 1210 993 tamen
1248 930 1304 994 si
1333 949 1411 994 ex
1446 949 1521 994 eo
1552 940 1828 1009 tempore
1855 932 1990 995 dies
2021 935 2231 997 nullus
2269 932 2365 993 in·

280 1016 600 1081 termissus
647 1027 843 1090 esset,
896 1018 1121 1080 bellum
1176 1013 1448 1095 prefecto
1491 1020 1719 1080 nullum
1769 1018 2153 1081 haberemus.
2250 1017 2362 1080 31.

283 1101 474 1163 Omne
509 1104 729 1163 malum
759 1113 1024 1163 nascens
1054 1105 1231 1164 facile
1262 1102 1648 1181 opprimitur:
1682 1104 2081 1166 inveteratum
2110 1103 2181 1164 fit
2224 1106 2361 1180 ple·

275 1201 535 1266 rumque
565 1183 895 1249 robustius.
958 1186 1084 1247 Sed
1110 1195 1235 1249 tum
1268 1189 1779 1274 exspectabantur
1796 1188 2111 1249 Kalendae
2132 1188 2360 1249 Ianua-

275 1273 437 1351 riae',
472 1271 735 1340 fortasse
769 1291 887 1338 non
920 1282 1106 1338 recte.
1192 1273 1320 1334 XII.
1368 1276 1592 1335 Verum
1626 1273 1952 1350 praeterita
1979 1271 2359 1337 omittamus

279 1362 554 1425 Etiamne
581 1363 741 1423 hanc
771 1378 1002 1423 moram
1034 1360 1412 1434 adferemuS,
1460 1360 1600 1420 dum
1644 1356 2114 1433 proficiscantur
2145 1361 2360 1435 legati,

280 1448 424 1508 dum
452 1453 874 1508 revertantur?
908 1461 1164 1520 quorum
1196 1440 1575 1520 exspectatio
1606 1441 2038 1504 dubitationem
2064 1442 2219 1504 belli
2248 1445 2361 1503 ad-

281 1534 425 1593 l’ert:
484 1532 643 1592 bello
682 1534 883 1592 autem
924 1528 1110 1591 dubio
1144 1529 1545 1605 quodpotest
1576 1519 2016 1589 studium'esse
2045 1525 2361 1588 dilectus?

406 1614 596 1689 Quam
626 1616 704 1677 ob
744 1630 905 1688 rem,
958 1622 1165 1689 patres
1195 1611 1556 1687 conscripti,
1610 1613 1960 1685 legatorum
1978 1609 2360 1672 mentionem

279 1700 503 1760 nullam
543 1714 771 1761 censeo
809 1696 1178 1758 faciendam:
1214 1713 1346 1757 rem
1375 1692 1911 1756 administrandam
1932 1692 2193 1755 arbitror
2218 1695 2359 1756 sine

279 1784 403 1843 ulla
432 1798 604 1842 mora
638 1792 697 1844 et
728 1780 1046 1842 confestim
1080 1782 1413 1856 gerendam
1443 1792 1700 1840 censeoz
1731 1780 2046 1856 tumultum
2075 1778 2355 1849 decerni,

280 1865 570 1926 iustitium
617 1863 803 1938 edici,
852 1881 1003 1940 saga
1044 1863 1202 1926 sumi
1243 1864 1382 1925 dico
1426 1871 1739 1938 oportere,
1790 1862 2075 1923 dilectum
2113 1860 2356 1936 haberi,

280 1946 536 2011 sublatis
562 1947 982 2012 vacationibus
1010 1950 1070 2011 in
1100 1949 1251 2011 urbe
1283 1958 1341 2011 et
1369 1948 1429 2008 in
1456 1945 1627 2009 Italia
1658 1954 1899 2024 praeter
1920 1943 2175 2008 Galliam
2203 1955 2354 2008 tota.

243 2032 380 2096 432.
424 2032 591 2107 Quae
633 2031 686 2094 si
727 2043 903 2096 erunt
947 2036 1135 2106 sacta,
1183 2030 1409 2113 opinio
1436 2031 1573 2107 ipsa
1613 2041 1672 2094 et
1701 2031 1860 2093 fama
1891 2039 2139 2093 nostrae
2168 2047 2354 2092 seve·

278 2115 470 2179 ritatis
502 2119 718 2180 obruet
752 2117 1032 2180 scelerati
1063 2115 1416 2193 gladiatoris
1448 2116 1788 2177 amentiam.
1826 2114 2056 2177 Sentiet
2078 2113 2201 2176 sibi
2227 2116 2352 2175 bel-

282 2204 407 2262 lum
430 2217 567 2263 cum
596 2217 663 2261 re
693 2200 936 2277 publica
970 2218 1112 2263 esse
1142 2210 1529 2278 susceptum:
1579 2199 1927 2276 experietur
1957 2199 2354 2260 consentien-

280 2283 362 2346 tis
404 2292 652 2346 senatus
693 2302 919 2347 nervos
961 2293 1144 2360 atque
1185 2284 1373 2347 vires.
1433 2285 1583 2345 Nam
1616 2301 1776 2345 nunc
1807 2281 2051 2360 quidem
2082 2282 2351 2359 partium

269 2365 733 2453 ‘contentionem
778 2384 922 2429 esse
966 2369 1214 2431 dictitat.
1305 2369 1567 2444 Quarum
1611 2366 1908 2444 partium?
1970 2367 2163 2429 Alteri
2208 2366 2352 2430 victi

281 2459 449 2523 sunt,
492 2451 662 2512 alteri
708 2459 850 2513 sunt
893 2469 927 2512 e
970 2451 1184 2513 mediis
1229 2453 1290 2513 C.
1334 2451 1612 2525 Caesaris
1655 2452 1959 2527 partibus:
2038 2449 2161 2512 nisi
2193 2452 2351 2512 forte

282 2533 561 2596 Caesaris
598 2544 803 2612 partes
838 2552 875 2596 a
901 2536 1099 2596 Pansa
1126 2545 1187 2598 et
1214 2532 1406 2597 Hirtio
1440 2535 1794 2598 consulibus
1825 2543 1884 2596 et
1909 2546 1945 2594 a
1968 2535 2089 2596 filio
2116 2534 2349 2613 &Cae-

282 2619 437 2697 saris
473 2618 817 2696 oppugnari
847 2629 1148 2696 putamus.
1235 2621 1368 2680 Hoc
1401 2637 1546 2681 vero
1580 2620 1806 2681 bellum
1834 2635 1954 2681 non
1989 2627 2082 2679 est
2110 2635 2192 2678 ex
2222 2620 2348 2680 dis·

265 2703 571 2765 ¹sensione
615 2703 903 2789 partium,
962 2704 1072 2764 sed
1118 2719 1195 2764 ex
1236 2703 1468 2764 nefaria
1512 2719 1627 2779 spe
1670 2701 2223 2780 perditissimorum
2267 2703 2347 2763 ci·

279 2785 444 2848 vium
475 2787 833 2850 excitatum:
889 2786 1111 2863 quibus
1152 2787 1317 2848 bona
1363 2791 1764 2862 fortunaeque
1810 2793 2057 2848 nostrae
2099 2793 2348 2847 notatae

280 2870 423 2931 sunt
464 2878 525 2933 et
563 2870 681 2932 iam
723 2873 803 2932 ad
843 2871 1143 2947 cuiusque
1189 2869 1537 2946 opinionem
1580 2869 1955 2932 distributae.
2040 2868 2144 2933 33.
2200 2867 2351 2945 Legi

282 2953 602 3026 epistolam
642 2954 921 3028 Antonii,
982 2971 1159 3032 quam
1191 2956 1272 3014 ad
1304 2956 1625 3030 quemdam
1658 2954 2121 3031 septemvirum,
2176 2955 2344 3031 capi-

277 3036 456 3097 talem
489 3036 825 3111 hominem,
858 3040 1152 3115 collegam
1185 3055 1395 3113 suum,
1430 3037 1694 3099 miserat.
1782 3055 1918 3108 Qun>
1947 3048 2349 3099 concums'cAs

276 3134 351 3197 γυ
398 3135 672 3179 vmmusa
716 3136 870 3189 onon
902 3120 1323 3183 concumvmus
1353 3139 1536 3183 cnam
1562 3138 1840 3182 uAnnms.
1884 3121 2038 3182 Hem
2062 3122 2144 3183 ad
2162 3136 2344 3198 quem

278 3201 515 3277 legatos
546 3202 877 3278 mittamuS,
918 3204 1017 3267 cui
1050 3206 1275 3267 bellum
1312 3223 1616 3268 moremur
1644 3204 1896 3268 inferre=
1944 3204 2051 3281 qui
2084 3221 2165 3266 ne
2195 3205 2345 3266 sorti

278 3365 360 3428 ita
394 3366 655 3443 addixit,
689 3378 753 3431 ut
782 3387 861 3431 ne
892 3369 1007 3432 sibi
1040 3372 1286 3447 quidem
1323 3373 1658 3452 quidquam
1685 3371 1984 3448 integrum
2017 3372 2186 3447 quod
2219 3387 2341 3445 non

281 3450 455 3512 alicui
500 3452 867 3527 promissum
909 3453 1026 3515 iam
1072 3455 1150 3515 sit
1185 3457 1519 3533 reliquerit.
1589 3458 1733 3518 Cum
1765 3457 1911 3531 hoc,
1953 3464 2162 3532 patres
2195 3471 2340 3517 cou-
