2514 3928
208 124 336 240 114
475 176 577 236 DE
604 173 1044 236 PROVINCIIS
1082 172 1677 234 CONSULARIBUS
1712 171 2024 233 ORATIO.
2248 183 2324 237 16

216 328 327 390 vos
357 327 478 389 mei
523 342 771 403 semper
802 325 1239 402 cupidissimos
1273 324 1332 385 in
1362 324 1660 401 Capitolio
1696 325 1778 385 ad
1814 341 2010 386 meam
2041 326 2322 388 salutem

210 411 512 474 incitavit·
556 411 611 472 si
658 408 926 486 denique
956 410 1061 469 Cn.
1090 409 1419 485 Pompeius
1468 410 1632 470 idem
1672 407 1819 468 mihi
1862 408 2036 470 testis
2085 410 2165 470 de
2198 428 2318 471 vo-

210 501 440 560 luntate
471 490 755 557 Caesaris
797 503 860 557 et
899 511 1171 570 sponsor
1202 502 1300 554 est
1331 493 1415 553 iili
1444 493 1523 554 de
1553 509 1717 565 mea,
1762 502 1970 554 nonne
2001 493 2180 556 vobis
2217 494 2319 555 vi·

210 583 364 643 deor
397 588 458 642 et
487 579 677 641 ultimi
708 575 1006 654 temporis
1036 577 1466 639 recordatione
1494 586 1554 638 et
1578 574 1840 654 proximi
1864 572 2156 639 memoria
2180 595 2317 640 me-

211 666 377 727 dium
409 662 577 725 iliud
591 663 1003 726 tristissimum
1047 671 1292 760 tempus
1339 662 1597 736 debere,
1646 662 1700 723 si
1750 679 1830 723 ex
1859 678 2062 723 rerum
2092 673 2321 725 natura

211 767 335 811 non
368 745 606 825 possim
637 749 937 844 evenere,
957 763 1037 808 ex
1064 746 1270 807 animo
1304 745 1553 821 quidem
1584 755 1750 808 certe
1779 746 2114 807 excidere?

328 831 438 895 44.
488 834 619 909 Ego
658 849 838 906 ver0,
888 831 941 892 si
982 829 1163 892 mihi
1173 847 1298 890 non
1331 830 1472 891 licet
1508 847 1618 928 per
1651 830 1895 906 aliquos
1927 824 2010 892 ita
2038 832 2318 910 gloriari,

215 935 311 979 me
342 919 619 978 dolorem
654 914 842 992 atque
877 914 1224 975 inimicitias
1260 930 1429 974 meas
1458 916 1546 975 rei
1578 915 1862 991 publicae
1887 917 2314 991 concessisse,

212 1004 264 1064 si
316 1003 437 1062 hoc
490 999 696 1075 magni
745 997 1066 1060 cuiusdam
1116 996 1380 1058 hominis
1434 1005 1496 1057 et
1549 996 1963 1074 persapientis
2047 999 2315 1073 videtur,

212 1089 350 1144 utar
378 1080 528 1154 hoc,
579 1081 747 1157 quod
789 1097 914 1140 non
962 1088 1080 1141 tam
1116 1079 1194 1141 ad
1234 1081 1478 1142 taudem
1510 1081 1976 1165 adipiscendam
2014 1102 2200 1161 quam
2229 1088 2316 1148 ad

213 1164 524 1226 vitandam
555 1164 1065 1263 vituperationem
1096 1166 1288 1237 valet,
1330 1165 1637 1226 hominem
1669 1184 1765 1228 me
1800 1185 1945 1229 esse
1979 1178 2218 1244 gratum
2253 1178 2320 1231 et

213 1266 336 1311 non
373 1250 558 1310 modo
592 1246 774 1311 tantis
800 1248 1140 1322 beneficiis,
1176 1250 1291 1309 sed
1320 1249 1503 1311 etiam
1531 1251 1829 1312 mediocri
1859 1252 2171 1315 hominum
2205 1255 2316 1315 be-

214 1333 562 1396 nevolentia
619 1334 1014 1396 commoveri.
1097 1333 1252 1394 XIX.
1309 1336 1374 1417 A·
1406 1334 1556 1396 viris
1603 1329 1951 1398 fortissimis
1997 1347 2059 1400 et
2092 1341 2170 1401 de
2213 1356 2318 1399 me

215 1420 442 1494 optime
471 1416 701 1481 meritis
740 1418 1108 1496 quibusdam
1141 1424 1313 1494 peto,
1356 1426 1449 1491 ut,
1495 1418 1549 1480 si
1582 1437 1700 1499 ego
1733 1420 1874 1482 illos
1912 1438 2186 1485 meorum
2226 1424 2315 1483 la·

212 1500 431 1564 berum
460 1510 648 1579 atque
669 1502 1201 1585 incommodorum
1224 1504 1560 1582 participes
1584 1521 1730 1567 esse
1759 1506 1946 1578 nolui,
1979 1524 2057 1568 ne
2096 1507 2182 1569 illi
2213 1524 2315 1568 me

212 1603 460 1648 suarum
504 1586 953 1648 inimicitiarum
1005 1588 1242 1648 socium
1274 1588 1461 1649 velint
1488 1604 1663 1663 esse,
1718 1590 2077 1665 praesertim
2122 1609 2311 1669 quum

212 1671 358 1730 mihi
385 1670 571 1731 iidem
600 1669 687 1730 ilii
719 1666 1176 1743 concesserint,
1211 1679 1278 1732 ut
1310 1672 1490 1733 etiam
1512 1682 1659 1734 acta
1682 1673 1783 1734 illa
1813 1673 2116 1750 Caesaris,
2147 1693 2312 1751 quae

212 1769 417 1829 neque
448 1754 806 1837 oppugnavi
837 1763 1017 1816 antea
1049 1771 1266 1852 neque·
1283 1756 1552 1832 defendi,
1582 1774 1719 1818 meo
1746 1758 1862 1818 iam
1900 1758 2033 1821 iure
2072 1759 2311 1837 possim

195 1832 566 1898 defendere.
628 1835 734 1899 45.
770 1840 921 1899 Nam
955 1839 1177 1900 summi
1213 1839 1474 1902 civitatis
1507 1840 1651 1915 viri,
1706 1858 1967 1918 quorum
2012 1860 2129 1920 ego
2162 1861 2307 1907 con-

209 1921 348 1983 silio
391 1937 519 1983 rem
566 1916 871 1998 publicam
909 1924 1307 1999 conservavi,
1358 1932 1419 1987 et
1448 1942 1709 2003 quorum
1752 1928 2113 1992 auctoritate
2142 1928 2305 1990 illam

210 2007 703 2068 coniunctionem
730 2006 1013 2069 Caesaris
1056 2008 1297 2084 defugi,
1342 2010 1527 2071 Iulias
1571 2013 1740 2087 leges
1789 2019 1850 2072 et
1934 2022 2170 2075 ceteras
2201 2014 2306 2075 ἰΙΙο

209 2092 464 2152 consule
487 2099 735 2167 rogatas
760 2091 893 2153 iure
924 2093 1078 2153 latas
1114 2102 1365 2169 negant:
1398 2094 1579 2157 iidem
1603 2096 1765 2156 iilam
1789 2097 2302 2174 proscriptionem

210 2176 431 2251 capitis
466 2177 583 2234 mei
619 2184 832 2237 contra
866 2178 1125 2238 salutem
1156 2177 1246 2241 rei
1278 2179 1592 2254 publicae,
1640 2181 1753 2241 sed
1786 2181 1976 2243 salvis
2005 2183 2301 2259 auspiciis

207 2267 483 2334 rogatam
507 2275 652 2320 esse
678 2253 1234 2338 dicebant.1taque
1265 2261 1358 2322 vir
1382 2280 1619 2327 summa
1649 2265 2029 2340 auctoritate,
2066 2283 2303 2328 summa

207 2343 590 2417 eloquentia,
636 2344 789 2404 dixit
819 2344 1089 2420 giaviter
1131 2362 1342 2407 casum
1378 2348 1542 2409 illum
1576 2365 1777 2409 meum
1822 2351 2005 2411 funus
2036 2368 2179 2413 esse
2211 2351 2300 2412 rei

195 2425 524 2502 publicae,
570 2428 684 2488 sed
715 2430 897 2512 sunus
927 2428 1153 2490 iustum
1195 2438 1255 2491 et
1294 2431 1605 2494 indictum.
1692 2432 1841 2506 Mihi
1887 2434 2008 2527 ipsi
2054 2434 2297 2497 omnino

208 2510 734 2584 perhonorificum
761 2520 850 2573 est
877 2501 1225 2575 discessum
1259 2531 1460 2575 meum
1495 2518 1678 2577 funus
1705 2515 1824 2576 dici
1851 2515 1940 2578 rei
1988 2511 2286 2589 publicae.

205 2593 470 2671 Reliqua
484 2614 608 2659 non
622 2596 1044 2674 reprehendo·
1070 2599 1185 2660 sed
1201 2599 1342 2659 mihi
1357 2600 1436 2659 ad
1459 2599 1539 2673 id,
1566 2601 1737 2676 quod
1751 2599 1987 2670 sentio,
2011 2599 2284 2658 adsumo.

212 2683 363 2742 Nam
381 2683 432 2744 si
452 2681 642 2746 illud
625 2699 757 2743 lure
778 2691 1058 2758 rogatum
1072 2682 1278 2743 dicere
1291 2681 1605 2754 ausisum,
1638 2682 1806 2757 quod
1839 2682 2006 2758 nulio
2023 2680 2301 2755 exemplo

200 2767 347 2827 fieri
381 2769 604 2843 potuit,
637 2769 805 2829 nulia
846 2770 982 2844 lege
1013 2766 1210 2840 licuit,
1265 2765 1411 2841 quia
1451 2781 1630 2826 nemo
1675 2767 1753 2826 de
1796 2767 1969 2827 caelo
2014 2771 2301 2836 servarat,

213 2850 464 2911 oblitine
497 2859 671 2913 erant
699 2860 847 2925 tum,
881 2867 1067 2927 quum
1092 2850 1212 2924 ille,
1245 2850 1348 2925 qui
1381 2848 1443 2909 id
1474 2858 1700 2926 egerat,
1734 2849 2013 2926 plebeius
2046 2859 2143 2911 est
2171 2851 2299 2923 lege

217 2933 450 2995 curiata
480 2937 711 3008 factm,
750 2935 872 2996 dici
904 2936 981 2996 de
1011 2936 1183 2996 caelo
1215 2951 1360 2995 esse
1400 2941 1750 2996 servatum?
1795 2933 1906 3009 Qui
1940 2934 1994 2995 si·
2025 2934 2295 3009 plebeius

207 3019 462 3079 omnino
495 3035 639 3079 esse
670 3035 793 3079 non
825 3020 1050 3096 potuit,
1096 3017 1200 3095 qui
1243 3018 1522 3081 tribunus
1548 3019 1747 3097 piebis
1774 3018 1972 3095 potuit
2002 3025 2187 3079 esse?
2224 3025 2294 3089 et,

214 3101 394 3182 cuius
424 3102 766 3164 tribunatus
802 3104 857 3164 si
888 3113 1056 3166 ratus
1088 3112 1212 3177 est,
1255 3103 1402 3163 nihil
1444 3113 1544 3165 est
1577 3105 1745 3180 quod
1776 3102 2006 3164 irritum
2032 3120 2120 3163 -ex
2149 3101 2294 3162 actis

216 3185 731 3263 Caesaris‘possit
762 3205 939 3262 esse,
984 3188 1118 3250 eius
1147 3205 1270 3250 non
1319 3189 1516 3249 solum
1549 3188 1922 3261 tribunatuS‚
1969 3188 2082 3249 sed
2124 3187 2293 3247 etiam

218 3269 778 3345 perniciosissimae
821 3289 922 3333 res
967 3272 1384 3348 auspiciorum
1426 3271 1724 3349 reiigione
1765 3280 2133 3333 conservata
2173 3271 2293 3330 iure

216 3357 376 3415 latae
407 3354 823 3419 videbuntur?
881 3354 985 3421 46.
1030 3357 1161 3432 Qua
1195 3374 1262 3418 re
1291 3366 1397 3418 aut
1426 3356 1604 3419 vobis
1636 3356 2023 3419 statuendum
2051 3355 2176 3429 est,
2217 3356 2291 3413 le·

219 3453 356 3514 gem
387 3440 622 3501 Aeliam
660 3457 925 3517 manere,
962 3443 1156 3518 legem
1181 3442 1413 3503 Fufiam
1448 3459 1568 3503 non
1602 3459 1745 3504 esse
1775 3442 2149 3515 abrogatam,
2180 3454 2290 3498 non
