2514 3928
741 318 914 396 ΟΑΡ.
939 343 1203 398 56—59.
1249 341 1300 402 s.
1337 343 1664 398 120—126.
2159 331 2237 398 47

161 489 424 566 tempori
454 504 590 549 meo
624 489 979 559 defuerunt,
1013 503 1213 562 eaque
1244 487 1512 563 populus
1534 489 1848 548 Romanus
1884 503 2006 547 non
2043 487 2241 547 solum

163 576 421 650 plausu,
471 573 584 634 sed
628 571 808 632 etiam
851 569 1077 647 gemitu
1124 587 1239 632 suo
1291 571 1743 646 comprobavit:
1802 579 2002 632 utrum
2060 569 2244 645 igitur

162 659 318 719 haec
343 658 664 731 Aesopum
696 655 899 731 potius
932 672 1044 732 pro
1075 668 1174 714 me
1201 664 1308 716 aut
1335 655 1593 716 Accium
1628 654 1834 716 dicere
1865 654 2151 730 oportuit,
2188 654 2243 715 si

163 743 435 818 populus
466 741 782 801 Romanus
814 740 971 800 liber
998 746 1194 812 esset,
1238 755 1314 798 an
1350 739 1659 815 principes
1691 738 2000 821 civitatis?
2037 737 2238 798 Nomi·

166 827 351 887 natim
391 841 528 886 sum
570 825 916 900 appellatus
947 823 1007 883 in
1041 825 1264 885 Bruto=
1317 825 1568 898 Tullius,
1604 825 1712 899 qm·
1736 825 2063 884 libertatem
2088 825 2241 883 civi-

165 912 270 972 bus
306 910 688 972 stabiliverat.
745 907 988 969 Miliens
1034 916 1385 969 revocatum
1418 917 1531 969 est.
1587 908 1887 967 Parumne
1923 905 2244 967 videbatur

168 995 436 1070 populus
466 995 783 1055 Romanus
826 992 1098 1053 iudicare
1142 991 1205 1053 id
1246 1009 1283 1051 a
1313 1007 1409 1052 me
1438 999 1500 1054 et
1524 1009 1561 1052 a
1591 998 1810 1053 senatu
1840 1007 1984 1052 esse
2017 989 2243 1051 consti-

171 1087 392 1150 tutum,
435 1078 604 1153 quod
642 1075 864 1152 perditi
896 1075 1065 1137 cives
1101 1077 1406 1137 sublatum
1440 1092 1550 1152 per
1579 1093 1694 1137 nos
1726 1073 2254 1136 criminabantur?

171 1160 313 1223 124.
339 1161 667 1221 Maximum
701 1176 847 1220 vero
883 1160 1099 1238 populi
1123 1160 1381 1221 Romani
1427 1160 1719 1221 iudicium
1768 1157 2041 1221 universi
2095 1175 2241 1220 con-

168 1260 352 1308 sessu
382 1244 745 1321 gladiatorio
776 1241 1296 1306 declaratum'est.
1359 1245 1504 1306 Erat
1551 1242 1710 1305 e‘nim
1744 1260 1966 1305 munus
2000 1242 2235 1319 Scipio-

168 1329 264 1390 nis
299 1330 550 1405 dignum
581 1338 641 1390 et
668 1345 743 1390 eo
772 1327 914 1405 ipso
947 1335 1009 1389 et
1035 1327 1139 1389 illo
1171 1327 1239 1402 Q.
1263 1328 1540 1403 Metello,
1570 1328 1669 1389 cui
1696 1329 1972 1389 dabatur.
2031 1327 2100 1388 Id
2134 1344 2241 1388 au—

167 1424 291 1476 tem
324 1412 662 1489 spectaculi
689 1424 884 1490 genus
914 1420 1063 1485 erat,
1097 1412 1269 1488 quod
1299 1411 1463 1473 omni
1492 1411 1834 1488 frequentia
1863 1420 2048 1486 atque
2078 1410 2240 1473 omni

167 1510 404 1573 genere
435 1496 742 1557 hominum
774 1496 1144 1569 celebratur,
1178 1504 1303 1571 qu'o
1334 1492 1652 1557 multitudo
1683 1492 1947 1555 maxime
1978 1495 2241 1555 delecta-

171 1588 290 1643 tur.
349 1581 412 1639 ln
451 1581 613 1642 hunc
645 1590 1007 1642 consessum
1037 1581 1101 1640 P.
1136 1578 1410 1655 SestiuS,
1451 1578 1729 1641 tribunus
1777 1577 2009 1654 plebis»,
2054 1596 2243 1654 quum

170 1672 387 1741 ageret
416 1664 561 1725 nihil
595 1666 759 1727 aliud
789 1667 850 1725 ln
880 1682 957 1726 eo
988 1664 1350 1742 magistratu
1384 1663 1503 1726 nisi
1536 1672 1734 1724 meam
1764 1676 2046 1735 causam,
2078 1661 2243 1722 venit

170 1757 232 1810 et
262 1765 333 1810 se
363 1750 595 1824 populo
625 1749 813 1824 dedit,
840 1767 962 1812 non
991 1752 1248 1826 plausus
1274 1747 1625 1826 cupiditate,
1649 1747 1762 1810 sed
1784 1755 1854 1809 ut
1875 1746 1992 1823 ipsi
2018 1745 2241 1807 inimici

171 1831 364 1894 nostri
395 1835 768 1896 voluntatem
804 1833 1074 1895 universi
1104 1833 1318 1910 populi
1348 1832 1645 1895 viderent.
1705 1831 1921 1906 Venit,
1951 1839 2019 1892 ul.
2050 1830 2242 1904 scitiS,

165 1919 246 1980 ab
289 1921 578 1980 columna
620 1915 882 1978 Maenia.
980 1918 1213 1979 Tantus
1259 1925 1358 1980 est
1418 1935 1496 1980 ex
1554 1915 1837 1979 omnibus
1870 1915 2241 1994 spectaculis

154 2015 367 2073 usque
399 2011 438 2059 a
467 1999 787 2075 Capitolio,
819 2007 1025 2062 tantus
1051 2011 1129 2061 ex
1158 2001 1276 2062 fori
1307 2002 1604 2063 cancellis>
1632 2003 1890 2077 plausus
1920 2001 2239 2075 excitatu3‚

168 2092 234 2144 ut
282 2093 615 2157 numquam
663 2084 857 2144 maior
901 2084 1234 2146 consensio
1284 2096 1389 2146 aut
1424 2085 1696 2163 apertior
1737 2085 1952 2163 populi
1980 2083 2241 2147 Romani

163 2166 446 2228 universi
492 2167 686 2227 ruisse
731 2168 856 2227 ulla
883 2166 943 2226 in
975 2177 1165 2228 causa
1189 2169 1511 2231 diceretur.
1578 2169 1719 2233 125.
1764 2170 1884 2231 Ubi
1914 2179 2088 2231 erant
2115 2179 2241 2232 tum

161 2251 249 2311 illi
285 2248 644 2311 contionum
674 2249 1126 2325 moderatores,
1158 2253 1361 2328 >legum
1398 2253 1659 2330 domini,
1691 2254 1917 2315 civium
1947 2256 2238 2330 expulso-

164 2341 312 2395 res?
352 2332 594 2395 aliusne
623 2343 720 2396 est
745 2332 968 2410 aliquis
999 2334 1293 2413 improbis
1324 2337 1560 2399 civibus
1593 2338 1918 2415 peculiaris
1951 2339 2241 2415 populuS,

164 2417 266 2480 cui
298 2435 413 2479 nos
450 2419 674 2480 offensi
703 2418 1011 2497 invisique
1044 2421 1381 2484 fuerimus?

334 2503 484 2564 LIX.
539 2503 841 2581 Equidem
884 2504 1164 2567 existimo
1210 2508 1443 2568 nullum
1484 2513 1727 2583 tempus
1770 2523 1914 2568 esse
1952 2507 2236 2583 frequen-

165 2585 338 2648 tioris
370 2588 582 2665 populi
615 2603 797 2664 quam
830 2588 979 2652 illud
1011 2590 1438 2665 gladiatorium
1468 2603 1673 2666 neque
1701 2589 2007 2652 contionis
2058 2590 2241 2651 ullius

164 2687 369 2746 neque
410 2688 558 2733 vero
600 2673 861 2735 ullorum
903 2673 1307 2735 comitiorum.
1370 2675 1538 2736 Haec
1574 2674 1758 2750 igitur
1782 2673 2240 2736 innumerabilis

165 2753 475 2816 hominum
524 2756 875 2830 multitudo,
919 2757 1073 2819 haec
1114 2757 1333 2835 populi
1360 2755 1620 2819 Romani
1667 2767 1831 2821 tanta
1873 2755 2240 2834 significatio

165 2837 302 2899 sine
349 2840 472 2900 ulla
516 2841 807 2902 varietate
854 2839 1155 2914 universi,
1204 2857 1391 2918 quum
1435 2842 1553 2903 illis
1596 2842 1749 2919 ipsis
1781 2842 2004 2904 diebus
2036 2843 2114 2902 de
2143 2857 2241 2901 me

162 2931 368 2984 actum
402 2922 473 2983 iri
516 2932 861 3002 putaretur,
912 2923 1060 3003 quid
1103 2924 1446 2988 declaravit*
1468 2925 1586 2988 nisi
1609 2927 1985 3005 >optimorum
2018 2924 2237 2987 civium

163 3006 420 3068 salutem
453 3017 513 3069 et
543 3007 901 3085 dignitatem
930 3012 1164 3087 populo
1190 3011 1467 3072 Romano
1494 3025 1697 3072 caram
1726 3023 1873 3073 esse
1905 3009 2197 3073 universo

168 3091 309 3153 126.
350 3094 432 3152 At
467 3107 616 3152 vero
642 3092 744 3152 ille
781 3101 1052 3168 praetor,
1091 3095 1301 3167 quide
1323 3109 1423 3155 me
1445 3109 1570 3155 non
1592 3092 1809 3170 patriS,
1845 3094 1965 3165 avi,
2005 3096 2242 3172 proavi,

164 3175 465 3236 maiorum
480 3174 750 3251 denique
774 3192 1030 3237 suorum
1054 3177 1343 3251 omnium,
1370 3179 1485 3238 sed
1502 3178 1940 3252 Graeculorum
1964 3178 2242 3241 instituto

164 3260 521 3321 contionem
549 3259 934 3340 interrogare
962 3261 1238 3323 solebat:
1272 3265 1540 3323 velletne
1566 3277 1665 3326 me
1686 3262 1909 3337 redire,
1936 3273 2014 3333 et,
2054 3280 2240 3339 quum

163 3352 299 3406 erat
311 3345 706 3405 reclamatum
724 3344 1044 3405 semivivis
1058 3346 1624 3408 mercennariorum
1642 3346 1923 3420 vocibus
1944 3343 2241 3423 populum

163 3427 506 3490 Romanum
536 3432 763 3503 negare
793 3426 1065 3502 dicebat,
1093 3427 1178 3501 is,
1213 3444 1400 3504 quum
1436 3427 1661 3489 cotidie
1691 3427 2063 3504 gladiatores
2100 3441 2242 3500 spe-

160 3519 383 3583 claret,
421 3528 756 3587 numquam
785 3521 882 3573 est
909 3519 1315 3589 conspectuS,
1351 3525 1536 3587 quum
1567 3511 1818 3571 veniret.
1878 3508 2243 3579 Emergebat

160 3595 398 3671 subite,
448 3611 632 3672 quum
677 3596 795 3657 sub
838 3595 1075 3657 tabulas
1131 3596 1555 3669 subrepserat,
1599 3601 1665 3653 ut
1692 3592 1893 3650 Mater
1921 3600 1974 3645 te
2006 3587 2242 3657 appello
