2514 3928
89 136 172 197 94
663 132 807 193 PRO
844 134 923 191 Μ.
959 133 1238 193 CAELIO
1284 131 1591 194 ORATIO.

1136 250 1192 283 ἢν
1228 252 1247 279 ἦ
1268 250 1308 278 &3⁷
1329 254 1349 270 ‘⁶

88 288 289 349 silium
319 284 606 358 mulieriS,
638 286 790 346 haec
819 285 1070 346 istorum
1099 283 1430 359 provincia,
1467 285 1570 360 qui
1595 285 1789 360 rogati
1816 294 1986 347 sunt=
2020 303 2181 363 quos

92 371 339 448 quidem
377 381 442 433 tu
479 387 662 446 quam
694 371 772 429 ob
807 387 934 430 rem
968 378 1192 430 temere
1227 368 1591 443 prosiluisse
1619 368 1791 429 dicas
1822 378 2006 444 atque
2038 379 2185 431 ante

93 465 334 532 tempus
369 471 491 515 non
524 452 790 529 reperio.
822 486 903 498 —
946 453 1211 513 Fuerant
1240 453 1358 513 hoc
1389 453 1602 526 rogati,
1637 454 1878 514 fuerant
1910 454 1991 514 ad
2021 453 2181 513 hanc

93 556 219 602 rem
247 537 548 610 collocati,
576 548 641 598 ut
664 553 997 609 venenum,
1021 546 1086 597 ut
1109 536 1386 607 insidiae,
1420 535 1657 596 facinus
1682 536 1949 612 denique
1973 535 2180 612 ipsum

93 632 158 683 ut
193 622 516 684 manifesto
547 621 1186 699 comprehenderetur.
1229 653 1315 664 —
1366 618 1466 681 65.
1500 620 1912 682 Potueruntne
1980 621 2177 694 magis

92 715 369 783 tempore
411 704 724 782 prosilire,
770 722 954 780 quam
997 720 1183 779 quum
1213 702 1480 765 Licinius
1523 702 1839 778 venisset,
1887 722 2073 779 quum
2117 705 2180 764 in

94 807 281 851 manu
309 798 552 852 teneret
576 790 801 852 veneni
822 788 1147 867 pyxidem?
1178 806 1339 864 quae
1376 787 1431 849 si
1458 788 1578 848 iam
1615 797 1748 849 erat
1781 790 2007 849 tradita
2037 805 2174 848 ser-

97 875 218 947 viS‚
260 879 318 936 si
343 884 464 937 tum
494 875 844 936 evasissent
872 873 1075 936 subito
1116 889 1192 933 ex
1223 873 1460 933 balneis
1491 873 1761 934 mulieris
1793 871 1972 932 amici
2011 871 2166 933 Lici-

91 959 382 1032 niumque
412 957 1039 1033 comprehendissent,
1073 958 1424 1032 imploraret
1445 958 1752 1019 hominum
1786 960 1967 1020 fidem
1991 966 2175 1034 atque

92 1060 129 1111 a
176 1060 246 1102 se
287 1042 449 1102 illam
485 1040 772 1119 pyxidem
815 1040 1092 1101 traditam
1137 1051 1518 1116 pernegaret.
1608 1043 1796 1117 Quem
1833 1060 1956 1118 quo
1988 1044 2174 1104 modo

93 1125 174 1187 illi
207 1126 777 1201 reprehenderent?
814 1123 1063 1185 Vidisse
1112 1141 1180 1184 se
1216 1125 1531 1187 dicerent?
1573 1127 1832 1187 Primum
1862 1128 1940 1187 ad
1981 1143 2049 1186 se
2076 1143 2171 1186 re·-

95 1219 389 1271 vocarent
428 1207 675 1270 maximi
724 1208 1013 1269 facinoris
1056 1208 1317 1269 crimen:
1366 1210 1589 1270 deinde
1624 1210 1687 1271 id
1719 1227 1788 1271 se
1819 1210 2052 1271 vidisse
2082 1210 2172 1271 di-

95 1302 304 1354 cerent
325 1341 341 1369 ,
377 1294 542 1369 quod
569 1339 584 1365 ,
625 1309 748 1368 quo
782 1294 918 1353 loco
952 1293 1232 1353 collocati
1266 1293 1519 1365 fuerant,
1555 1312 1675 1356 non
1716 1294 2062 1370 potuissent
2089 1295 2171 1353 vi-

92 1378 258 1439 dere.
345 1378 643 1452 Tempore
684 1376 863 1452 igitur
906 1376 1046 1451 ipso
1089 1393 1159 1437 se
1210 1378 1635 1449 ostenderunt,
1688 1396 1873 1454 quum
1904 1377 2175 1439 Licinius

94 1462 396 1534 venisset,
444 1459 735 1539 pyxidem
779 1459 1127 1535 expediret,
1172 1476 1416 1522 manum
1464 1461 1818 1537 porrigeret,
1867 1478 2172 1522 venenum

93 1547 371 1607 traderet.
415 1543 581 1605 Mimi
610 1560 756 1619 ergo
782 1553 880 1604 est
899 1542 1018 1602 iam
1043 1543 1264 1617 exituS,
1296 1562 1419 1605 non
1446 1546 1716 1606 fabulaee
1747 1545 1808 1607 in
1833 1564 1955 1622 quo
1988 1564 2175 1620 quum

92 1630 370 1690 clausula
403 1646 523 1688 non
556 1626 891 1701 invenitur,
937 1627 1087 1702 fugit
1119 1627 1345 1703 aliquis
1376 1646 1410 1689 e
1443 1631 1754 1691 manibus=
1788 1631 2010 1691 deinde
2038 1647 2172 1691 sca-

92 1712 233 1773 billa
265 1718 665 1786 concrepant,
707 1711 986 1771 aulaeum
1020 1711 1260 1772 tollitur.
1305 1713 1573 1773 XXVIII.
1604 1714 1706 1776 66.
1743 1716 1981 1789 Quaero
2014 1713 2174 1775 enim

92 1812 201 1856 cur
227 1794 521 1855 Licinium
555 1793 936 1866 titubantem,
981 1794 1408 1866 haesitantem,
1445 1798 1795 1870 cedentem,
1826 1800 2038 1872 sugere
2068 1815 2167 1858 co-

93 1887 334 1939 nantem
367 1876 710 1939 mulieraria
739 1895 954 1938 manus
984 1878 1100 1939 ista
1132 1880 1211 1940 de
1241 1879 1519 1941 manibus
1551 1881 1851 1944 amiserit=
1897 1898 2007 1941 cur
2052 1898 2173 1941 non

91 1961 695 2039 comprehenderintz
721 1979 830 2024 cur
855 1980 974 2024 non
1003 1961 1202 2039 ipsius
1227 1964 1651 2040 confessione,
1678 1969 1998 2027 multorum
2026 1982 2168 2026 ocu·

92 2047 182 2119 lis,
211 2046 500 2108 facinoris
526 2047 793 2123 denique
823 2063 976 2108 voce
1006 2047 1154 2109 tanti
1179 2049 1433 2111 sceleris
1457 2049 1683 2111 crimen
1710 2048 2174 2126 expresserint?

92 2135 184 2190 An
213 2131 521 2204 timebant,
549 2147 623 2191 ne
647 2139 736 2192 tot
758 2147 962 2207 unum,
984 2132 1262 2192 valentes
1279 2132 1665 2209 imbecillum,
1690 2135 1925 2195 alacres
1940 2140 2167 2209 perter-

90 2215 266 2275 ritum
299 2230 591 2290 superare
624 2232 743 2276 non
780 2222 1078 2290 possent?

212 2299 450 2359 Nullum
480 2307 898 2373 argumentum
928 2298 987 2359 in
1019 2316 1103 2371 re,
1138 2300 1302 2360 nulla
1331 2300 1594 2377 suspitio
1638 2300 1696 2360 in
1731 2316 1935 2372 causa,
1968 2300 2171 2361 nullus

89 2383 288 2444 exitus
323 2381 589 2444 criminis
630 2382 983 2457 reperietur.
1072 2387 1284 2459 ltaque
1329 2384 1481 2445 haec
1523 2401 1713 2445 causa
1745 2386 1823 2444 ab
1852 2400 2171 2460 argumen-

89 2465 185 2540 tis,
218 2483 255 2526 a
286 2466 652 2539 coniectura,
683 2468 760 2527 ab
790 2466 865 2527 iis
901 2466 1127 2542 signis,
1160 2466 1384 2543 quibus
1415 2469 1640 2530 veritas
1677 2467 1963 2528 illustrari
1994 2467 2170 2538 solet,

87 2551 168 2609 ad
196 2560 385 2614 testes
422 2560 546 2613 tota
576 2552 850 2613 traducta
881 2560 994 2612 est.
1048 2552 1216 2626 Quos
1242 2553 1487 2627 quidem
1512 2568 1648 2627 ego,
1677 2551 1932 2624 iudiceS,
1962 2558 2168 2622 testes,

91 2651 212 2694 non
243 2637 427 2697 modo
461 2636 594 2697 sine
624 2637 746 2698 ullo
779 2634 1012 2708 timore,
1052 2637 1167 2697 sed
1202 2636 1381 2697 etiam
1419 2653 1554 2696 cum
1585 2636 1791 2711 aliqua
1822 2652 1936 2711 spe
1964 2636 2167 2695 delec-

92 2718 332 2780 tationis
365 2729 680 2796 exspecto.
731 2717 832 2782 67.
862 2719 1196 2795 Praegestit
1225 2720 1462 2781 animus
1497 2719 1613 2780 iam
1645 2719 1874 2791 videre,
1912 2718 2168 2795 primum

90 2803 286 2864 lautos
320 2802 607 2877 iuvenes,
649 2803 918 2864 mulieris
946 2804 1161 2865 beatae
1189 2820 1263 2863 ac
1288 2802 1510 2864 nobilis
1542 2803 1900 2865 familiares:
1946 2801 2167 2863 deinde

88 2887 278 2947 fortes
312 2887 495 2958 viroS,
528 2888 606 2946 ab
634 2886 1015 2963 imperatrice
1044 2887 1105 2947 in
1138 2886 1378 2949 insidiis
1403 2896 1587 2963 atque
1615 2887 1673 2948 in
1702 2885 2008 2963 praesidio
2040 2885 2170 2945 bal·

90 2986 336 3031 nearum
370 2970 736 3031 collocatos=
773 2988 851 3050 ex
886 2970 1107 3047 quibus
1134 2970 1439 3048 requiram
1472 2989 1652 3047 quem
1690 2972 1770 3031 ad
1802 2970 2050 3031 modum
2082 2971 2167 3028 la-

92 3053 311 3115 tuerint
342 3062 447 3115 aut
477 3053 593 3123 ubi,
608 3054 899 3115 alveusne
928 3054 1028 3116 ille
1062 3072 1139 3115 an
1168 3073 1367 3131 equus
1384 3054 1684 3116 Troianus
1712 3054 1907 3127 suerit,
1946 3053 2052 3129 qui
2080 3061 2169 3113 tot

91 3136 353 3200 invictos
389 3136 553 3198 viros
589 3137 880 3198 muliebre
907 3139 1131 3198 bellum
1161 3150 1443 3214 gerentes
1479 3138 1679 3201 tulerit
1711 3155 1785 3200 ac
1814 3137 2050 3200 texerit.
2093 3137 2169 3195 ll-

91 3223 193 3280 lud
242 3238 388 3281 vero
431 3223 810 3297 respondere
852 3238 1100 3297 cogam,
1159 3239 1270 3284 cur
1314 3231 1405 3290 tot⁴
1439 3222 1550 3284 viri
1582 3240 1656 3283 ac
1685 3225 1838 3285 tales
1866 3222 2060 3293 hunc,
2108 3228 2169 3280 et

90 3323 271 3365 unum
309 3314 368 3365 et
396 3314 514 3365 tam
551 3305 912 3367 imbecillum
945 3322 1124 3381 quam
1158 3305 1400 3381 videtiS‚
1428 3324 1550 3369 non
1586 3314 1692 3367 aut
1719 3314 1977 3368 stantem
2002 3320 2167 3366 com·

91 3389 444 3460 prenderint
487 3396 594 3447 aut
637 3387 968 3462 fugientem
1015 3390 1336 3450 consecuti
1386 3389 1542 3452 sint:
1590 3389 1696 3465 qui
1737 3407 1806 3451 se
1837 3401 2164 3462 numquam

88 3473 387 3547 prolect0,
417 3469 472 3534 si
502 3470 559 3530 in
595 3470 774 3544 istum
806 3473 1003 3533 locum
1040 3472 1471 3550 processerint,
1501 3473 1912 3550 explicabunt.
1977 3470 2165 3547 Quam
