2514 3928
175 196 261 257 30
783 190 932 254 PRO
961 192 1025 252 P.
1057 189 1324 254 SESTIO
1356 188 1657 252 ORATIO.

180 363 438 423 rumque
468 346 759 407 defendit.
832 342 930 407 77.
978 341 1341 417 Meministis
1371 350 1526 415 tum,
1573 341 1842 418 iudiceS,
1888 344 2259 419 corporibus

181 432 405 493 civium
431 430 691 491 Tiberim
726 429 1050 504 compleri,
1099 428 1347 488 cloacas
1376 425 1679 500 resarciri,
1724 444 1759 488 e
1802 428 1937 488 l‘oro
1972 428 2260 504 spongiis

180 516 390 591 effingi
422 513 824 588 sanguinem,
873 520 941 573 ut
986 527 1207 572 omnes
1253 519 1478 573 tantam
1539 511 1700 570 illam
1748 510 1990 586 copiam
2033 520 2094 573 et
2135 521 2260 573 tam

179 599 567 675 magnificum
596 604 966 674 apparatum
997 612 1119 656 non
1154 594 1456 669 privatum
1498 602 1603 656 aut
1632 594 1970 671 plebeium,
2004 597 2118 656 sed
2147 614 2259 672 pa·

180 682 417 744 tricium
447 691 508 742 et
540 681 911 757 praetorium
941 696 1087 741 esse
1119 679 1576 740 arbitrarentur.
2253 700 2266 713 ·

212 778 223 793 ·
346 766 617 826 XXXVI.
668 765 826 826 Nihil
871 781 1074 841 neque
1114 772 1253 823 ante
1287 763 1407 824 hoc
1446 772 1690 838 tempus
1723 778 1929 837 neque
1957 762 2077 823 hoc
2113 762 2257 838 ipso

178 849 706 911 turbulentissimo
732 848 835 909 die
850 846 1654 911 criminaminiSestium.-—
1676 841 1863 924 At'qui
1898 848 1989 907 vis
2024 846 2084 906 in
2120 849 2257 909 foro

178 943 428 995 versata
464 943 578 994 est.
630 969 715 980 -
762 932 969 994 certea
1029 932 1278 1007 quando
1323 929 1484 991 enim
1526 930 1762 992 maior?
1805 930 2263 1006 Lapidationes

183 1033 486 1094 persaepe
516 1016 812 1078 vidimus=
850 1034 988 1077 ¹non
1021 1015 1104 1076 ita
1133 1030 1354 1091 saepe,
1395 1016 1510 1076 sed
1554 1013 2035 1076 nimium‘tamen
2067 1031 2263 1091 saepe

181 1101 454 1178 gladios,
489 1102 742 1161 caedem
780 1117 930 1161 vero
962 1107 1220 1172 tantam,
1242 1107 1468 1159 tantos
1498 1115 1759 1160 acervos
1790 1115 2122 1175 corporum
2151 1115 2261 1160 ex—

183 1193 480 1257 structoS,
528 1184 847 1246 nistret-te
890 1184 993 1245 illo
1024 1182 1298 1244 Cinnano
1339 1192 1528 1258 atque
1572 1180 1904 1244 Octaviano
1937 1182 2070 1255 die,
2118 1183 2261 1258 quis

181 1285 470 1344 umquam
503 1268 563 1328 in
596 1271 730 1329 soro
755 1269 950 1329 vidit?
995 1286 1115 1345 qua
1141 1284 1221 1329 ex
1250 1265 1660 1328 concitatione
1682 1265 2068 1328 animorum?
2107 1269 2264 1327 Nam

182 1369 259 1412 ex
297 1352 635 1428 pertinacia
673 1362 777 1414 aut
807 1351 1154 1415 constantia
1188 1351 1620 1412 intercessoris
1651 1350 1844 1413 oritur
1871 1366 2064 1426 saepe
2094 1352 2260 1412 sedi·

179 1435 296 1510 tio,
348 1439 532 1512 culpa
570 1446 756 1512 atque
792 1437 1177 1513 improbitate
1212 1436 1422 1496 latoris
1465 1436 1789 1496 commodo
1819 1434 2030 1510 aliquo
2065 1434 2261 1510 impe·

182 1519 312 1581 ritis
355 1531 459 1581 aut
501 1521 822 1597 largitione
868 1520 1218 1595 proposita:
1273 1520 1462 1579 oritur
1499 1535 1587 1578 -ex
1630 1516 2087 1580 concertatione
2132 1535 2260 1578 ma—

186 1604 575 1679 gistratuum=
613 1604 803 1665 oritur
826 1603 1056 1664 sensim
1081 1619 1162 1663 ex
1182 1604 1454 1663 clamore
1481 1602 1759 1678 primum,
1790 1602 2016 1664 deinde
2048 1602 2260 1678 aliqua

182 1687 574 1749 discessione
609 1687 946 1749 contionis:
997 1687 1131 1760 vix,
1164 1703 1306 1748 sero
1338 1696 1399 1747 et
1441 1702 1578 1747 raro
1605 1688 1691 1747 ad
1724 1703 1941 1747 manus
1973 1686 2257 1762 perveni-

182 1779 307 1830 tur=
361 1772 528 1831 nullo
558 1786 708 1831 vero
739 1771 927 1831 verbo
960 1772 1150 1843 facto,
1203 1772 1368 1830 nulla
1400 1769 1684 1832 contione
1707 1772 2049 1845 advocata,
2093 1774 2263 1832 nulla
2349 1800 2352 1801 ⁷

182 1855 318 1929 lege
348 1853 599 1916 recitata
626 1854 989 1917 concitatam
1022 1863 1381 1916 nocturnam
1415 1852 1778 1936 seditionem
1813 1855 1952 1932 quis
1982 1855 2263 1917 audivit?

181 1935 283 2001 78.
326 1939 421 1998 An
467 1937 596 1999 veri
642 1937 838 2000 simile
879 1948 1008 2013 est,
1064 1945 1130 1999 ut
1174 1938 1329 2001 civis
1371 1941 1688 2014 Romanus
1732 1948 1837 2003 aut
1874 1940 2060 2001 homo
2106 1939 2265 2001 liber

180 2022 510 2097 quisquam
541 2039 678 2083 cum
714 2023 919 2099 gladio
957 2025 1016 2083 in
1055 2026 1251 2084 forum
1294 2024 1687 2085 descenderit
1715 2032 1856 2085 ante
1898 2025 2130 2097 lucem,
2180 2041 2259 2084 nc

181 2107 259 2167 de
295 2123 392 2167 me
418 2106 562 2168 ferri
594 2115 931 2182 pateretur,
978 2117 1221 2184 praeter
1246 2124 1397 2181 eOS,
1442 2107 1549 2184 qui
1591 2109 1678 2168 -ab
1719 2110 1822 2170 illo
1859 2109 2152 2184 pestifero
2183 2125 2261 2169 ac

181 2192 421 2265 perdito
455 2190 577 2252 civi
617 2190 739 2252 iam
782 2191 1017 2268 prid-em
1058 2191 1146 2253 rei
1193 2191 1477 2268 publicae
1512 2192 1811 2269 sanguine
1856 2192 2264 2267 saginantur?

179 2273 293 2335 Hic
323 2274 441 2335 iam
471 2276 549 2335 de
581 2273 721 2349 ipso
749 2286 1111 2337 accusatore
1145 2292 1408 2352 quaero,
1454 2276 1560 2352 qui
1587 2277 1652 2337 P.
1682 2275 1948 2338 Sestium
1981 2276 2259 2353 queritur

180 2375 319 2419 cum
347 2358 732 2420 multitudine
759 2359 820 2420 in
854 2360 1159 2421 tribunatu
1190 2369 1251 2421 et
1281 2377 1418 2422 cum
1452 2361 1762 2437 praesidio
1794 2377 2016 2437 magno
2040 2360 2262 2435 fuisse,

180 2459 326 2503 num
362 2443 465 2503 illo
492 2442 598 2503 die
630 2443 853 2505 fuerit?
915 2444 1089 2505 Certe
1121 2462 1243 2505 non
1280 2446 1409 2506 fuit.
1480 2444 1658 2505 Victa
1702 2444 1887 2521 igitur
1925 2453 2022 2507 est
2062 2461 2254 2506 causa

181 2526 269 2586 rei
303 2525 585 2601 publicae
614 2536 674 2589 et
710 2526 870 2588 victa
899 2544 1019 2589 non
1058 2528 1388 2604 auspiciis,
1432 2545 1555 2590 non
1604 2528 2083 2596 intercessione,
2131 2546 2256 2589 non

184 2606 510 2684 suffragiis,
545 2610 660 2669 sed
684 2608 761 2680 vi,
786 2624 987 2683 manu,
1027 2610 1208 2670 ferro.
1266 2614 1415 2671 Nam
1436 2611 1494 2670 si
1512 2612 1940 2673 obnuntiasset
1962 2612 2246 2675 Fabricio

182 2689 236 2749 is
270 2700 534 2766 praetor,
569 2692 676 2767 qui
712 2708 785 2752 se
817 2708 1109 2753 servasse
1133 2694 1212 2753 de
1242 2696 1417 2754 caelo
1441 2695 1719 2768 diceret,
1757 2696 2109 2772 accepisset
2142 2714 2247 2759 res

183 2774 429 2846 publica
447 2779 705 2850 plagam,
730 2776 845 2836 sed
866 2790 1018 2846 eam,
1047 2784 1827 2853 quamacceptamgemere
1848 2795 1974 2840 non
1992 2790 2242 2855 posset:

137 2921 155 2938 ⁶
183 2856 236 2914 si
276 2856 735 2920 intercessi-sset
780 2862 1019 2938 collega
1060 2862 1373 2937 Fabricio,
1428 2864 1715 2928 laesisset
1743 2884 1880 2928 *rem
1925 2867 2257 2944 publicam,

182 2939 297 2999 sed
353 2956 481 3001 rem
512 2940 819 3017 publicam
872 2944 1005 3006 iure
1039 2945 1342 3008 laesisset.
1422 2948 1803 3012 Gladiatores
1847 2960 1910 3013 tu
1952 2951 2256 3028 novicios,

185 3038 295 3098 pro
327 3032 689 3100 exspectata
714 3026 1026 3090 aedilitate
1057 3030 1451 3106 suppositos,
1489 3049 1634 3098 eum
1653 3033 1906 3096 sicariis
1941 3053 1977 3096 e
2007 3029 2257 3097 carcer'e

180 3106 427 3169 emissis
456 3117 600 3170 ante
639 3110 840 3171 lucem
875 3111 1210 3175 immittas?
1263 3116 1653 3192 magistratus
1695 3119 1922 3194 templo
1960 3120 2260 3181 deiicias?

181 3192 432 3251 caedem
460 3193 787 3255 maximam
820 3196 1052 3257 facias?
1085 3198 1283 3259 sorum
1315 3209 1591 3276 purges?
1619 3210 1707 3275 et,
1742 3220 1931 3278 quum
1957 3203 2165 3265 omnia
2196 3205 2253 3262 vi

180 3283 240 3334 et
267 3276 709 3352 armisegeris,
739 3295 1002 3343 accuses
1022 3298 1193 3354 eum,
1228 3284 1335 3360 qui
1364 3301 1435 3345 se
1459 3285 1769 3360 pracsidio
1794 3287 2094 3359 munierit,
2127 3305 2250 3349 nonw

179 3366 243 3420 ut
272 3367 331 3421 te
361 3372 776 3436 oppugnaret,
805 3365 921 3426 sed
956 3376 1022 3428 ut
1053 3364 1235 3428 vitam
1264 3384 1440 3430 suam
1473 3380 1691 3445 posset
1719 3371 2096 3434 defendere?

343 3444 640 3507 XXXVII.
693 3445 797 3511 79.
850 3450 1038 3527 Atqui
1080 3468 1158 3513 ne
1188 3467 1270 3515 ex
1307 3469 1383 3515 eo
1429 3452 1678 3531 quidem
1716 3463 1993 3535 tempore
2032 3455 2097 3516 id
2125 3454 2254 3533 egit

2453 1904 2463 1953 ...Α
