2514 3928
126 147 222 208 90
719 141 867 203 pao
901 142 981 201 M.
1017 120 1295 201 CAEmo
1332 138 1638 200 omino,

139 316 259 360 non
298 295 647 359 occultandi
677 293 959 355 maleficii
991 310 1172 369 spes,
1215 309 1336 353 non
1368 290 1521 353 ratio
1553 292 1673 352 ulla
1695 338 1709 365 ,
1745 308 1866 353 non
1902 289 2225 366 vestigium

131 380 384 443 maximi
415 379 706 441 facinoris
736 377 1093 453 reperietur.
1149 373 1252 438 54.
1295 376 1420 437 Sed
1450 374 1621 448 haec,
1654 392 1813 450 quae
1845 383 1988 437 sunt
2023 384 2223 437 orato-

137 467 222 527 ris
246 464 515 542 propria,
533 479 691 539 quae
715 462 856 522 mihi
879 477 1002 522 non
1030 469 1281 537 propter
1306 459 1611 534 ingenium
1638 476 1870 533 meum,
1900 460 2010 520 sed
2037 476 2224 536 prop-

131 561 230 611 -ter
267 550 427 609 hanc
467 545 962 608 exercitationem
1009 561 1315 620 usumque
1357 542 1601 603 dicendi
1652 545 1911 604 fructum
1959 543 2225 619 aliquem

130 637 298 694 ‘ferre
330 632 704 708 potuissent,
751 646 937 706 quum
988 645 1025 688 a
1070 645 1168 688 me
1213 628 1351 703 ipso
1394 628 1705 689 elaborata
1750 626 2012 702 proferri
2058 628 2224 688 vide·

140 725 385 789 rentur,
429 714 742 776 brevitatis
775 730 965 774 causa
996 712 1277 787 relinquo
1311 711 1531 772 omnia.
1616 712 1828 772 Habeo
1860 711 2039 784 enim,
2070 711 2225 772 iudi-

132 818 265 874 ceS,
300 816 482 876 quem
517 816 630 860 vos
666 797 902 859 socium
934 805 1178 856 vestrae
1205 791 1519 870 religionis
1549 794 1825 870 iurisque
1866 794 2107 856 iurandi
2139 797 2225 855 fa·

132 885 261 944 cile
297 899 441 945 esse
477 880 820 958 patiamini,
862 881 929 938 L.
963 879 1309 949 Lucceium,
1348 878 1796 941 sanctissimum
1827 878 2132 940 hominem
2169 886 2225 940 et

141 966 572 1044 gravissimum
596 973 833 1037 testem,
872 963 978 1040 qui
1008 972 1237 1024 tantum
1274 962 1511 1023 facinus
1542 962 1602 1022 in
1636 965 1854 1023 ramam
1884 973 2069 1038 atque
2104 964 2225 1024 for-

140 1062 322 1112 tunas
351 1066 500 1111 suas
533 1065 736 1125 neque
766 1065 886 1109 non
918 1047 1195 1109 audisset
1222 1046 1453 1107 illatum
1482 1064 1520 1108 a
1554 1048 1757 1108 Caelio
1788 1063 1989 1122 neque
2017 1048 2223 1121 negle-

141 1136 339 1196 xisset
366 1150 569 1209 neque
599 1133 858 1194 tulisset.
946 1133 1041 1191 An
1073 1131 1172 1192 ille
1205 1130 1297 1190 vir
1318 1177 1333 1203 ,
1361 1129 1462 1191 illa
1493 1130 1861 1192 humanitate
1890 1129 2222 1206 praeditus,

100 1218 105 1221 ’
138 1217 260 1279 illis
294 1217 544 1291 studiiS‚
580 1215 698 1277 illis
737 1215 967 1278 artibus
997 1224 1182 1290 atque
1213 1213 1527 1289 doctrina,
1556 1215 1718 1281 illius
1754 1214 1951 1290 ipsius
1988 1213 2224 1289 perieu-

136 1305 295 1375 lum,
344 1319 526 1377 quern
561 1308 810 1377 propter
838 1300 990 1360 haec
1021 1299 1158 1374 ipsa
1189 1297 1391 1359 studia
1422 1297 1740 1373 diligebat,
1772 1297 2083 1374 negligere
2115 1315 2226 1374 po-

138 1385 401 1448 tuisset?
449 1394 542 1459 et,
589 1385 758 1460 quod
790 1383 1027 1444 facinus
1058 1382 1118 1442 in
1149 1381 1413 1442 alienum
1460 1381 1769 1443 hominem
1799 1381 2094 1443 intentum
2131 1397 2226 1442 se-

137 1486 289 1530 vere
319 1468 658 1544 acciperet,
713 1462 775 1527 i'd
818 1467 1130 1527 omisisset
1172 1482 1387 1527 curare
1427 1465 1487 1525 in
1518 1465 1869 1541 hospitem?
1909 1467 2078 1541 quod
2120 1482 2229 1541 per

148 1561 394 1629 ignotos
424 1560 626 1612 actum
659 1550 713 1610 si
746 1549 1181 1625 comperisset,
1226 1550 1489 1621 doleret,
1533 1549 1594 1609 id
1624 1567 1661 1610 a
1697 1550 1827 1610 suis
1852 1549 2051 1610 servis
2080 1559 2228 1611 tem-

149 1645 379 1712 ptatum
405 1651 550 1697 esse
580 1633 956 1708 negligeret?
979 1634 1144 1709 quod
1177 1632 1234 1692 in
1260 1635 1424 1708 agris
1450 1633 1685 1694 locisve
1717 1633 1981 1708 publicis
2008 1635 2227 1694 factum

142 1718 650 1794 reprehenderet,
680 1718 744 1776 id
773 1717 833 1775 in
866 1717 1017 1777 urbe
1064 1733 1137 1777 ac
1167 1717 1376 1778 domui
1409 1734 1559 1778 suae
1591 1726 1875 1793 coeptum
1909 1733 2052 1777 esse
2083 1716 2229 1778 leni·

145 1813 236 1863 ter
273 1804 496 1863 ferret?
532 1801 700 1877 quod
730 1800 789 1860 in
822 1800 1079 1861 alicuius
1109 1803 1369 1876 agrestis
1401 1802 1674 1877 periculo
1700 1819 1818 1862 non
1854 1800 2228 1876 praetermit-

146 1894 330 1957 teret,
373 1884 433 1944 id
466 1885 648 1946 homo
679 1883 955 1945 eruditus
985 1883 1044 1943 in
1079 1883 1318 1945 insidiis
1364 1884 1704 1946 doctissimi
1748 1885 2015 1946 hominis
2048 1883 2228 1945 dissi-

147 1970 500 2030 mulandum
539 1975 820 2045 putaret?
861 1967 963 2030 55.
1001 1969 1123 2030 Sed
1163 1985 1272 2030 cur
1301 1969 1527 2031 diutius
1557 1987 1690 2043 voe„
1722 1968 1978 2045 iudices,
2010 1974 2232 2031 teneo?

146 2053 343 2128 ipsius
376 2052 552 2112 iurati
583 2050 939 2126 religionem
980 2052 1527 2129 auctoritatemque
1562 2052 1858 2128 percipite
1887 2061 2074 2128 atque
2106 2070 2229 2113 om-

144 2137 249 2196 -nia
301 2137 624 2211 diligenter
667 2136 996 2196 testimonii
1040 2137 1228 2197 verba
1273 2137 1647 2212 cognoscite.
1735 2135 1948 2199 Recita
1980 2137 2045 2195 L.
2076 2137 2228 2196 Luc—

144 2219 263 2280 ceii
307 2217 742 2280 testimonium.
844 2219 998 2293 Quid
1044 2220 1421 2295 exspectatis
1460 2221 1770 2297 amplius?
1832 2238 1910 2280 an
1963 2220 2229 2296 aliquam

150 2319 369 2365 vocem
405 2302 627 2378 putatis
673 2301 872 2377 ipsam
916 2321 1027 2379 pro
1061 2321 1132 2364 se
1162 2320 1413 2364 causam
1443 2312 1503 2365 et
1533 2304 1847 2366 veritatem
1883 2320 2073 2380 posse
2099 2302 2230 2363 mit·

149 2397 278 2447 tere
305 2393 336 2445 2
373 2387 543 2446 Haec
568 2393 664 2446 est
689 2385 1074 2448 innocentiae
1103 2388 1405 2460 defensio,
1439 2388 1592 2449 haec
1623 2387 1819 2463 ipsius
1845 2404 2071 2448 causae
2098 2403 2231 2448 ora-

146 2470 264 2542 tio,
306 2470 458 2531 haec
502 2487 625 2530 una
654 2486 778 2530 vox
812 2469 1102 2531 veritatis.
1190 2472 1255 2530 In
1309 2471 1562 2532 crimine
1592 2471 1729 2547 ipso
1765 2472 1930 2531 nulla
1969 2467 2231 2546 suspitio

148 2562 273 2626 est,
305 2554 361 2613 in
396 2570 465 2614 re
503 2552 649 2613 nihil
681 2562 776 2614 est
806 2553 1175 2629 argumenti:
1219 2554 1280 2614 in
1338 2556 1617 2630 negotio,
1664 2555 1833 2630 quod
1861 2563 2060 2616 actum
2090 2568 2234 2614 esse

142 2637 396 2711 dicitur,
426 2638 654 2698 nullum
688 2636 1009 2713 vestigium
1033 2638 1356 2713 sermoniS,
1385 2638 1534 2710 loci,
1569 2638 1889 2714 temporis=
1939 2654 2117 2699 nemo
2147 2645 2232 2697 te-

148 2720 280 2794 stis,
313 2738 490 2782 nemo
516 2720 808 2783 conscius
832 2722 1201 2783 nominatum
1235 2730 1423 2788 totum
1449 2721 1674 2783 crimen
1702 2724 2005 2796 profertur
2024 2738 2100 2781 ex
2126 2718 2233 2781 ini·

148 2804 324 2877 mica,
353 2820 432 2864 ex
454 2803 682 2877 infami,
707 2822 788 2866 ex
811 2806 1063 2878 crudeli,
1088 2822 1167 2866 ex
1193 2804 1559 2877 facinerosa,
1584 2822 1662 2866 ex
1680 2805 2005 2866 libidinosa
2020 2806 2234 2865 domo=

147 2888 373 2948 ‹lomus
403 2894 604 2948 autem
640 2887 760 2962 illa,
794 2906 954 2964 quae
983 2895 1274 2965 temptata
1300 2906 1444 2951 esse
1472 2891 1708 2951 scelere
1735 2889 1851 2951 isto
1884 2888 2117 2951 nefario
2149 2886 2236 2948 di·

149 2970 324 3045 citur,
343 2973 523 3046 plena
556 2972 1041 3048 estintegritatiS,
1060 2972 1388 3049 dignitatiS,
1416 2974 1634 3048 officii,
1660 2972 2100 3050 religioniszex
2116 2988 2239 3048 qua

148 3056 335 3115 domo
368 3055 656 3117 recitatur
687 3056 862 3117 vobis
893 3056 1023 3119 iure
1054 3058 1308 3118 iurando
1335 3057 1619 3119 devincta
1647 3057 2009 3119 auetoritas=
2040 3065 2108 3117 ut
2137 3066 2239 3116 res

151 3138 394 3199 minime
441 3139 770 3201 dubitanda
817 3139 877 3201 in
909 3140 1301 3203 contentione
1344 3150 1632 3216 ponatur,
1673 3148 1872 3203 utrum
1903 3141 2241 3213 temeraria,

154 3236 418 3295 procaX,
464 3222 616 3284 irata
653 3223 869 3285 mulier
896 3224 1155 3285 finxisse
1183 3223 1410 3285 crimen
1442 3242 1517 3285 an
1550 3226 1786 3301 gravis,
1831 3223 2083 3300 sapiens
2112 3240 2237 3285 mo·

150 3305 527 3381 deratusque
558 3306 652 3367 vir
679 3306 965 3383 religiose
994 3308 1402 3369 testimonium
1432 3308 1668 3370 dixisse
1703 3309 1996 3371 videatur.

272 3388 626 3466 XX111.·56.
674 3390 997 3467 Reliquum
1031 3401 1127 3454 est
1154 3392 1333 3469 igitur
1355 3393 1580 3455 crimen
1631 3394 1708 3453 de
1754 3408 2024 3453 veneno=
2069 3390 2246 3453 cuius

149 3489 503 3550 ego-neque
549 3473 909 3551 principium
943 3476 1213 3538 invenire
1255 3494 1460 3554 neque
1499 3478 1787 3539 evolvere
1828 3475 2055 3538 exitum
2104 3492 2250 3551 pos·
