2514 3928
107 183 217 220 xxx
575 165 961 218 PROOEMHJM
994 164 1325 232 anmoins
1363 126 1711 216 snouNoAE

99 311 406 362 nostrorum,
456 317 607 366 quem
652 294 750 366 eg'o
797 310 1002 352 secutus
1045 316 1176 352 sum.
1245 300 1416 366 Vulgo
1463 301 1720 366 legebatur
1762 304 1858 352 mei
1883 303 2077 366 [ratris
2109 319 2201 355 re-

99 387 304 437 rumque
329 376 630 423 nostrarum.
690 369 737 430 §-
767 371 877 419 145.
914 370 967 418 in
1004 367 1115 418 loco
1140 368 1313 418 multis
1349 368 1516 417 modis
1556 377 1798 432 temptato
1837 383 1970 418 nunc
2004 372 2193 436 scripsi

101 445 241 488 certe
276 438 618 500 defenderam·
691 434 832 485 Coni.
879 451 923 485 c.
959 437 1041 487 67.
1087 436 1134 496 §-
1170 435 1285 484 141.
1358 435 1411 483 ln
1456 433 1568 484 cod.
1614 433 1845 484 Parisino
1899 445 1979 486 est
2022 446 2190 488 cerea-

99 505 212 556 deie
256 510 513 563 texeram,
560 503 652 553 sed
696 504 746 552 ie
791 513 1126 567 expunctum,
1172 502 1224 551 in
1271 502 1385 551 cod.
1432 500 1782 553 Gemblacensi
1828 501 2014 566 legitur
2046 511 2200 556 certo

100 573 423 634 detexeram,
469 570 520 619 in
568 569 716 620 codd.
761 569 1094 619 deterioribus
1137 567 1241 618 rere
1291 578 1367 619 est
1417 575 1557 618 certe
1601 574 1847 618 texeram.
1919 567 2058 628 Quae
2093 571 2193 620 alia

100 637 256 687 multa
290 638 439 687 ceteri
473 636 633 687 critici
668 646 1063 702 proposuerunt,
1105 644 1261 685 taceo.
1332 635 1453 684 Mox
1489 635 1538 696 ἓ.
1575 636 1688 686 146.
1723 637 2021 700 ingemescet
2054 647 2133 687 est
2164 653 2203 688 e·

102 705 249 759 codd.
293 703 526 754 Parisino
570 715 619 753 et
663 703 1013 753 Gemblacensi
1057 718 1087 752 a
1132 717 1210 767 pr.
1259 717 1325 752 m.
1397 701 1529 752 Olim
1581 703 1870 766 inqemiscet
1911 701 2189 768 legebatur.

105 770 181 820 Ex
217 771 399 822 iisdem
433 771 572 821 libris
609 785 672 819 ae
702 772 873 834 patris
908 771 1153 834 scriptum
1189 780 1268 818 est
1300 783 1394 834 pro
1431 769 1641 833 vulgato
1678 774 1731 818 et
1759 771 1950 832 patris.

240 838 406 889 Etiam
441 838 493 887 in
529 836 927 902 interrogatione
959 838 1011 886 in
1043 837 1107 888 P.
1153 835 1424 896 Vatinium,
1451 850 1583 897 quae
1618 836 1762 898 quasi
1795 836 2193 887 additamentum

103 915 181 955 est
217 905 466 955 orationis
503 902 796 962 Sestianae,
833 903 1006 953 eadem
1045 902 1348 952 emendandi
1395 903 1523 951 ratio
1572 903 1843 952 obtinenda
1890 901 2010 962 fuit,
2061 918 2194 967 quae

100 970 172 1020 illi
222 971 440 1020 orationi
474 985 505 1020 a
552 970 699 1019 nobis
734 969 960 1019 adhibita
996 977 1089 1028 est,
1127 977 1176 1017 et
1209 968 1335 1019 illud
1371 970 1522 1018 etiam
1557 969 1610 1017 in
1655 967 1751 1018 hac
1786 970 2015 1019 oratione
2047 970 2202 1021 facile

103 1037 430 1102 intelligitur,
486 1037 712 1086 codicem
756 1035 1039 1086 Parisinum
1086 1037 1234 1086 ⁷⁷91.
1289 1037 1522 1097 quamvis
1568 1035 1841 1100 optimum,
1889 1045 2053 1086 tamen
2089 1052 2194 1087 non

102 1103 308 1155 unicum
351 1118 466 1153 esse
508 1103 775 1153 verborum
822 1103 1268 1154 Ciceronianorum
1313 1101 1531 1161 fontem,
1580 1117 1733 1164 quam
1788 1103 2079 1168 opinionem
2133 1102 2192 1154 O.

105 1170 331 1220 Halmius
369 1170 489 1219 olim
527 1178 774 1233 sequutus
811 1179 932 1219 erat.
1004 1167 1117 1219 Non
1164 1168 1323 1218 multa
1368 1179 1535 1219 autem
1580 1179 1725 1229 sunt,
1771 1184 1901 1232 quae
1934 1169 2017 1219 hic
2051 1183 2190 1219 com-

104 1238 428 1288 memoranda
481 1253 597 1288 esse
648 1238 926 1288 videantur.
997 1235 1062 1286 Et
1111 1250 1224 1301 cap.
1276 1236 1480 1298 quidem
1538 1238 1583 1286 1.
1646 1237 1694 1297 §-
1742 1238 1786 1286 1.
1846 1243 1932 1286 aul
1984 1239 2057 1287 ita
2108 1253 2193 1289 ro·

99 1305 316 1370 qaudam
358 1319 493 1354 nunc
536 1319 602 1354 ex
644 1305 825 1355 ceteris
860 1303 1003 1354 libris
1040 1303 1276 1368 reposui,
1324 1316 1634 1365 quamquam
1669 1304 1783 1353 cod.
1818 1304 2083 1355 Parisinus
2119 1306 2203 1355 ita

101 1372 302 1422 omittit.
371 1371 547 1422 Paullo
630 1381 713 1423 ost
755 1370 950 1421 Halmio
1004 1380 1211 1420 auctore
1259 1371 1693 1436 intemperantior
1744 1384 1837 1435 pro
1890 1372 2194 1435 intempera-

100 1439 203 1490 tior
236 1439 497 1504 rescripsi.
609 1455 693 1504 ap.
719 1441 768 1489 2.
804 1439 852 1498 §-
877 1439 925 1489 6.
986 1437 1068 1487 Ao
1105 1443 1267 1487 tamen
1301 1440 1396 1502 pro
1434 1437 1510 1486 Ac
1544 1444 1707 1487 tamen
1742 1452 1769 1486 e
1803 1437 1917 1487 cod.
1959 1437 2192 1488 Parisino

102 1519 179 1570 pr.
216 1521 283 1555 m.
321 1507 513 1572 accepi.
583 1505 707 1571 Cap.
733 1508 781 1555 3.
820 1505 869 1565 ἓ.
928 1504 1101 1553 eadem
1139 1518 1236 1569 ego
1274 1505 1458 1569 scripsi
1493 1504 1808 1567 respondebo
1852 1519 1966 1553 cnm
2012 1506 2193 1556 ceteris

99 1571 260 1633 libris,
298 1586 606 1636 quamquam
640 1571 754 1621 cod.
791 1571 1051 1620 Parisinus
1087 1572 1376 1635 respondeo
1412 1569 1581 1621 habet.
1619 1571 1937 1635 respondebo
1974 1571 2091 1621 olim
2116 1574 2191 1622 ita

99 1640 344 1704 scriptum
387 1639 550 1689 fuisse
591 1638 815 1697 videtur,
866 1646 921 1687 nt
963 1652 995 1688 o
1040 1636 1234 1687 litterae
1268 1637 1299 1687 b
1334 1637 1727 1697 inhaeresceret,
1780 1652 1883 1700 qua
1937 1654 1988 1688 re
2039 1638 2194 1689 etiam

101 1704 216 1755 aliis
250 1704 379 1756 locis
424 1719 581 1770 saepe
623 1703 813 1753 sactum
857 1713 959 1764 est,
1009 1714 1063 1752 ut
1095 1703 1318 1768 Tempus
1355 1704 1579 1755 futurum
1614 1719 1728 1753 cum
1763 1705 2013 1770 Tempore
2045 1720 2195 1770 prae-

102 1772 234 1821 senti
269 1778 677 1822 commutaretur.
751 1768 877 1836 Cap.
903 1772 952 1822 ὅ.
989 1770 1038 1831 β.
1067 1772 1146 1820 12.
1196 1771 1575 1822 Mauretaniam
1608 1787 1637 1820 e
1670 1773 1784 1821 cod.
1821 1771 2056 1822 Parisino
2097 1787 2197 1839 pro

99 1836 463 1888 Mam-itaniam
506 1837 667 1896 edidi,
713 1836 764 1886 in
810 1853 912 1899 quo
957 1838 1201 1902 scriptum
1244 1848 1322 1887 est
1365 1839 1727 1888 mauretiniam.
1800 1837 1998 1888 Etenim
2043 1841 2193 1889 etiam

99 1907 156 1956 in
192 1905 611 1992 inscriptionibus
650 1903 842 1954 Latinis
880 1904 986 1955 fere
1019 1903 1489 1968 MAVRETANIA,
1537 1919 1636 1955 non
1671 1903 2087 1955 MAVRITANJA
2122 1905 2194 1956 le·

102 1973 269 2089 gitur.
341 1974 465 2037 bap.
499 1973 548 2023 8.
596 1972 647 2035 §-
687 1974 764 2023 19.
821 1987 953 2022 nunc
1004 1971 1187 2038 scripsi
1236 1974 1365 2023 illud
1413 1974 1561 2023 etiam
1604 1988 1634 2022 e
1674 1973 1824 2022 codd.
1868 1973 2099 2024 Parisino
2146 1984 2198 2026 et

147 2038 451 2089 emblacensi
487 2054 581 2104 pro
619 2038 824 2104 vulgato
861 2042 1011 2092 etiam
1043 2040 1183 2102 illud,
1221 2049 1271 2090 et
1304 2038 1479 2104 paullo
1516 2048 1640 2105 post
1673 2054 1806 2088 nunc
1842 2055 1869 2089 e
1902 2041 2017 2091 cod.
2043 2039 2196 2091 Gem-

102 2104 324 2156 blacensi
359 2106 522 2157 edidi:
583 2121 654 2157 ea>
687 2108 944 2158 desiderio
979 2107 1247 2157 clarissimi
1291 2114 1343 2155 et
1383 2107 1651 2169 fortissimi
1681 2107 1819 2158 civis.
1889 2105 2015 2156 Nam
2050 2108 2191 2171 quod

102 2170 330 2223 Halmius
375 2183 586 2238 propter
634 2174 745 2223 cod.
799 2173 1015 2236 Parisini
1069 2175 1440 2224 auctoritatem·
1471 2180 1523 2223 et
1567 2174 1839 2235 fortissimi
1888 2174 2086 2235 omisit,
2140 2175 2195 2224 id

101 2253 299 2288 summa
334 2240 519 2289 iniuria
552 2239 740 2308 factum
774 2250 868 2290 est.
940 2240 1104 2290 Facile
1137 2239 1272 2290 enim
1307 2240 1361 2289 in
1396 2240 1482 2290 illo
1520 2240 1647 2290 libro
1679 2248 1731 2291 et
1768 2241 2037 2304 fortissimi
2069 2255 2191 2307 pro-

100 2313 216 2371 pter
250 2308 416 2355 exitus
452 2306 833 2357 similitudinem
869 2305 1030 2357 omitti
1067 2308 1251 2372 potuit,
1290 2307 1465 2357 eodem
1504 2307 1653 2357 modo
1699 2321 1802 2370 quo
1848 2308 1998 2357 etiam
2035 2322 2195 2375 supra
2239 2343 2244 2346 -

102 2387 143 2420 c.
170 2374 219 2424 8.
258 2373 307 2436 ξ.
338 2374 416 2423 12.
451 2374 674 2439 scriptor
717 2374 853 2423 illins
897 2372 1011 2423 libri
1054 2375 1108 2423 in
1153 2373 1321 2424 verbis
1358 2374 1437 2423 his
1474 2389 1503 2424 e
1538 2375 1656 2425 navi
1688 2375 1993 2439 eyredientis
2025 2380 2191 2426 terre·

98 2452 201 2497 res.
236 2441 620 2506 conmendeneis
652 2455 929 2500 mor-arere,
967 2441 1106 2502 quod
1141 2442 1251 2492 eius
1291 2440 1467 2491 oculus
1505 2455 1536 2490 a
1568 2440 1724 2491 verbo
1749 2442 2079 2507 ingredientis
2101 2442 2190 2490 ab·

100 2506 286 2556 erravit
327 2507 377 2555 in
423 2507 625 2559 ultimas
671 2508 860 2558 litteras
908 2508 1046 2556 verbi
1091 2509 1475 2559 conscendentis
1519 2516 1568 2557 et
1613 2514 1839 2559 terreres
1874 2517 1922 2558 et
1953 2523 2194 2559 conscen-

101 2573 268 2625 dentis
302 2574 498 2636 omisit,
546 2589 679 2638 quae
714 2575 866 2626 verba
901 2583 1034 2624 recte
1067 2574 1223 2624 altera
1260 2589 1439 2624 manus
1476 2589 1504 2623 e
1537 2573 1694 2634 libro,
1734 2585 1787 2624 ut
1820 2586 2063 2640 apparet,
2110 2590 2196 2625 ac·

100 2641 325 2693 curatius
361 2643 552 2709 scripto
588 2640 856 2693 revocavit.
928 2640 1052 2707 Cap.
1093 2643 1171 2696 11.
1218 2643 1267 2703 §-
1299 2643 1381 2691 21.
1418 2641 1617 2692 vincula
1652 2655 1745 2708 pro
1781 2642 1944 2692 vincla
1978 2657 2006 2691 ε
2040 2642 2194 2693 codd.

101 2705 332 2758 Parisino
378 2718 428 2759 et
469 2709 822 2759 Gemblacensi
865 2709 1076 2774 reposui
1121 2718 1272 2771 atque
1316 2708 1414 2757 hoc
1446 2721 1787 2758 commemoro
1823 2708 2044 2759 fortasse
2077 2708 2194 2759 aliis

101 2787 305 2837 quoque
349 2773 472 2825 locis
518 2777 618 2825 iam
665 2776 994 2827 obtinendum
1039 2774 1229 2839 fuisse,
1277 2775 1517 2837 quoniam
1563 2786 1773 2842 propter
1816 2776 2196 2841 compendium,

100 2854 202 2902 quo
248 2842 343 2891 scri
387 2853 438 2891 ta
484 2856 586 2891 vox
631 2853 763 2900 erat,
819 2856 975 2907 saepe
1018 2843 1224 2893 vinclum
1269 2855 1361 2907 pro
1413 2842 1653 2892 vinculum
1703 2843 1895 2892 editum
1942 2843 2192 2899 videmus.

102 2903 227 2971 Cap.
253 2908 303 2958 8.
382 2944 393 2957 .
420 2910 501 2959 23.
539 2910 639 2958 iam
676 2910 859 2973 scripsi
894 2925 994 2959 non
1025 2905 1247 2991 [modoJ.
1319 2907 1448 2958 Nam
1483 2910 1577 2958 etsi
1614 2925 1712 2960 non
1747 2909 1817 2959 ibi
1849 2908 1966 2958 ferri
2001 2919 2196 2975 potest,

102 2984 266 3023 tamen
309 2973 459 3024 facile
501 2984 623 3039 post
664 2968 698 3025 it
745 2976 980 3026 excidere
1020 2992 1066 3025 m
1113 2976 1295 3041 potuit.
1367 2975 1540 3025 Paullo
1577 2986 1697 3041 post
1735 2976 2194 3041 interpunctionem

96 3053 214 3090 cum
248 3042 426 3091 ceteris
463 3041 648 3091 criticis
684 3042 876 3092 mutavi
911 3052 960 3092 et
993 3051 1114 3108 post
1147 3057 1397 3093 conarere
1439 3044 1681 3092 maiorem
1735 3044 2195 3108 interpunctionem

99 3107 303 3160 sustuli.
374 3107 496 3173 Cap.
536 3110 617 3158 12.
654 3109 702 3170 §-
727 3111 809 3161 30.
847 3108 949 3158 iam
984 3109 1150 3161 nullae
1180 3110 1381 3173 fuerint
1413 3110 1599 3175 scripsi
1634 3123 1727 3175 pro
1765 3110 1931 3161 nullae
1962 3112 2194 3173 suerunt,

101 3174 195 3224 etsi
239 3172 338 3224 hoc
380 3174 495 3225 libri
539 3188 715 3227 omnes
761 3176 1002 3230 obtinent.
1074 3175 1198 3242 Cap.
1234 3178 1314 3227 13.
1349 3177 1396 3237 §-
1422 3178 1504 3227 Ἦ.
1541 3176 1753 3227 balineis
1794 3191 1889 3242 pro
1933 3176 2129 3228 balneis
2163 3192 2197 3227 e

78 3239 249 3291 codd.
281 3241 513 3291 Parisino
550 3251 599 3291 et
630 3242 980 3293 Gemblacensi
1003 3251 1097 3293 est.
1156 3243 1279 3292 Mox
1312 3243 1367 3297 G.
1398 3239 1582 3295 Fibulo
1606 3260 1633 3293 e
1675 3244 1788 3295 cod.
1833 3244 2063 3295 Parisino
2095 3257 2194 3309 pro

98 3305 157 3360 0.
194 3306 377 3359 Fidulo
408 3322 522 3356 cum
557 3310 739 3360 ceteris
775 3309 1239 3375 criticis‘rescripsi
1274 3320 1324 3360 et
1362 3309 1410 3375 9.
1436 3311 1519 3362 32.
1562 3315 1708 3361 tanta
1743 3318 1794 3363 te
1827 3325 1922 3377 pro
1958 3316 2011 3361 te
2046 3317 2195 3362 tanta
