2514 3928
223 193 344 256 118
621 191 769 254 PRo
802 192 868 250 L.
907 188 1285 252 comiaclo
1313 145 1569 248 BALBO
1602 183 1908 247 ORA'no.
2228 193 2304 244 20

223 345 338 406 iius
368 345 427 405 in
461 343 664 405 delicti
696 343 922 404 crimen
967 348 1312 402 vocaretur.
1399 340 1530 400 Non
1574 337 1736 399 enim
1771 339 2004 399 furatus
2036 353 2179 398 esse
2216 335 2303 396 ci·

219 431 482 502 vitatem,
515 445 636 489 non
665 444 863 504 genus
893 443 1070 487 suum
1101 423 1456 496 ementituS,
1487 440 1607 486 non
1639 423 1698 483 in
1729 424 1935 499 aliquo
1966 419 2306 497 impudenti

218 511 539 572 mendacio
577 510 915 584 delituisse,
943 526 1066 570 non
1098 506 1430 584 irrepsisse
1458 507 1520 567 in
1546 523 1799 569 censum
1826 506 2074 568 dicitur=
2114 521 2307 566 unum

220 595 519 669 obiicitur,
548 604 752 656 natum
789 611 932 657 esse
963 592 1270 654 Gadibusz
1344 591 1513 667 quod
1550 597 1735 665 negat
1781 603 1983 648 nemo.
2084 585 2304 648 Cetera

220 688 547 742 accusator
587 682 821 750 fatetur,
849 679 1011 739 hunc
1056 676 1115 736 in
1149 675 1448 751 Hispania
1492 673 1821 736 durissimo
1863 675 2025 735 bello
2058 689 2195 734 cum
2232 673 2306 746 Q.

219 765 497 839 Metello,
544 780 679 824 cum
714 763 775 824 C.
807 761 1092 822 Memmio
1136 769 1197 821 et
1236 759 1298 819 in
1342 762 1546 820 classe
1582 767 1643 820 et
1680 757 1739 819 iu
1773 758 2046 820 exercitu
2077 756 2305 817 fuisse=

221 857 287 910 ut
326 847 660 923 Pompeius
720 848 778 906 in
823 844 1185 922 Hispaniam
1242 842 1476 904 venerit
1542 843 2017 918 Memmiumque
2074 841 2306 901 habere

224 940 612 1008 quaestorem
646 929 947 1007 coeperit,
980 944 1314 1005 numquam
1342 944 1381 987 a
1408 926 1693 988 Memmio
1725 925 2117 998 discessisse,
2150 925 2303 986 Kar-

225 1016 468 1091 thagine
498 1031 641 1075 esse
675 1016 1034 1088 obsessum,
1083 1010 1395 1072 acerrimis
1442 1010 1561 1072 illis
1607 1010 1857 1087 proeliis
1905 1018 1992 1071 et
1989 1007 2302 1079 maximiS‚

223 1057 597 1161 Sucronensi
630 1107 690 1159 et
716 1096 1026 1173 Turiensi,
1061 1095 1445 1169 interfuisse,
1488 1111 1624 1157 cum
1652 1095 1964 1171 Pompeio
1997 1093 2076 1154 ad
2104 1100 2305 1154 extre·

222 1201 385 1244 mum
428 1183 572 1243 belli
616 1191 856 1259 tempus
900 1180 1113 1243 fuisse.
1210 1179 1272 1240 6.
1314 1182 1482 1241 Haec
1528 1188 1673 1242 sunt
1711 1177 1961 1255 propria
2008 1175 2303 1239 Cornelii=

222 1267 358 1328 talis
402 1266 461 1327 in
494 1284 622 1327 rem
654 1267 958 1343 publicam
993 1274 1265 1327 nostram
1311 1265 1514 1339 labor,
1558 1263 1931 1336 adsiduitas,
1974 1259 2301 1335 dimicatio,

223 1352 413 1413 virtus
459 1353 641 1427 digna
685 1368 922 1413 summo
965 1350 1362 1427 imperatore,
1419 1365 1567 1424 spes
1621 1365 1733 1424 pro
1788 1345 2077 1423 periculis
2124 1361 2302 1422 prae-

222 1437 500 1497 miorum.
585 1435 860 1496 Praemia
904 1435 1150 1512 quidem
1177 1433 1333 1531 ’ipsa
1372 1450 1496 1494 non
1527 1431 1762 1494 suntin
1792 1430 1926 1493 eius
1959 1431 2148 1503 sacto,
2197 1426 2303 1505 qui

222 1522 484 1596 adeptus
516 1528 629 1593 est,
659 1521 768 1580 sed
808 1523 866 1580 in
903 1519 1057 1591 eius,
1091 1517 1196 1594 qui
1220 1515 1406 1578 dedit.
1457 1517 1557 1576 111.
1588 1518 1862 1578 Donatus
1894 1523 1989 1576 est
2012 1514 2192 1592 igitur
2221 1513 2302 1574 ob

222 1621 330 1664 eas
367 1620 589 1665 causas
621 1620 658 1663 a
692 1603 797 1663 Cn.
827 1601 1120 1698 Pompeio
1153 1599 1416 1661 civitate
1497 1601 1567 1660 ld
1596 1608 1922 1662 accusator
1951 1615 2073 1660 non
2099 1604 2297 1674 negat,

223 1689 336 1749 sed
369 1686 777 1764 reprehendit,
809 1694 876 1746 ut
905 1685 962 1744 in
996 1683 1277 1745 Cornelio
1310 1700 1501 1745 causa
1528 1683 1728 1761 ipsius
1758 1685 2067 1782 probetur,
2098 1697 2302 1759 poena

224 1780 568 1847 quaeratur,
613 1770 674 1830 in
703 1769 994 1846 Pompeio
1032 1784 1222 1828 causa
1251 1770 1542 1842 laedatur,
1599 1786 1803 1846 poena
1845 1768 1925 1828 sit
1964 1768 2132 1826 nulla
2181 1763 2298 1826 nisi

224 1856 454 1915 famae:
508 1853 599 1914 sic
633 1852 1122 1915 innocentissimi
1153 1851 1419 1914 hominis
1450 1853 1757 1925 fortunas,
1792 1847 2301 1928 praestantissimi

223 1934 609 2013 imperatoris
654 1939 878 1999 factum
923 1935 1319 1999 condemnari
1358 1939 1601 1999 volunt.¹
1687 1938 1849 2012 Ergo
1904 1935 1966 1996 in
2010 1931 2301 1996 iudicium

224 2032 408 2097 caput
455 2023 744 2093 Cornelii,
793 2024 1014 2084 factum
1053 2020 1328 2096 Pompeii
1372 2030 1655 2082 vocatur.·
1728 2022 1905 2081 Hunc
1941 2018 2099 2079 enim
2132 2016 2192 2077 in
2224 2032 2301 2077 ea

223 2106 483 2179 civitate,
513 2106 573 2166 in
611 2124 732 2181 qua
768 2106 847 2168 sit
874 2115 1072 2180 natuS,
1101 2105 1537 2167 honestissimo
1567 2106 1706 2168 loco
1738 2113 1943 2165 natum
1978 2118 2122 2164 esse
2153 2117 2297 2161 con-

221 2191 392 2251 cedis
423 2198 484 2250 et
516 2192 593 2251 ab
630 2192 874 2252 ineunte
905 2198 1104 2251 aetate
1137 2188 1365 2250 relictis
1394 2190 1580 2251 rebus
1612 2188 1742 2251 suis
1766 2188 2067 2260 omnibus,
2100 2187 2159 2245 in
2191 2200 2299 2245 no·

221 2274 363 2334 stris
392 2274 587 2346 bottis,
620 2275 846 2336 nostris
881 2290 1016 2335 cum
1048 2272 1519 2348 imperatoribus
1547 2289 1691 2335 esse
1717 2280 2041 2346 versatum,
2072 2267 2299 2329 nullius

222 2358 481 2433 laboris,
512 2359 732 2419 nullius
767 2357 1185 2429 obsessioniS,
1230 2358 1457 2418 nullius
1489 2355 1709 2433 proelii
1740 2362 2052 2432 expertem
2084 2352 2299 2413 fuisse.

219 2443 386 2502 Haec
431 2450 574 2503 sunt
615 2442 819 2505 omnia
865 2457 1050 2515 quum
1103 2442 1287 2516 plena
1330 2441 1530 2502 laudis
1576 2450 1696 2503 tum
1736 2438 1987 2517 propria
2017 2434 2300 2508 Cornelii,

221 2541 336 2585 nec
365 2526 427 2585 in
484 2525 558 2589 iis
587 2527 774 2587 rebus
802 2525 1029 2602 crimen
1064 2533 1160 2586 est
1187 2526 1395 2587 ullum.
1452 2522 1512 2588 7.
1544 2525 1665 2587 Ubi
1695 2524 1875 2600 igitur
1903 2531 1999 2584 est
2028 2520 2302 2584 crimen?

219 2642 301 2652 --
327 2611 507 2684 Quod
538 2628 675 2671 eum
700 2608 1029 2685 Pompeius
1055 2608 1298 2671 civitate
1327 2609 1595 2671 donavit.
1622 2642 1709 2654 -
1729 2607 2009 2668 Huiusne
2032 2603 2302 2666 crimen?

218 2694 482 2769 Minime,
521 2695 639 2756 nisi
671 2695 872 2755 honos
903 2692 1234 2769 ignominia
1266 2694 1538 2769 putanda
1568 2700 1681 2754 est.
1742 2692 1926 2753 Cuius
1956 2689 2178 2765 igitur?
2206 2688 2299 2747 Re

216 2794 365 2837 vera
407 2780 658 2841 nultius:
702 2776 945 2841 actione
987 2776 1369 2840 accusatoris
1444 2776 1578 2838 eius
1615 2775 1828 2848 unius,
1875 2774 1982 2850 qui
2024 2769 2299 2833 donavit.

217 2860 332 2935 Qui
363 2861 741 2924 si·adductus
774 2860 968 2938 gratia
1000 2861 1200 2922 minus
1231 2861 1520 2922 idoneum
1548 2859 1855 2921 hominem
1885 2855 2157 2934 praemio
2191 2853 2300 2913 ad-

215 2943 496 3018 fecisset,
535 2947 677 3021 quin
713 2946 893 3007 etiam
925 2947 977 3008 si
1006 2946 1203 3007 virum
1236 2946 1494 3020 bonum,
1538 2945 1653 3005 sed
1699 2959 1821 3006 non
1862 2941 1945 3003 ita
1992 2939 2298 3002 meritum=

216 3028 271 3089 si
298 2990 567 3104 deniq'ue
591 3029 823 3104 aliquid
856 3047 978 3091 non
1012 3039 1223 3092 contra
1251 3044 1325 3089 ac
1354 3028 1565 3090 liceret
1591 3030 1812 3089 factum
1835 3026 2153 3098 diceretur,
2186 3022 2298 3083 sed

216 3122 431 3175 contra
473 3121 658 3190 atque
695 3122 1036 3189 oporteret,
1068 3123 1268 3175 tamen
1300 3122 1467 3174 esset
1497 3112 1696 3173 omnis
1732 3112 1866 3172 eius
1896 3109 2065 3171 modi
2090 3122 2299 3183 repre·

218 3199 433 3259 hensio
469 3214 507 3257 a
535 3197 732 3270 vobiS,
760 3196 1019 3271 iudiceS‚
1051 3196 1454 3273 repudianda.
1540 3196 1600 3258 8.
1640 3196 1813 3257 Nunc
1842 3210 1991 3255 vero
2030 3191 2176 3267 quid
2208 3188 2299 3248 di-

216 3281 415 3342 citur?
448 3281 597 3357 quid
622 3280 707 3342 ait
735 3289 1104 3343 accusator?
1148 3280 1374 3342 fecisse
1406 3279 1763 3356 Pompeium
1810 3278 1978 3355 quod
2003 3275 2060 3337 ei
2094 3278 2299 3336 facere

220 3383 338 3428 non
372 3365 650 3427 licuerit?
699 3366 864 3441 quod
894 3365 1142 3440 gravius
1173 3372 1295 3438 est,
1332 3382 1535 3439 quarn,
1564 3363 1617 3424 si
1650 3363 1710 3424 id
1742 3365 1965 3423 factum
1995 3360 2073 3420 ab
2103 3375 2178 3418 co
2210 3356 2294 3416 di·

220 3460 412 3526 ceret,
461 3450 629 3526 quod
677 3467 799 3509 non
845 3447 1238 3525 oportuisset.
1325 3448 1437 3511 Est
1481 3449 1641 3508 enim
1684 3444 1916 3522 aliquid
1964 3444 2132 3521 quod
2175 3456 2299 3500 non
