2514 3928
339 301 469 367 ³50
619 303 699 361 IN
731 301 813 361 Μ.
849 299 1253 362 ANTONIUM
1284 297 1570 359 ORATIO
1598 297 2025 359 PHILIPPICA
2050 298 2149 357 111.
2361 308 2440 361 52

341 471 447 517 sar
488 452 785 515 liberavit.
864 452 977 526 Qui
1023 450 1143 512 nisi
1179 451 1248 526 ‚in
1291 450 1408 510 hac
1451 466 1519 510 re
1564 448 1810 527 publica
1839 443 2019 511 natus
2051 455 2247 522 esset,
2293 466 2439 510 rem

340 535 649 615 publicam
693 536 930 596 scelere
955 534 1206 596 Antonii
1243 535 1468 595 nullam
1501 534 1886 595 haberemus
1957 532 2060 594 Sic
2092 531 2254 594 enim
2287 549 2436 609 per-

342 619 574 697 spicio,-
618 619 709 680 sic
750 618 991 692 iudico,
1031 618 1149 680 nisi
1189 633 1352 679 unns
1394 618 1763 678 adolescens
1809 615 1973 678 illius
2016 618 2271 679 furentis
2317 615 2435 676 im-

339 714 519 782 petus
565 701 1151 779 crudelissimosque
1195 709 1453 763 conatus
1494 700 1904 773 cohibuisset,
1947 716 2073 760 rem
2115 700 2436 777 publicam

338 787 612 850 funditus
642 787 1015 848 interituram
1045 785 1259 847 ruisse.
1306 784 1414 847 Cui
1445 784 1690 860 quidem
1720 784 2019 846 hodierno
2051 785 2178 854 die,
2219 792 2436 861 patres

339 869 675 946 conscripti
715 905 800 918 —-
839 885 1000 932 nunc
1044 869 1202 929 enim
1247 869 1505 944 primum
1545 868 1629 930 ita
1669 865 2099 950 convenimus,
2154 876 2219 929 ut
2258 867 2434 930 illius

337 955 640 1018 beneficio
680 953 1012 1029 possemus
1061 969 1162 1025 ea,
1209 969 1369 1029 quae
1411 952 1808 1028 sentiremus,
1854 952 2045 1013 libere
2075 950 2283 1012 dicere
2312 985 2426 1028 ——,

338 1039 661 1102 tribuenda
706 1048 803 1098 est
845 1037 1204 1110 auctoritas,
1260 1045 1327 1098 ut
1365 1053 1492 1096 rem
1532 1036 1840 1111 publicam
1877 1052 1999 1097 non
2040 1035 2225 1097 modo
2272 1052 2315 1095 a
2354 1052 2434 1100 se

339 1130 709 1197 susceptam,
738 1121 852 1182 sed
874 1120 1052 1182 etiam
1077 1136 1114 1180 a
1136 1120 1319 1181 nobis
1345 1120 1828 1182 commendatam
1851 1119 2054 1195 possit
2065 1118 2426 1182 defendere.

463 1206 566 1265 111.
605 1205 665 1267 6.
708 1204 836 1265 Nec
871 1220 1017 1264 vero
1043 1205 1121 1264 de
1147 1204 1390 1280 legione
1418 1203 1659 1277 Martia,
1702 1204 1991 1279 quoniam
2027 1205 2209 1278 longo
2239 1203 2432 1264 inter-

339 1290 502 1352 vallo
544 1288 714 1364 loqui
760 1286 940 1366 nobis
987 1287 1066 1348 de
1106 1305 1171 1349 re
1218 1287 1466 1363 publica
1509 1288 1679 1362 licet,
1739 1285 1907 1350 sileri
1957 1295 2181 1363 potest.
2273 1286 2427 1361 Quis

337 1374 500 1435 enim
548 1389 707 1434 unus
754 1370 999 1442 fortior,
1055 1373 1193 1447 quis
1236 1373 1490 1432 amicior
1528 1387 1815 1447 umquam
1857 1372 1945 1432 rei
1994 1369 2279 1446 publicae
2315 1372 2431 1433 suit

340 1474 520 1534 quam
578 1456 739 1531 legio
782 1454 999 1516 Martia
1050 1454 1383 1517 universa?
1446 1455 1615 1529 Quae
1669 1471 1855 1531 quum
1907 1455 2148 1516 hostem
2206 1454 2428 1529 populi

339 1539 603 1604 Romani
631 1540 713 1600 Μ.
740 1537 1074 1601 Antonium
1120 1540 1484 1611 iudicasset,
1529 1556 1738 1600 comes
1780 1554 1925 1599 esse
1953 1538 2088 1600 eius
2117 1540 2428 1600 amentiae

340 1625 566 1688 noluit=
626 1622 872 1700 reliquit
914 1624 1261 1684 consulem:
1333 1624 1501 1699 quod
1546 1620 1822 1699 profecto
1866 1637 1988 1683 non
2033 1621 2319 1695 fecisset,
2373 1622 2427 1685 si

344 1727 484 1772 eum
537 1709 851 1770 consulem
894 1705 1324 1783 iudicavisset,
1376 1723 1554 1782 quem
1599 1706 1747 1767 nihil
1793 1705 1957 1767 aliud
2004 1721 2217 1782 agere,
2271 1705 2425 1767 nihil

337 1792 538 1855 moliri
577 1791 697 1852 nisi
740 1790 993 1852 caedem
1033 1789 1255 1851 civium
1301 1800 1485 1866 atque
1524 1790 1826 1853 interitum
1872 1789 2130 1852 civitatis
2163 1788 2423 1851 videret.

339 1879 549 1953 Atque
592 1891 667 1936 ea
706 1874 866 1950 legio
898 1874 1179 1936 consedit
1207 1875 1459 1936 Albae·
1497 1874 1686 1949 Quam
1722 1874 1917 1949 potuit
1948 1875 2159 1935 urbem
2190 1874 2424 1951 eligere

336 1969 443 2023 aut
484 1960 984 2036 opportuniorem
1029 1958 1104 2020 ad
1148 1976 1251 2021 res
1297 1960 1607 2036 gerundas
1651 1968 1753 2021 aut
1792 1957 2129 2020 fideliorem
2159 1968 2270 2021 aut
2300 1959 2423 2021 l'or-

337 2045 558 2109 tiorum
585 2044 851 2106 virorum
881 2051 986 2106 aut
1014 2044 1370 2106 amiciorum
1396 2044 1488 2106 rei
1519 2043 1801 2121 publicae
1826 2043 2090 2106 civium?
2129 2040 2190 2105 7.
2222 2044 2422 2105 Huius

337 2129 602 2205 legionis
652 2127 934 2190 virtutem
987 2127 1214 2188 imitata
1268 2137 1484 2204 quarta
1535 2129 1697 2204 legio
1751 2128 1910 2189 duce
1948 2128 2014 2187 L.
2056 2127 2421 2202 Egnatuleio

339 2221 685 2289 quaestore,
721 2212 839 2273 civi
871 2211 1100 2288 optimo
1132 2221 1194 2273 et
1223 2212 1577 2286 fortissimo,
1609 2211 1970 2273 C.Caesaris
1996 2210 2420 2272 auctoritatem

338 2304 523 2373 atque
552 2295 887 2357 exercitum
923 2304 1251 2371 persecuta
1282 2305 1397 2357 est.
1469 2295 1845 2357 Faciundum
1879 2304 1975 2357 est
2003 2293 2185 2371 igitur
2214 2296 2418 2369 nobis,

337 2389 547 2457 patres
589 2379 953 2455 conscripti,
992 2386 1058 2441 ut
1102 2397 1206 2453 ea,
1260 2396 1419 2456 quae
1462 2397 1574 2441 sua
1608 2387 1830 2456 sponte
1860 2379 2241 2441 clarissimus
2271 2380 2422 2440 ado·

339 2464 582 2525 lescens
618 2465 802 2539 atque
835 2463 1099 2525 omnium
1132 2463 1730 2541 praestantisssimus
1761 2463 1955 2539 gessit
1976 2471 2037 2523 et
2058 2461 2232 2539 gerit,
2262 2462 2422 2524 haec

269 2592 273 2596 -
338 2547 697 2610 auctoritate
727 2556 941 2609 nostra
980 2548 1483 2625 comprobentur,
1526 2550 2112 2623 veteranorumque,
2156 2545 2420 2608 fortissi-

337 2649 575 2694 morum
615 2631 913 2706 virorum,
960 2639 1081 2693 tum
1125 2631 1387 2707 legionis
1415 2629 1667 2692 Martiae
1712 2639 2090 2707 quartaeque
2118 2629 2419 2690 mirabilis

337 2732 684 2779 consensus
727 2716 807 2777 ad
844 2733 970 2777 rem
1014 2714 1321 2792 'publicam
1367 2716 1848 2792 recuperandam
1899 2715 2082 2776 laude
2135 2722 2196 2775 et
2248 2714 2420 2774 testi-

335 2801 542 2863 monio
590 2809 804 2862 nostro
863 2800 1279 2875 confirmetur,
1330 2816 1665 2875 eorumque
1716 2799 2066 2871 commoda,
2121 2797 2418 2872 honoreS,

334 2883 637 2962 praemia,
690 2901 873 2960 quum
904 2885 1191 2946 consules
1231 2847 1535 2960 d’esignati
1566 2883 1980 2963 magistratum
2005 2880 2280 2956 inierint,
2314 2898 2419 2941 cu·

334 2983 442 3028 rae
471 2969 653 3028 nobis
681 2970 813 3030 fore
841 2967 1137 3029 hodierno
1161 2965 1269 3028 die
1299 2969 1738 3063 spondeamus.

454 3051 555 3110 IV.
612 3051 671 3113 8.
717 3054 923 3128 Atque
964 3068 1038 3113 ea
1082 3052 1359 3128 quidem,
1418 3069 1576 3128 quae
1617 3052 1745 3112 dixi
1784 3053 1865 3112 de
1908 3042 2169 3113 Caesare
2209 3051 2419 3126 deque

334 3134 472 3197 eius
504 3136 808 3210 exercitu,
850 3136 967 3195 iam
988 3135 1105 3197 diu
1138 3138 1283 3198 ‘nota
1316 3146 1462 3198 sunt
1493 3135 1692 3197 nobis.
1765 3136 2003 3197 Virtute
2032 3134 2191 3196 enim
2223 3132 2418 3195 admi·

335 3217 511 3277 rabili
534 3218 814 3280 Caesaris
844 3220 1311 3295 constantiaque
1340 3219 1590 3281 militum
1622 3227 2046 3281 veteranorum
2076 3218 2414 3294 legionum-

340 3317 459 3376 que
494 3300 720 3374 earum,
755 3298 916 3378 quae
948 3302 1190 3379 optimo
1212 3303 1438 3365 iudicio
1467 3304 1886 3365 auctoritatem
1910 3309 2198 3381 vestram,
2231 3302 2414 3362 liber-

342 3385 519 3444 tatem
577 3386 790 3461 populi
829 3387 1119 3460 Romani,
1175 3386 1457 3448 virtutem
1502 3387 1782 3448 Caesaris
1837 3395 2087 3448 secutae
2144 3394 2318 3456 sunt,
2377 3402 2418 3444 a

339 3466 680 3529 cervicibus
708 3469 935 3530 nostris
964 3479 1061 3531 est
1093 3470 1388 3546 depulsus
1417 3471 1742 3533 Antonius.
1789 3470 1914 3533 Sed
1950 3470 2132 3544 haec,
2170 3477 2234 3531 ut
2262 3467 2417 3543 dixi,

339 3548 687 3625 superiora,
734 3550 854 3612 hoc
898 3568 1045 3614 vero
1091 3570 1311 3614 recens
1355 3555 1618 3617 edictum
1648 3555 1719 3615 D.
1751 3555 1950 3629 Bruti,
1995 3554 2162 3629 quod
2199 3553 2414 3629 paullo
