2514 3928
260 222 385 284 236
717 219 869 282 PRO
906 221 971 279 T.
1002 216 1238 279 ANNIO
1266 215 1558 278 MILONE
1592 216 1879 278 ORATIO
2264 226 2338 278 12

262 389 636 450 necessaria.
697 388 824 448 Nisi
855 405 1007 449 vero
1038 394 1147 449 aut
1172 384 1278 447 ille
1305 383 1472 453 dies,
1514 383 1575 444 in
1613 401 1736 458 quo
1770 383 1858 443 Ti.
1891 385 2205 446 Gracchus
2234 394 2335 446 est

263 489 505 544 caesuS,
541 482 648 532 aut
675 472 795 543 ille,
826 487 949 546 quo
978 472 1183 543 Gaius,
1213 478 1322 531 aut
1350 485 1477 545 quo
1502 485 1671 528 arma
1698 467 2031 542 Saturnini,
2065 470 2247 530 etiam
2271 468 2329 529 si

264 572 300 635 e
321 574 389 616 re
409 557 674 632 publica,
703 572 1010 631 oppressa
1023 564 1185 625 sunt,
1207 570 1339 615 rem
1357 551 1660 629 publicam
1684 549 1887 612 tamen
1901 568 2027 613 non
2048 555 2336 614 vulnera·

261 648 420 701 runt.
465 643 567 702 VI.
592 643 807 716 ltaque
831 656 948 714 ego
973 640 1111 716 ipse
1133 635 1403 709 decrevi,
1433 653 1621 711 quum
1644 636 1898 695 caedem
1923 635 1985 696 in
2006 638 2215 713 Appia
2244 639 2331 697 fa-

263 732 422 785 ctam
447 733 947 794 esseconstaret,
972 741 1097 785 non
1120 739 1282 795 eum,
1306 720 1506 797 quise
1531 719 1932 792 defendisset,
1957 730 2174 782 contra
2195 738 2334 782 rem

262 808 567 884 publicam
585 809 825 878 secisse,
851 809 982 880 sed,
1009 823 1200 883 quum
1223 805 1500 867 inessent
1521 804 1583 865 in
1607 819 1675 864 re
1700 803 1794 864 vis
1823 812 1885 864 et
1910 803 2188 872 insidiae,
2218 803 2333 865 cri·

262 910 401 954 men
451 891 678 953 iudicio
718 893 1063 967 reservavi,
1111 908 1238 952 rem
1284 890 1511 952 notavi.
1601 890 1776 964 Quod
1806 891 1861 951 si
1893 890 2342 967 per·l'uriosum

263 977 428 1036 illum
458 975 760 1038 tribunum
790 975 1030 1036 senatui
1054 975 1222 1051 quod
1252 974 1554 1035 sentiebat
1577 975 1873 1050 perficere
1903 972 2195 1047 licuisset,
2225 990 2334 1035 no·

266 1076 403 1119 vam
433 1057 856 1133 quaestionem
889 1061 1113 1119 nullam
1159 1059 1544 1119 haberemus.
1631 1059 2012 1119 Decernebat
2040 1057 2230 1132 enim,
2270 1067 2337 1119 ut

265 1141 571 1204 veteribus
613 1141 851 1216 legibus
895 1151 1120 1204 tantum
1162 1143 1347 1203 modo
1391 1151 1565 1203 extra
1608 1141 1881 1203 ordinem
1919 1149 2336 1217 quaereretur.

260 1225 472 1286 Divisa
496 1225 797 1286 sententia
819 1234 914 1287 est
933 1229 1284 1302 postulante
1308 1226 1521 1286 nescio
1546 1241 1703 1299 quos
1729 1224 1876 1285 nihil
1898 1223 2062 1285 enim
2073 1240 2334 1285 necesse

261 1318 358 1370 est
386 1309 652 1370 omnium
695 1326 791 1370 me
830 1309 1061 1385 flagitia
1093 1311 1390 1386 proferre.
1479 1306 1581 1368 Sic
1608 1307 1845 1384 reliqua
1873 1306 2203 1369 auctoritas
2235 1325 2326 1368 se-

261 1401 440 1454 natus
469 1403 670 1468 empta
698 1392 1141 1455 intercessione
1172 1394 1412 1454 sublata
1439 1400 1554 1453 est.

388 1473 490 1539 15.
532 1479 614 1537 At
654 1476 815 1537 enim
845 1476 1309 1554 Cn.—Pompeius
1350 1475 1664 1550 rogatione
1711 1492 1822 1535 sua
1861 1485 1924 1535 et
1965 1475 2044 1534 de
2070 1491 2138 1534 re
2168 1475 2340 1535 etde

266 1578 451 1622 causa
480 1560 801 1621 iudicavit=
848 1561 980 1622 tulit
1020 1561 1180 1622 enim
1216 1563 1295 1621 de
1323 1561 1546 1633 caede,
1600 1575 1761 1634 quae
1790 1557 1850 1618 in
1879 1556 2090 1634 Appia
2120 1557 2219 1616 via
2249 1558 2336 1616 la-

264 1653 357 1706 :ta
388 1654 574 1717 esset,
603 1643 664 1702 in
701 1661 824 1720 qua
851 1645 913 1702 P.
953 1645 1202 1705 Clodius
1234 1643 1481 1705 occisus
1517 1652 1702 1704 esset.
1792 1640 1949 1715 Quid
1978 1657 2128 1717 ergo
2162 1641 2339 1701 tulit?

262 1744 483 1802 nempe
505 1735 569 1787 ut
590 1736 1002 1802 quaereretur.
1029 1726 1181 1800 Quid
1209 1744 1396 1802 porro
1421 1727 1837 1803 quaerendum
1861 1731 1998 1786 est?
2029 1724 2338 1785 factumne

261 1809 380 1870 sit?
420 1817 483 1869 at
510 1817 767 1871 constat.
830 1814 888 1868 A
920 1819 1088 1885 quo?
1128 1820 1191 1871 at
1221 1818 1414 1886 paret.
1480 1808 1651 1870 Vidit
1677 1808 1858 1885 igitur
1883 1807 2066 1869 etiam
2093 1807 2154 1868 in
2188 1823 2335 1869 con-

262 1893 532 1953 sessione
562 1892 704 1954 facti
733 1892 884 1953 iuris
915 1903 1115 1956 tamen
1141 1893 1568 1955 defensionem
1596 1893 1832 1970 suscipi
1863 1908 2075 1969 posse.
2158 1891 2339 1967 Quod

261 1975 377 2037 nisi
412 1976 670 2039 vidisset
695 1995 886 2052 posse
918 1979 1156 2040 absolvi
1191 1997 1364 2053 eum,
1406 1979 1509 2056 qui
1538 1980 1853 2052 fateretur,
1886 1994 2072 2051 quum
2104 1976 2339 2037 videret

261 2078 374 2121 nos
407 2061 607 2134 lateri,
664 2078 868 2137 neque
927 2061 1140 2137 quaeri
1177 2079 1467 2138 umquam
1507 2061 1794 2123 iussisset
1847 2077 1962 2121 nec
2003 2060 2177 2121 vobis
2213 2068 2338 2120 tam

258 2147 417 2204 hanc
448 2146 776 2206 salutarem
803 2146 864 2205 in
893 2145 1223 2208 iudicando
1257 2146 1514 2207 litteram
1557 2163 1737 2221 quam
1778 2145 1939 2205 illam
1968 2142 2199 2205 tristem
2228 2144 2339 2203 de-

258 2229 470 2288 disset.
512 2228 658 2289 Mihi
688 2245 835 2290 vero
867 2229 972 2290 Cn.
1001 2230 1333 2304 Pompeius
1363 2247 1483 2290 non
1516 2231 1700 2289 modo
1731 2226 1876 2288 nihil
1908 2227 2158 2303 gravius
2187 2243 2338 2287 con·

260 2320 349 2371 tra
377 2309 665 2371 Milouem
696 2311 1042 2387 iudicasse,
1084 2315 1197 2374 sed
1239 2314 1417 2374 etiam
1451 2312 1738 2375 statuisse
1771 2310 2008 2373 videtur
2039 2309 2186 2386 quid
2218 2326 2340 2370 vos

257 2392 317 2454 in
348 2392 675 2455 iudicando
708 2404 990 2471 spectare
1016 2406 1347 2472 oporteret.
1428 2397 1576 2456 Nam
1611 2395 1715 2471 qui
1744 2412 1867 2456 non
1898 2411 2159 2470 poenam
2187 2409 2340 2454 con-

259 2476 535 2551 fessioni,
567 2480 682 2539 sed
706 2478 1125 2540 defensionem
1152 2479 1339 2553 dedit,
1374 2479 1427 2541 is
1464 2497 1709 2541 causam
1734 2477 2008 2540 interitus
2035 2493 2340 2554 quaeren-

257 2562 428 2636 dam,
466 2579 587 2624 non
619 2561 924 2624 interitum
956 2565 1207 2639 putavit.
1300 2563 1396 2627 16.
1431 2566 1556 2623 Iam
1588 2562 1736 2624 illud
1770 2563 1907 2639 ipse
1939 2560 2103 2623 dicet
2128 2563 2341 2635 profe-

257 2655 373 2719 ct0,
408 2648 576 2721 quod
613 2664 727 2708 sua
756 2656 979 2723 sponte
1015 2648 1188 2723 fecit,
1216 2647 1512 2709 Publione
1546 2645 1757 2708 Clodio
1802 2645 2181 2707 tribuendum
2218 2659 2342 2719 pu-

257 2730 392 2791 tarit
420 2748 499 2791 an
533 2731 808 2807 tempori.
902 2732 1025 2791 V11.
1057 2731 1278 2793 Domui
1307 2747 1458 2793 suae
1488 2728 1906 2791 nobilissimus
1937 2728 2048 2801 vir,
2078 2736 2343 2787 senatus

257 2823 675 2888 propugnator
716 2824 901 2890 atque
940 2814 1060 2875 illis
1101 2814 1347 2890 quidem
1381 2812 1756 2890 temporibus
1794 2828 1990 2887 paene
2017 2820 2343 2887 patronuS,

258 2898 601 2956 avunculus
648 2897 828 2957 huius
871 2896 1092 2957 iudicis
1132 2897 1356 2973 nostri,
1388 2895 1709 2966 ‚fortissimi
1759 2896 1901 2966 viri,
1935 2896 2014 2954 M.
2066 2892 2343 2967 CatoniS,

261 2976 536 3037 tribunus
568 2978 767 3051 plebis
794 2981 875 3038 M.
911 2981 1150 3039 Drusus
1191 2980 1438 3041 occisus
1478 2990 1592 3042 est.
1677 2978 1835 3040 Nihil
1859 2980 1940 3039 de
1969 2977 2104 3039 eius
2139 2984 2344 3038 morte

257 3061 523 3135 populus
549 3063 886 3135 consultuS,
918 3064 1081 3121 nulla
1104 3062 1384 3136 quaestio
1409 3065 1658 3126 decreta
1680 3080 1718 3123 a
1752 3070 1970 3124 senatu
1982 3070 2097 3123 est.
2130 3060 2340 3135 Quan-

257 3152 381 3203 tum
410 3144 636 3203 luctum
667 3141 727 3201 in
759 3143 875 3203 hac
900 3145 1051 3205 urbe
1082 3145 1277 3208 fuisse
1318 3165 1354 3207 a
1396 3147 1624 3212 nostris
1660 3145 1934 3223 patribus
1958 3144 2345 3221 accepimuS,

260 3241 444 3299 quum
475 3226 535 3283 P.
563 3225 853 3287 Africano
898 3228 1109 3290 domui
1162 3247 1315 3292 suae
1362 3228 1706 3307 quiescenti
1749 3228 1853 3289 illa
1896 3236 2196 3289 nocturna
2238 3226 2345 3287 vis

257 3316 427 3368 esset
454 3310 702 3368 adlata?
744 3310 881 3385 quis
923 3320 1047 3374 tum
1091 3331 1215 3376 non
1256 3313 1529 3390 gemuit?
1568 3312 1706 3390 quis
1731 3328 1857 3373 non
1886 3309 2038 3373 arsit
2077 3313 2349 3374 dolore!

261 3406 441 3464 quem
470 3389 885 3469 immortalem,
921 3395 975 3458 si
1003 3397 1138 3459 fieri
1165 3409 1401 3475 posset,
1431 3414 1647 3460 omnes
1681 3412 1826 3457 esse
1855 3404 2167 3472 cuperent,
2197 3394 2347 3455 eius

255 3489 336 3533 ne
366 3475 775 3538 necessariam
810 3479 1056 3555 quidem
1086 3491 1506 3558 exspectatam
1535 3479 1679 3543 esse
1707 3487 1991 3542 mortem!
2035 3479 2191 3539 Num
2225 3475 2342 3552 igi-
