2514 3928
224 278 322 335 1⁶1
851 268 1017 328 CAP.
1050 277 1314 330 12-15.
1346 276 1400 363 s'.
1438 274 1505 331 ²6
1526 303 1589 314 —-
1616 278 1702 331 31.
2179 270 2311 334 459

219 419 473 496 dignum
520 417 772 480 Antonii
812 426 1048 481 senatu.
1124 418 1407 479 Arbitror
1458 436 1556 480 me
1606 420 1847 495 aliquos
1906 422 2311 498 praeterisse=

220 505 303 563 cle
334 504 406 563 iis
436 510 655 575 tamen,
692 502 797 577 qui
839 502 1257 575 occurrebant,
1289 511 1493 563 tacere
1529 521 1648 564 non
1694 503 1880 578 potui.
1969 507 2099 565 Hoc
2131 507 2311 582 igitur

223 589 412 648 frctus
446 593 665 646 senatu
692 585 1124 661 Pompeianum
1167 593 1445 647 senatum
1491 586 1782 663 despicit:
1830 586 1889 646 in
1935 606 2057 663 quo
2095 591 2307 650 decem

223 671 447 730 fuimus
489 671 880 730 consulares:
936 669 1040 745 qui
1081 668 1134 730 si
1179 686 1395 731 omnes
1436 670 1743 742 viverent,
1794 670 2018 731 bellum
2061 673 2308 733 omnino

221 754 342 818 hoc
366 769 487 813 non
516 752 763 813 fuissetz
788 753 1128 814 auctoritati
1165 753 1464 815 cessisset
1495 752 1770 814 audacia.
1835 752 1936 814 29.
1969 754 2093 814 Sed
2119 772 2305 829 quan·

221 846 345 899 tum
381 834 668 912 praesidii
706 836 971 897 fueritin
1041 835 1263 898 ceteris
1292 836 1434 897 hinc
1464 836 1716 911 intelligi
1740 845 1962 913 potest,
1994 839 2159 912 quod
2190 855 2308 913 ego

222 937 382 981 unus
422 918 669 981 relictus
691 936 765 978 ex
802 920 1005 981 multis
1047 920 1298 981 contudi
1348 929 1409 981 et
1449 920 1602 995 fregi
1653 921 2083 981 adiuvantibus
2130 921 2305 982 vobis

220 1004 589 1065 exsultantis
622 1002 953 1079 praedonis
982 1002 1323 1066 audaciam.
1390 1004 1550 1064 XIV.
1596 1004 1772 1078 Quod
1806 1006 1857 1064 si
1887 1004 2157 1072 Fortuna
2198 1021 2306 1065 no-

219 1088 319 1149 bis
360 1087 545 1149 modo
589 1103 710 1147 non
755 1085 1086 1164 eripuisset
1140 1087 1276 1148 Ser.
1320 1087 1654 1163 Sulpicium
1710 1088 1969 1163 eiusque
2014 1090 2306 1162 collegam

221 1179 365 1231 ante
385 1170 465 1229 M.
488 1170 860 1245 Marcellum,
886 1188 1048 1246 quos
1072 1170 1276 1231 cives!
1316 1188 1476 1246 quos
1502 1172 1698 1232 viros!
1738 1173 1790 1232 si
1814 1173 1973 1232 duos
1998 1172 2306 1236 consuieS.

217 1254 631 1315 amicissimos
675 1255 925 1330 patriae,
958 1253 1135 1316 simul
1165 1271 1245 1315 ex
1270 1255 1442 1315 ltalia
1475 1254 1741 1316 eiectos=
1786 1256 1839 1315 si
1865 1255 1933 1315 L.
1974 1254 2308 1327 Afranium,

220 1354 526 1400 summum
581 1338 832 1398 ducem:
922 1340 975 1400 si
1015 1340 1078 1403 P.
1120 1338 1470 1411 Lentulum,
1527 1339 1723 1399 civem
1770 1356 1954 1414 quum
2021 1334 2080 1394 in
2149 1346 2307 1398 cete-

220 1423 308 1481 ris
359 1421 544 1482 rebus
587 1430 718 1482 «tum
768 1420 827 1482 in
880 1424 1077 1483 salute
1127 1438 1262 1482 mea
1318 1423 1724 1497 singularem=
1780 1422 1834 1483 si
1882 1423 1961 1481 M.
2007 1422 2308 1493 Bibulum,

219 1505 401 1566 cuius
429 1514 527 1566 est
555 1504 613 1564 in
646 1522 772 1565 rem
807 1506 1106 1580 publicam
1141 1521 1390 1580 semper
1421 1504 1638 1565 merito
1664 1506 1907 1566 laudata
1939 1504 2310 1566 constantia:

223 1588 281 1648 si
313 1588 380 1648 L.
422 1588 766 1661 Domitium,
816 1587 1403 1663 praestantissimum
1450 1591 1677 1650 civem:
1725 1589 1779 1649 si
1821 1588 2086 1664 Appium
2136 1589 2307 1647 Clau-

220 1670 392 1731 dium
411 1718 425 1743 ‚
456 1671 586 1747 pari
618 1671 929 1733 nobilitate
952 1681 1011 1733 et
1034 1674 1346 1733 voluntate
1370 1673 1742 1748 praeditum:
1774 1673 1826 1733 si
1848 1672 1910 1731 P.
1937 1671 2308 1747 Scipionem,

223 1754 631 1816 alarissimum
663 1755 857 1816 virum
888 1756 1311 1831 maiorumque
1345 1772 1596 1816 suorum
1626 1755 2020 1827 simillimum,
2065 1771 2167 1814 res
2198 1771 2306 1829 pu-

221 1837 388 1898 blica
407 1846 613 1899 tencre
643 1840 963 1914 potuisset,
996 1848 1159 1900 certe
1206 1838 1282 1899 iis
1314 1840 1738 1901 consularibus
1783 1856 1902 1900 non
1938 1845 2107 1899 esset
2136 1838 2306 1898 Pom-

225 1919 490 1998 peianus
534 1922 973 1999 despiciendus
1035 1932 1305 1987 senatuS.
1401 1923 1505 1985 30.
1546 1924 1757 1986 Utrum
1812 1917 1992 1998 igitur
2030 1920 2307 1997 aequius,

225 2014 431 2066 utrum
462 2005 686 2067 melius
724 2007 815 2067 rei
860 2008 1142 2083 publicae
1197 2008 1307 2069 fuit
1367 2009 1470 2068 Cn.
1512 2007 1864 2083 Pompeium
1890 2025 1967 2066 an
2010 2014 2310 2067 sectorem

223 2089 335 2149 Cn.
359 2088 632 2164 Pompeii
663 2089 873 2151 vivere
913 2091 1289 2153 Antonium?
1327 2091 1440 2165 Qui
1481 2108 1628 2151 vero
1678 2090 2008 2165 praetorii?
2051 2106 2309 2163 quorum

225 2171 525 2248 princeps
557 2172 636 2231 M.
666 2174 810 2234 Cato
841 2175 1125 2250 idemque
1156 2175 1422 2236 omnium
1453 2175 1718 2250 gentium
1751 2174 1967 2234 virtute
2002 2172 2310 2254 princeps.

224 2254 387 2328 Quid
413 2255 685 2332 reliquos
710 2257 1080 2319 clarissimos
1104 2260 1270 2319 viros
1296 2273 1761 2319 commemorem
1777 2264 1806 2314 ’ἒ
1847 2257 2051 2317 Nostis
2077 2272 2310 2317 omnes.

232 2337 430 2413 Magis
464 2355 679 2401 vereor
713 2357 789 2400 ne
823 2342 1069 2418 longum
1102 2359 1198 2402 me
1229 2342 1286 2402 in
1319 2342 1734 2403 enumerando
1769 2357 1948 2416 quam
1994 2356 2070 2398 ne
2112 2339 2309 2415 ingra-

229 2430 358 2482 tum
415 2421 474 2482 in
523 2427 970 2499 praetereundo
1014 2426 1259 2501 putetis.
1316 2426 1426 2500 Qui
1479 2424 1772 2486 aedilicii!
1832 2425 1934 2500 qui
1978 2422 2308 2484 tribunicii!

227 2505 338 2579 qui
374 2507 738 2580 quaestoriit
800 2508 953 2583 Quid
986 2510 1214 2570 multa?
1264 2509 1425 2569 Talis
1456 2517 1804 2569 senatorum
1851 2517 1912 2568 et
1952 2507 2212 2582 dignitas
2255 2515 2313 2565 et

227 2589 549 2671 multitudo
584 2591 719 2662 fuit,
752 2601 818 2652 ut
845 2607 1065 2668 magna
1095 2595 1494 2653 excusatione
1526 2609 1686 2666 opus
1717 2590 1793 2651 iis
1825 2590 1933 2662 sit,
1986 2590 2088 2665 qui
2120 2592 2177 2651 in
2212 2591 2311 2651 illa

227 2680 434 2732 castra
466 2690 585 2733 non
621 2684 930 2737 venerunt.
989 2676 1164 2736 Nunc
1194 2677 1430 2751 reliqua
1466 2674 1770 2736 attendite.
1858 2674 1988 2733 XV.
2075 2676 2311 2733 Vic‘rum

229 2755 584 2816 cici-:noum
607 2774 802 2818 aucam
832 2775 1169 2820 nAnmsns.
1234 2760 1325 2820 Eo
1358 2758 1642 2820 libentius
1674 2773 1867 2817 numm
1898 2757 2080 2817 audio
2099 2802 2113 2826 ‚
2145 2757 2311 2830 quod

229 2847 397 2899 certe
441 2838 541 2900 ille
581 2841 727 2903 dicit
772 2843 1029 2903 invitus=
1084 2859 1222 2902 nam
1273 2845 1349 2903 de
1393 2843 1553 2903 victo
1599 2842 1743 2901 nihil
1800 2841 2030 2900 laboro.
2100 2839 2310 2898 Fatum

223 2921 393 2981 enim
427 2938 625 2984 meum
656 2934 753 2986 est
780 2927 915 2988 sine
946 2942 1013 2986 re
1040 2925 1287 3001 publica
1317 2942 1432 2987 nec
1456 2924 1636 2993 ,vinci
1680 2941 1866 3000 posse
1899 2940 2011 2984 nec
2043 2923 2309 2983 vincere.

227 3004 651 3067 MAcEnomAm
692 3024 934 3071 uum-ns
981 3025 1395 3070 -nxnncnmus
1434 3010 1510 3070 Et
1552 3011 1795 3086 quidem
1838 3009 2002 3068 fratri
2044 3016 2167 3079 tuo,
2207 3005 2312 3081 qui

227 3104 272 3147 a
311 3089 489 3148 vobis
537 3091 683 3151 nihil
714 3094 1071 3167 degenerat,
1124 3092 1513 3158 extorsimus.
1599 3096 1882 3153 Aratum
1933 3106 2313 3153 commus-ns

230 3172 420 3232 VAao
470 3189 565 3232 ms
617 3192 825 3237 cAP‘ro.
906 3178 1021 3237 Hic
1074 3193 1209 3237 cum
1261 3179 1323 3237 C.
1369 3178 1550 3236 fratre
1596 3183 1765 3252 putat
1811 3192 1880 3236 se
1908 3175 2162 3250 litigare.
2249 3173 2312 3231 ln

228 3253 481 3314 Svaum
539 3258 808 3318 CAssnm
855 3275 1136 3320 nnsrsns.
1215 3262 1347 3321 Non
1399 3259 1580 3336 igitur
1633 3259 1824 3320 sentis
1883 3259 2024 3319 huic
2089 3271 2313 3318 causae

227 3337 446 3398 orbem
476 3348 671 3401 terrae
702 3351 942 3418 patere:
985 3351 1043 3403 te
1074 3352 1244 3404 extra
1284 3345 1649 3404 munitiones
1682 3351 1817 3404 tuas
1855 3340 2173 3415 vestigium
2210 3338 2309 3398 ubi

229 3420 547 3496 imprimas
573 3441 695 3484 non
722 3426 994 3488 habere?
1052 3426 1156 3488 31.
1192 3426 1444 3487 CAscm
1472 3441 1850 3486 rmsmuwm
1878 3440 2108 3485 onnam:
2139 3436 2310 3482 PAsst

225 3519 419 3566 esus.
487 3506 642 3581 Quid
672 3517 867 3586 ergo?
909 3518 975 3573 ut
1002 3512 1351 3585 Marullum,
1393 3518 1459 3573 ut
1504 3510 1841 3571 Caesetium
1883 3525 1919 3566 a
1960 3523 2027 3566 re
2069 3503 2316 3581 publica
