2514 3928
217 317 316 375 167
819 306 982 365 CAP.
1017 314 1286 369 19-21.
1329 312 1381 373 s.
1411 314 1678 371 44—50.
1792 291 1801 299 ’
2164 311 2293 376 465

210 461 370 524 bene
410 474 509 519 me
552 456 739 518 novit.
807 457 1051 517 Bmuu
1094 474 1209 528 ouo
1265 475 1518 519 VENIAT:
1565 458 1888 536 proposito
1930 462 2288 535 praesertim

214 543 495 619 exemplo
552 541 923 603 Dolabellae.
1011 541 1333 604 Sanctiore
1384 550 1587 613 erunt,
1652 543 1859 616 eredo,
1918 543 2051 605 iure
2108 546 2290 621 legati

215 644 397 704 quam
436 626 560 686 duo
606 626 925 697 consuleS,
974 633 1186 686 contra
1228 644 1389 702 quos
1426 641 1596 685 arma
1636 627 1780 699 sert,
1826 643 2004 700 quam
2049 628 2290 702 Caesar,

215 709 387 772 cuius
420 709 610 784 patr1s
640 706 861 768 flamen
892 716 1019 781 est,
1051 727 1234 784 quam
1269 709 1484 770 consul
1526 708 1919 783 designatus,
1952 726 2133 785 quem
2179 728 2289 786 op·

215 802 455 870 pugnat,
492 808 673 868 quam
702 789 953 866 Mutina,
989 808 1171 867 quam
1212 792 1482 866 obsidet,
1533 808 1713 865 quam
1757 791 1982 867 patria,
2027 792 2122 853 cui
2165 793 2289 869 igni

212 879 497 952 ferroque
553 874 903 937 minitatur..
968 873 1080 954 48,
1125 875 1318 951 ,Quum
1362 891 1690 944 zvmmur,
1751 891 1908 943 otum
1962 892 2290 937 roswtrm

213 974 583 1036 cocuoscam.
674 958 827 1035 Quin
858 967 922 1019 tu
951 957 1084 1019 abis
1113 961 1184 1034 ,in
1218 961 1437 1019 malam
1485 967 1717 1035 pestem
1762 960 2110 1036 malumque
2154 977 2289 1021 cru-

214 1044 476 1109 ciatam-‘i
521 1042 627 1110 ‘Ad
652 1051 722 1104 te·
742 1040 1070 1119 quisquam
1100 1040 1306 1104 veniat
1335 1043 1450 1104 nisi
1468 1040 1754 1103 ‘ventidii
1783 1041 2040 1104 similis?
2072 1043 2287 1104 Oriens

212 1126 558 1189 incendium
588 1126 692 1203 qui
722 1126 1198 1206 restinguerent,
1239 1142 1514 1188 summos
1541 1128 1710 1186 viros
1759 1125 2067 1188 misimus=
2105 1144 2283 1204 repu-

211 1210 418 1273 diasti=
448 1209 700 1271 nuncin
737 1218 963 1271 tantam
1007 1208 1310 1270 flammam
1353 1218 1602 1285 tamque
1648 1209 2045 1271 inveteratam
2092 1211 2283 1273 mitta-

210 1311 362 1369 muS,
391 1312 578 1370 quum
608 1296 809 1355 locum
838 1291 947 1354 tibi
972 1294 1272 1370 reliquum
1302 1309 1425 1354 non
1457 1294 1642 1356 modo
1669 1294 1748 1353 ad
1783 1310 2028 1369 pacem,
2064 1296 2177 1356 sed
2211 1312 2286 1355 ne

212 1379 287 1439 ad
317 1343 688 1440 d'editionem
724 1375 970 1453 quidem
1000 1376 1264 1437 leceris?

329 1462 502 1523 Hanc
543 1477 659 1536 ego
708 1461 1060 1535 epistolam,
1111 1470 1319 1537 patres
1373 1427 1736 1536 conscripti,
1786 1478 1908 1522 non
1955 1478 2077 1538 quo
2118 1460 2282 1524 illum

211 1545 453 1621 dignum
478 1554 776 1621 putarem,
802 1543 1072 1617 recitavi,
1105 1545 1217 1605 sed
1246 1550 1314 1604 ut
1336 1542 1870 1606 confessionibus
1854 1545 2051 1620 ipsius
2082 1547 2285 1607 omnia

211 1630 504 1703 patefacta
553 1627 689 1689 eius
749 1626 1074 1704 parricidia
1135 1627 1444 1690 videretis.
1531 1627 1634 1688 49.
1688 1629 1832 1689 Cum
1893 1629 2011 1690 hoc
2068 1646 2281 1705 pacem

205 1712 606 1787 MrLepiduS,
644 1712 736 1771 vir
764 1711 1190 1773 ornatissimus
1220 1710 1504 1773 omnibus
1545 1719 1606 1772 et
1645 1711 1879 1774 virtutis
1915 1721 1974 1773 et
2008 1714 2283 1774 fortunae

206 1794 399 1868 boniS,
432 1796 485 1857 si
518 1795 670 1855 haec
701 1793 955 1869 videret,
984 1795 1252 1871 denique
1284 1804 1390 1856 aut
1430 1796 1611 1856 vellet
1650 1803 1753 1857 aut
1795 1794 1939 1855 fieri·
1969 1812 2160 1871 posse
2187 1814 2271 1856 ar-

206 1877 563 1941 bitraretur?
646 1878 826 1939 Prius
874 1880 1054 1939 undis
1083 1883 1360 1955 flamma,
1422 1886 1488 1940 ut
1527 1877 1609 1939 ait
1654 1883 1837 1953 poeta
1876 1876 2089 1938 nescio
2121 1877 2276 1952 quis,

203 1960 377 2038 prius
400 1960 668 2038 denique
698 1961 916 2036 omnia,
952 1981 1142 2041 quam⁴
1163 1972 1268 2025 aut
1296 1980 1431 2025 cum
1460 1960 1745 2025 Antoniis
1767 1978 1868 2022 res
1902 1960 2144 2037 publiea
2174 1970 2278 2022 aut

204 2062 342 2107 cum
373 2063 440 2105 re
473 2046 719 2122 publica
746 2046 994 2107 Antonii
1044 2045 1299 2108 redeant
1337 2046 1398 2106 in
1432 2045 1705 2121 gratiam.
1787 2045 2058 2107 Monstra
2090 2063 2277 2122 quae·

201 2130 342 2190 dam
381 2129 500 2191 ista
532 2136 595 2188 et
621 2135 905 2201 portenta
933 2135 1078 2190 sunt
1108 2134 1195 2201 [et
1215 2129 1521 2207 prodigia]
1557 2128 1646 2190 rei
1688 2127 1990 2205 publicae.
2045 2130 2277 2191 Moveri

201 2211 456 2273 sedibus
486 2211 615 2272 suis
652 2211 791 2272 huic
821 2211 955 2272 urbi
981 2212 1201 2275 melius
1234 2222 1330 2276 est
1360 2222 1546 2289 atque
1572 2212 1632 2272 in
1663 2212 1845 2284 aliaS,
1892 2212 1946 2272 si
1974 2213 2106 2273 fieri
2139 2229 2280 2288 pos·

197 2296 296 2368 sit,
330 2304 523 2357 terras
554 2293 908 2369 demigrare,
940 2298 1104 2357 unde
1132 2297 1537 2359 Antoniorum
1568 2313 1682 2357 nec
1725 2297 1884 2356 lacta
1918 2312 2031 2357 nec
2058 2313 2278 2358 nomen

202 2378 435 2453 audiat,
466 2396 648 2455 quam
683 2379 853 2455 illoS,
897 2377 1175 2441 Caesaris
1219 2377 1439 2443 virtute
1476 2379 1738 2453 eiectOS,
1785 2380 1956 2441 Bruti
1988 2388 2279 2454 retentOS,

198 2461 355 2524 intra
385 2462 537 2523 haec
569 2462 809 2525 moenia
839 2461 1068 2525 videre.
1134 2463 1592 2540 Optatissimum
1623 2473 1718 2526 est
1749 2463 2026 2525 vinceret
2059 2480 2277 2525 secun-

136 2613 145 2620 ,
195 2545 341 2606 dum
394 2555 489 2607 est
540 2548 768 2607 nullum
829 2562 1038 2608 casum
1092 2564 1205 2623 pro
1264 2547 1553 2624 dignitate
1602 2556 1664 2609 et
1718 2547 1992 2608 libertate
2046 2547 2280 2623 patriae

196 2645 318 2691 non
355 2629 667 2692 serendum
696 2636 931 2707 putare.
1021 2631 1195 2705 Quod
1229 2632 1533 2708 reliquum
1562 2640 1687 2703 est,
1732 2646 1855 2692 non
1887 2639 1984 2692 est
2019 2630 2275 2703 tertium,

197 2714 309 2773 sed
355 2721 730 2789 postremum
776 2714 1072 2788 omnium,
1124 2717 1449 2776 maximam
1491 2713 1924 2791 turpitudinem
1959 2713 2277 2791 suscipere

196 2796 356 2857 vitae
386 2797 735 2872 cupiditate.

297 2878 421 2942 50.
469 2880 637 2954 Quae
670 2898 856 2957 quum
878 2883 975 2943 ita
987 2881 1124 2954 sint,
1152 2884 1229 2943 de
1251 2883 1553 2944 mandatis
1578 2880 1917 2957 litterisque
1939 2881 2018 2940 Μ.
2044 2879 2277 2957 Lepidi,

192 2962 306 3022 viri
360 2963 712 3039 clarissimi,
766 2965 1026 3028 Servilio
1075 2966 1406 3042 adsentior,
1457 2975 1520 3029 et
1560 2967 1678 3026 hoc
1722 2965 1986 3041 amplius
2030 2980 2278 3038 censeo,

187 3046 478 3122 Magnum
523 3047 910 3125 Pompeium,
959 3050 1152 3111 Gnaei
1197 3050 1419 3125 filium,
1472 3067 1585 3128 pro
1625 3049 1815 3126 patris
1856 3048 2279 3148 maiorumque

187 3147 444 3192 suorum
494 3131 696 3193 animo
740 3133 1073 3208 studioque
1115 3133 1178 3193 in
1219 3151 1347 3196 rem
1392 3134 1695 3209 publicam
1747 3138 1987 3209 suaque
2025 3133 2278 3210 pristina

185 3213 440 3287 virtute,
473 3213 802 3291 industria,
845 3216 1156 3279 voluntate
1204 3218 1461 3291 fecisse,
1508 3217 1676 3294 quod
1721 3234 1895 3279 suam
1923 3233 2274 3291 eorumque,

186 3314 351 3373 quos
403 3314 613 3360 secum
654 3300 935 3376 haberet,
992 3316 1243 3377 operam
1301 3301 1560 3364 senatui·
1598 3303 1960 3378 populoque
1996 3302 2275 3364 Romano

183 3379 499 3458 pollicitus
544 3391 740 3459 esset,
806 3400 1067 3460 eamque
1120 3400 1248 3445 rem
1298 3382 1533 3447 senatui
1586 3385 1947 3461 populoque
1997 3387 2274 3447 Romano

183 3472 421 3540 gratam
468 3476 912 3543 acceptamque
965 3484 1138 3540 esse,
1196 3468 1380 3544 eique
1435 3467 1652 3530 honori
1704 3466 2104 3543 dignitatique
2139 3483 2273 3528 eam

185 3563 317 3609 rem
349 3549 500 3695 soff.
519 3631 573 3681 a
585 3551 719 3612 Hoc
758 3553 859 3612 vel
891 3550 1176 3627 coniungi
1210 3568 1345 3614 cum
1378 3552 1501 3614 hoc
1529 3553 2095 3693 senatushgonsulto
2133 3550 2269 3651 licet

274 3648 367 3691 cic
2188 3672 2193 3675 ,
