2514 3928
916 126 1081 185 CAP.
1109 134 1303 188 ame.
1345 132 1398 192 s.
1429 135 1691 188 12—18.
1783 102 1794 107 “
2259 128 2335 190 77

269 279 458 339 multa
482 278 560 337 de
581 294 651 338 re
675 276 919 337 minime
944 274 1131 337 dubia
1152 277 1404 352 loquor:
1439 276 1557 337 hoc
1581 285 1778 337 tamen
1805 277 1977 338 dico:
2008 295 2129 338 non
2157 282 2340 339 modo

270 362 328 421 si
358 360 570 421 socius
603 358 1063 432 coniurationis,
1095 362 1208 420 sed
1241 360 1359 421 nisi
1389 359 1844 422 inimicissimus
1872 360 2053 422 istius
2084 363 2341 423 sceleris

269 443 523 514 suisset,
570 460 902 519 numquam
944 442 1388 505 coniurationis
1430 443 1828 506 accusatione
1858 446 2336 507 adolescentiam

277 544 451 588 suam
506 526 891 601 potissimum
937 528 1368 588 commendare
1410 525 1749 599 voluisset!
1814 531 1912 589 16.
1957 528 2134 603 Quod
2176 530 2339 591 haud

276 610 408 670 scio
441 627 519 669 an
550 610 629 670 de
670 610 897 670 ambitu
928 619 989 671 et
1019 611 1098 671 de
1131 611 1485 671 criminibus
1512 610 1646 671 istis
1682 611 1984 672 sodalium
2012 629 2085 672 ac
2119 630 2340 689 seque·-

265 692 519 766 strium,
562 696 847 769 quoniam
880 694 999 755 huc
1029 693 1234 766 incidi,
1266 694 1542 755 similiter
1578 695 2080 770 respondendum
2114 706 2340 771 putem.

272 779 617 853 Numquam
645 777 802 838 enim
836 786 956 839 tam
991 776 1232 838 Caelius
1262 795 1476 839 amens
1507 778 1757 852 ruisset,
1792 787 1885 852 ut,
1915 778 1969 839 si
1999 796 2068 838 se
2097 779 2217 840 isto
2253 779 2345 839 in-

270 863 443 923 finito
467 861 698 923 ambitu
719 863 1247 934 commaculasset,
1272 864 1535 922 ambitus
1566 863 1821 924 alterum
1849 871 2197 933 accusaret,
2238 880 2340 923 ne-

275 962 396 1021 que
418 946 554 1006 eius
579 944 722 1006 facti
743 944 803 1005 in
829 947 1018 1006 altero
1045 944 1451 1020 suspitionem
1490 954 1830 1020 quaereret,
1862 946 2037 1007 cuius
2061 947 2199 1022 ipse
2224 947 2354 1007 sibi·

269 1036 636 1104 perpetuam
678 1028 981 1089 licentiam
1026 1036 1294 1102 optaret,
1357 1045 1472 1088 nec
1517 1030 1570 1089 si
1611 1030 1728 1090 sibi
1771 1032 1961 1091 semel
2004 1030 2339 1106 periculum

264 1112 538 1173 ambitus
583 1111 970 1172 subcundum
1019 1120 1288 1184 putaret,
1343 1111 1479 1185 ipse
1520 1113 1773 1172 alterum
1818 1113 2032 1174 iterum
2079 1116 2340 1176 ambitus

268 1195 532 1255 crimine
572 1202 936 1253 arcesseret.
1015 1193 1191 1266 Quod
1241 1210 1611 1267 quamquam
1651 1211 1764 1254 nec
1803 1198 2109 1292 sapienter
2144 1210 2204 1258 et
2246 1216 2341 1259 me

275 1277 472 1337 invito
506 1275 668 1348 facit,
702 1284 901 1336 tamen
926 1283 1021 1336 cst
1043 1274 1176 1334 eius
1202 1275 1366 1334 modi
1390 1275 1720 1352 [cupidus]‚
1751 1286 1819 1336 ut
1837 1279 2030 1352 magis
2060 1279 2338 1342 insectan

275 1360 534 1421 alterius
565 1358 971 1421 innocentiam
1005 1349 1194 1433 quarn'
1225 1359 1302 1418 de
1338 1375 1407 1418 se
1432 1357 1638 1419 timide
1668 1361 1935 1433 cogitare
1937 1320 2288 1439 ovideaturs

403 1441 505 1505 17.
548 1442 698 1502 Nam
739 1443 906 1516 quod
950 1459 1058 1502 aes
1100 1442 1363 1502 alienum
1410 1441 1712 1503 obiectum
1759 1450 1880 1515 est,
1931 1454 2211 1520 sumptus
2255 1463 2343 1506 re·

279 1526 590 1604 prehensi,
614 1526 857 1587 tabulae
885 1525 1222 1602 flagitatae,
1257 1527 1461 1588 videte
1488 1543 1668 1601 quam
1693 1544 1892 1602 pauca
1913 1530 2347 1604 respondeam.

275 1611 540 1671 Tabulas
577 1609 683 1685 qui
711 1610 770 1669 in
807 1609 996 1685 patris
1028 1618 1332 1686 potestate
1355 1619 1451 1671 est
1472 1612 1668 1672 nullas
1693 1612 1957 1677 conficit.
2014 1615 2345 1674 Versuram

277 1711 606 1769 numquam
645 1697 894 1755 omnino
939 1696 1080 1755 fecit
1108 1695 1309 1754 ullam.
1367 1694 1659 1770 Sumptus
1694 1695 1876 1757 unius
1905 1697 2147 1771 generis
2178 1698 2346 1758 obie-

276 1788 413 1839 ctus
443 1787 567 1848 est,
604 1777 1022 1839 habitationisz
1063 1777 1300 1853 trigInta
1335 1777 1578 1839 milibus
1613 1778 1856 1840 dixistis
1886 1796 2023 1840 cum
2055 1781 2342 1842 habitare.

275 1863 448 1923 Nunc
479 1862 722 1921 demum
750 1861 1017 1935 intelligo
1048 1862 1109 1919 Ρ.
1145 1862 1336 1921 Clodii
1371 1863 1632 1922 insulam
1662 1880 1806 1923 esse
1837 1867 2133 1938 venalem,
2168 1865 2344 1925 cuius

276 1944 378 2006 hic
425 1947 486 2005 in
529 1944 825 2006 aediculis
867 1943 1125 2018 habitat,
1169 1945 1421 2018 decem,
1463 1953 1528 2006 ut
1568 1945 1814 2021 opinor,
1862 1947 2125 2009 milibus.
2213 1949 2344 2008 Vos

272 2038 512 2104 autem,
555 2029 697 2090 dum
729 2029 811 2089 illi
842 2029 1085 2104 placere
1120 2028 1332 2103 vultis,
1374 2030 1453 2089 ad
1499 2038 1740 2105 tempus
1786 2030 1920 2091 eius
1962 2031 2341 2092 mendacium

278 2121 550 2174 vestrum
579 2112 1112 2174 accommodastis,

405 2195 508 2259 18.
553 2196 1077 2272 ReprehendistiS‚
1107 2214 1145 2256 a
1178 2205 1347 2271 patre
1379 2199 1548 2272 quod
1584 2198 1940 2273 semigrarit.
2002 2197 2176 2272 Quod
2215 2197 2344 2271 qui-

282 2283 419 2341 dem
471 2279 588 2342 iam
638 2279 699 2340 in
752 2280 865 2341 hac
918 2288 1118 2340 aetate
1160 2279 1403 2340 minime
1443 2282 2013 2357 reprehendendum
2058 2290 2182 2342 est=
2242 2281 2345 2353 qui

286 2381 471 2441 quum
515 2372 576 2425 et
617 2381 694 2423 cx
737 2363 825 2423 rei
868 2363 1148 2438 publicae
1183 2380 1375 2424 causa
1415 2364 1532 2425 iam
1568 2374 1739 2426 esset
1769 2365 1912 2425 mihi
1941 2365 2187 2440 quidem
2219 2380 2346 2424 mo-

283 2450 526 2519 lestam,
573 2447 689 2507 sibi
733 2456 930 2507 tamen
974 2447 1310 2522 gloriosam
1350 2447 1663 2510 victoriam
1708 2457 2109 2518 consecutus,
2152 2456 2213 2507 et
2242 2464 2351 2521 per

281 2540 541 2593 aetatem
587 2530 974 2605 magistratus
1021 2539 1226 2604 petere
1273 2541 1518 2605 posset,
1578 2548 1699 2591 non
1742 2533 1925 2592 modo
1972 2529 2345 2604 permittente

283 2623 474 2690 patre,
507 2616 619 2675 sed
653 2613 831 2674 etiam
862 2615 1180 2682 suadente,
1212 2615 1290 2673 ab
1319 2630 1395 2673 co
1431 2614 1797 2688 semigravit,
1825 2620 1886 2672 et
1914 2631 2097 2688 quum
2130 2614 2348 2673 domus

285 2696 476 2773 patris
515 2714 551 2756 a
595 2699 729 2760 foro
773 2698 956 2773 longe
1001 2698 1279 2769 abesset,
1326 2715 1448 2772 quo
1494 2697 1730 2758 facilius
1763 2705 1824 2758 et
1857 2705 2102 2758 nostras
2130 2698 2349 2757 domus

283 2780 459 2841 obire
504 2788 567 2841 et
605 2779 743 2855 ipse
781 2798 812 2840 a
862 2781 991 2850 suis
1040 2780 1159 2844 coli
1203 2789 1445 2856 posset,
1489 2781 1784 2841 conduxit
1828 2781 1886 2841 in
1921 2779 2181 2853 Palatio,
2227 2798 2346 2840 non

284 2880 527 2939 magno,
558 2864 825 2924 domum.
887 2865 1043 2923 VIlI.
1083 2864 1212 2937 Quo
1245 2867 1383 2925 loco
1418 2881 1673 2938 possum
1705 2864 1908 2925 dicere
1937 2864 2030 2939 id,
2063 2866 2227 2940 quod
2260 2865 2352 2922 vir

286 2946 696 3019 clarissimus,
737 2948 815 3006 Μ.
850 2949 1138 3017 Crassus,
1190 2964 1377 3021 quum
1418 2949 1494 3008 de
1538 2949 1803 3009 adventu
1831 2949 1995 3024 regis
2022 2947 2353 3009 Ptolemaei

287 3042 660 3108 quereretur,
701 3033 902 3104 paullo
933 3039 1072 3090 ante
1103 3030 1275 3101 dixit,

547 3116 781 3175 Utinam
805 3134 882 3175 ne
907 3133 969 3175 m
994 3131 1231 3175 nemore
1256 3117 1420 3176 Pelio
1443 3149 1485 3159 -
1504 3150 1543 3160 -
1565 3149 1605 3160 -

142 3263 148 3269 ,
209 3270 212 3273 ,
288 3215 363 3258 ac
393 3198 635 3273 longius
671 3200 917 3271 quidem
947 3198 1090 3257 mihi
1125 3205 1452 3258 contexere
1484 3199 1600 3259 hoc
1632 3216 1872 3259 carmen
1905 3200 2130 3257 liceret.

542 3282 697 3342 Nam
717 3299 1036 3356 numquam
1065 3283 1215 3343 hera
1241 3289 1457 3342 errans

288 3367 442 3427 hanc
476 3367 814 3429 molestiam
843 3368 1021 3428 nobis
1057 3363 1389 3437 exhiberet,
