2514 3928
48 262 117 318 ει
714 250 882 312 CAP.
909 259 1104 316 4—6.
1141 258 1194 319 s.
1223 261 1452 314 9—15.
2012 251 2133 318 179

1943 324 1974 331 -.

53 420 302 481 semper
326 421 398 465 se
420 402 588 464 dicet
621 403 823 476 rogari
861 399 1162 476 voluisse,
1209 403 1609 479 sempersibi
1649 403 2015 481 supplicat-ie
2060 425 2129 468 se

50 489 133 550 M.
164 485 528 562 Seium‚·qui
562 503 639 546 ne
688 493 1034 562 equestrem
1066 485 1311 563 quidem
1335 488 1733 562 splendorem
1763 489 2128 553 ineolumem

50 591 90 634 a
119 570 457 632 calamitate
488 568 693 630 iudicii
719 568 1329 646 retinerepotuisset,
1355 570 1581 632 homini
1606 571 2008 649 nobilissimo,
2041 573 2131 635 in-

53 653 514 726 nocentissimo,
547 653 1072 729 eloquentissimo,
1091 652 1173 713 M.
1195 652 1420 729 Pisoni,
1441 654 1836 730 praetulisse=
1867 672 2131 734 praepo·

54 737 260 800 suisse
288 754 356 799 se
389 736 454 812 Q.
482 737 729 812 Catulo,
758 751 994 798 summa
1016 737 1077 796 in
1113 736 1340 799 familia
1371 745 1544 810 nam,
1587 738 2045 815 sapientissimo
2070 749 2133 804 et

53 821 441 884 sanctissimo
475 821 635 892 viro,
682 836 804 881 non
835 820 974 882 dieo
1005 821 1066 880 C.
1098 819 1458 896 Serranum,
1488 820 1907 884 stultissimum
1940 823 2132 886 homi-

53 918 192 966 nem
226 939 310 949 -—
342 905 451 965 l'uit
477 905 640 965 enim
666 912 867 966 tamen
896 903 1122 981 ,nobilis
1151 938 1245 978 -,
1285 922 1406 966 non
1440 905 1501 966 C.
1521 905 1873 978 Fimbriam,
1904 923 2131 969 novum

50 987 357 1050 hominem
394 1021 483 1037 -—-
524 989 633 1049 fuit
672 987 832 1049 enim
871 999 936 1049 et
960 987 1160 1067 *animi
1207 990 1356 1050 satis
1406 990 1603 1065 magni
1645 997 1711 1050 et
1758 989 1999 1052 consilii
2028 1025 2132 1066 —,

52 1073 168 1134 sed
196 1071 642 1146 Cn.·Manlium,
686 1088 811 1131 non
846 1073 1047 1131 solum
1078 1070 1435 1147 ignobilem,
1482 1088 1690 1134 verum
1724 1072 1859 1134 sine
1893 1073 2131 1149 vii-tute,

53 1154 187 1216 sine
214 1153 492 1228 ingenio,
545 1155 668 1213 vita
696 1155 873 1214 etiam
904 1161 1254 1228 contempta
1281 1172 1355 1215 ae
1386 1156 1654 1229 soreb‘da.
1742 1155 1842 1218 13.
1878 1153 2133 1220 Deside-

53 1244 266 1298 rarunt
298 1244 375 1307 te,
406 1234 618 1308 inquit,
654 1234 816 1294 oculi
846 1235 982 1307 mei,
1014 1251 1201 1309 quum
1230 1244 1294 1315 tu
1324 1250 1501 1297 esses
1526 1238 1942 1314 Cyrenistme
1970 1242 2133 1302 enim

54 1334 242 1394 quam
271 1316 481 1395 socios
511 1324 611 1375 tua
640 1317 753 1376 frui
783 1319 1003 1377 virtute
1034 1317 1361 1390 malebam,
1397 1324 1473 1387 et,
1509 1337 1631 1394 quo
1658 1321 1809 1393 plus·
1830 1321 2132 1395 intererat,

54 1415 134 1463 eo
166 1400 309 1479 plus
338 1399 550 1458 aberat
587 1415 624 1459 a
650 1415 778 1471 me,
821 1415 1008 1474 quum
1034 1407 1097 1460 te
1126 1415 1247 1460 non
1282 1400 1579 1459 videbam.
1667 1397 1901 1462 Deinde
1931 1403 2134 1464 sitien·

57 1492 180 1546 tem
218 1497 320 1542 me
363 1480 600 1543 virtutis
663 1488 806 1542 tuae
860 1480 1191 1543 deseruisti
1242 1498 1324 1542 ae·
1371 1483 1683 1561 reliqmsti.
1711 1514 1718 1524 ι
1825 1483 2135 1560 coeperas

54 1569 218 1628 enim
244 1574 455 1640 petere
478 1564 855 1625 tribunatum·
867 1563 1069 1640 plebis
1090 1563 1471 1640 temporibus
1500 1563 1595 1641 iis,
1625 1581 1788 1640 quae
1809 1558 1987 1628 istam
2011 1569 2136 1629 elo-

54 1649 366 1727 quentiam
411 1656 473 1709 et
511 1647 790 1709 virtutem
836 1646 1266 1724 requirebantz
1324 1662 1505 1723 quam
1549 1649 1903 1724 petitionem
1950 1667 2137 1726 quum

51 1732 438 1810 reliquisseS‚
475 1731 530 1792 si
552 1732 671 1794 hoe
695 1728 998 1805 indicasti,
1029 1738 1195 1793 tanta
1228 1731 1289 1790 in
1327 1739 1688 1806 tempestate
1712 1741 1771 1794 te
1793 1735 2137 1808 gubernare

55 1833 178 1879 non
212 1831 437 1892 posse,
484 1815 564 1876 de
611 1815 828 1875 virtute
869 1821 973 1875 tua
1011 1813 1313 1876 dubitavi:
1364 1816 1418 1875 si
1459 1817 1655 1890 nolle,
1696 1817 1776 1877 de
1805 1818 2137 1879 voluntate.

55 1899 187 1975 Sin,
220 1899 393 1976 quod
429 1899 635 1974 magis·
654 1897 944 1975 intelligo,
979 1898 1354 1975 temporibus
1381 1906 1445 1958 te
1474 1897 1611 1959 aliis
1633 1899 1987 1977 reservasti,
2016 1917 2135 1976 ego

56 1999 338 2061 quoque,
380 1982 616 2057 inquiet
649 1981 914 2058 populus
946 1983 1289 2056 Romanus,
1332 1982 1413 2042 ad
1448 1998 1524 2042 ea
1545 1981 1624 2044 ‘te
1656 1992 1931 2061 tempora
1958 2001 2137 2046 revo-

56 2066 216 2141 cavi,
244 2067 327 2126 ad
357 2081 517 2140 quae
544 2074 606 2127 tu
634 2074 694 2127 te
722 2065 861 2142 ipse
894 2081 1197 2127 servaras.
1270 2065 1414 2126 Pete
1443 2066 1625 2141 igitur
1650 2083 1791 2128 eum
1820 2066 2139 2142 magistra·

61 2158 221 2224 tum,
263 2148 325 2209 in
370 2165 492 2223 quo
523 2148 666 2208 mihi
707 2164 964 2224 magnae
1006 2148 1240 2211 utilitati
1271 2164 1418 2209 esse
1435 2149 1685 2224 possis=
1727 2151 1961 2210 aediles
2004 2146 2137 2225 qui·

61 2250 325 2305 eumque
366 2242 572 2305 erunt,
617 2232 795 2293 iidem
840 2231 984 2291 mihi
1034 2240 1187 2293 sunt.
1232 2231 1359 2293 ludi
1400 2232 1625 2312 putatia
1668 2232 1890 2293 tribuni
1933 2230 2138 2309 plebis

59 2316 376 2396 permagni
418 2309 811 2392 interestfflui
853 2314 992 2379 sint.
1082 2316 1210 2390 Qua
1263 2332 1330 2376 re
1382 2322 1489 2375 aut
1527 2317 1718 2376 redde
1763 2315 1909 2377 mihi
1963 2316 2138 2391 quod

64 2400 448 2475 ostenderas,
472 2406 577 2460 aut
602 2398 655 2460 si
667 2398 838 2475 quod
848 2415 987 2459 mea
996 2399 1202 2460 minus
1227 2398 1563 2474 interest,id
1577 2407 1634 2459 te
1650 2399 1843 2475 magis
1859 2400 2015 2461 forte
2032 2401 2137 2459 de-

63 2484 276 2559 lectat,
319 2483 577 2545 reddam
627 2481 731 2544 tibi
773 2482 949 2543 istam
993 2481 1360 2544 aedilitatem
1403 2482 1583 2542 etiam
1626 2482 2007 2556 negligenter
2033 2497 2138 2556 pe-

61 2566 240 2629 tentix
282 2566 400 2629 sed
430 2564 847 2643 amplissimos
888 2566 1157 2626 honores
1202 2572 1269 2626 ut
1306 2581 1418 2639 pro
1470 2562 1762 2640 dignitate
1787 2572 1893 2626 tua
1919 2578 2141 2625 conse—

60 2665 278 2727 quare,
307 2648 657 2723 condiscas,
687 2664 914 2710 eenseo
934 2693 949 2721 ,
976 2646 1120 2707 mihi
1150 2648 1357 2723 paullo
1393 2645 1742 2721 diligentius
1771 2644 2139 2721 supplicare.

233 2732 338 2793 VI.
378 2731 474 2793 14.
514 2733 684 2794 Haeo
698 2731 926 2812 *puli
967 2730 1162 2793 oratio
1203 2736 1329 2801 est,
1371 2744 1509 2788 mea
1549 2744 1696 2788 vero
1711 2770 1727 2799 ,
1767 2726 2142 2800 Laterensis,

60 2816 255 2879 haam
285 2814 417 2891 Qua
446 2832 515 2879 re
542 2814 742 2877 vietus
775 2814 864 2876 sis
900 2831 1020 2875 non
1055 2814 1282 2876 debere
1305 2811 1575 2873 iudicem
1608 2825 1921 2887 quaerere,
1956 2813 2140 2875 modo

60 2913 150 2962 ne
171 2898 492 2977 largitione
525 2897 613 2961 sis
643 2897 861 2960 vietus.
929 2899 1078 2959 Nam
1109 2899 1162 2958 si
1198 2896 1751 2972 quotienscumque
1781 2895 2143 2972 praeteritus

60 2981 183 3047 erit
227 2978 312 3057 iS‚
365 2980 474 3059 qui
510 2999 635 3043 non
676 2983 955 3044 debuerit
982 2979 1328 3057 praeteriri,
1370 2978 1589 3042 totiens
1631 2980 1938 3057 oportebit
1984 2996 2141 3052 eum,

63 3063 176 3143 qut
202 3064 406 3131 faetus
430 3066 576 3141 erit,
616 3066 1041 3137 condemnari,
1079 3064 1227 3126 nihil
1261 3071 1359 3126 est
1385 3063 1505 3125 iam
1533 3063 1704 3139 ‘quod
1735 3066 1964 3140 populo
1997 3079 2142 3140 sup-

62 3144 347 3229 plieelttr,
373 3145 528 3213 niitil
556 3150 725 3224 quod
750 3148 1034 3219 diribitio,
1058 3148 1205 3209 nihil
1235 3146 1406 3223 quod
1434 3147 1801 3225 supplicatio
1829 3147 2145 3223 magistra·

65 3240 266 3307 tumn,
282 3230 654 3296 renuntiatio
678 3228 1112 3305 suffragiorum
1136 3231 1566 3303 exspectetur:
1590 3226 1771 3288 simul
1792 3233 1862 3285 ut
1883 3226 1987 3300 qui
2012 3225 2135 3285 sint

69 3313 599 3395 professividero,
620 3314 852 3376 dicam:
889 3312 986 3376 15.
1007 3310 1120 3371 Hic
1143 3309 1369 3371 familia
1380 3309 1690 3371 consulari
1709 3316 1823 3378 est,
1845 3307 1949 3367 ille
1963 3321 2133 3380 prae·

70 3398 264 3463 toria:
297 3398 573 3476 reliquos
598 3398 778 3458 video
804 3410 950 3457 esse
981 3399 1060 3455 ex
1084 3392 1358 3469 equestri
1386 3393 1561 3454 loeo:
1593 3398 1738 3453 sunt
1761 3402 1978 3449 omnes
1999 3388 2136 3446 sine

65 3485 339 3556 uincula,
362 3489 508 3545 sunt
530 3497 748 3544 omnes
771 3495 973 3553 aeque
987 3478 1133 3538 boni
1159 3476 1276 3537 viri
1298 3484 1486 3548 atque
1508 3473 1744 3610 integi-j,
1771 3468 1884 3528 sed
1897 3464 2134 3524 servari
