<?xml version="1.0" encoding="UTF-8"?>
<!DOCTYPE html PUBLIC "-//W3C//DTD XHTML 1.0 Transitional//EN"
    "http://www.w3.org/TR/xhtml1/DTD/xhtml1-transitional.dtd">
<html xmlns="http://www.w3.org/1999/xhtml" xml:lang="en" lang="en">
 <head>
  <title>
</title>
<meta http-equiv="Content-Type" content="text/html;charset=utf-8" />
  <meta name='ocr-system' content='tesseract 3.04.00' />
  <meta name='ocr-capabilities' content='ocr_page ocr_carea ocr_par ocr_line ocrx_word'/>
</head>
<body>
  <div class='ocr_page' id='page_1' title='image "./scriptaquaemans02cicegoog_0082.png"; bbox 0 0 2514 3928; ppageno 0'>
   <div class='ocr_carea' id='block_1_1' title="bbox 187 133 1690 199">
    <p class='ocr_par' dir='ltr' id='par_1_1' title="bbox 187 133 1690 199">
     <span class='ocr_line' id='line_1_1' title="bbox 187 133 1690 199; baseline -0.003 -1"><span class='ocrx_word' id='word_1_1' title='bbox 187 136 274 199; x_wconf 76' lang='lat'><strong>24</strong></span> <span class='ocrx_word' id='word_1_2' title='bbox 796 133 946 196; x_wconf 88' lang='lat' dir='ltr'><strong>PRO</strong></span> <span class='ocrx_word' id='word_1_3' title='bbox 980 135 1043 195; x_wconf 91' lang='lat' dir='ltr'><strong>P.</strong></span> <span class='ocrx_word' id='word_1_4' title='bbox 1083 133 1351 195; x_wconf 81' lang='lat' dir='ltr'>SESTIO</span> <span class='ocrx_word' id='word_1_5' title='bbox 1390 133 1690 193; x_wconf 81' lang='lat' dir='ltr'><strong>ORATlO.</strong></span> 
     </span>
    </p>
   </div>
   <div class='ocr_carea' id='block_1_2' title="bbox 178 284 2277 3467">
    <p class='ocr_par' dir='ltr' id='par_1_2' title="bbox 189 284 2277 2459">
     <span class='ocr_line' id='line_1_2' title="bbox 191 284 2272 364; baseline 0 -17"><span class='ocrx_word' id='word_1_6' title='bbox 191 286 341 364; x_wconf 86' lang='lat' dir='ltr'><strong>quid</strong></span> <span class='ocrx_word' id='word_1_7' title='bbox 376 287 727 362; x_wconf 72' lang='lat' dir='ltr'>magnitudo</span> <span class='ocrx_word' id='word_1_8' title='bbox 758 286 972 361; x_wconf 90' lang='lat' dir='ltr'><strong>animi,</strong></span> <span class='ocrx_word' id='word_1_9' title='bbox 1017 286 1165 362; x_wconf 90' lang='lat' dir='ltr'><strong>quid</strong></span> <span class='ocrx_word' id='word_1_10' title='bbox 1195 284 1461 362; x_wconf 84' lang='lat' dir='ltr'><strong>denique</strong></span> <span class='ocrx_word' id='word_1_11' title='bbox 1495 285 1688 346; x_wconf 83' lang='lat' dir='ltr'><strong>virtus</strong></span> <span class='ocrx_word' id='word_1_12' title='bbox 1718 285 1977 360; x_wconf 87' lang='lat' dir='ltr'><strong>valeret,</strong></span> <span class='ocrx_word' id='word_1_13' title='bbox 2023 304 2182 362; x_wconf 91' lang='lat' dir='ltr'><strong>quae</strong></span> <span class='ocrx_word' id='word_1_14' title='bbox 2213 288 2272 349; x_wconf 85' lang='lat' dir='ltr'><strong>in</strong></span> 
     </span>
     <span class='ocr_line' id='line_1_3' title="bbox 194 369 2273 446; baseline 0 -14"><span class='ocrx_word' id='word_1_15' title='bbox 194 377 554 446; x_wconf 76' lang='lat' dir='ltr'><strong>tempestate</strong></span> <span class='ocrx_word' id='word_1_16' title='bbox 585 386 775 433; x_wconf 88' lang='lat' dir='ltr'><strong>saeva</strong></span> <span class='ocrx_word' id='word_1_17' title='bbox 808 371 1016 446; x_wconf 89' lang='lat' dir='ltr'><strong>quieta</strong></span> <span class='ocrx_word' id='word_1_18' title='bbox 1044 379 1140 432; x_wconf 88' lang='lat' dir='ltr'><strong>est</strong></span> <span class='ocrx_word' id='word_1_19' title='bbox 1167 378 1229 432; x_wconf 92' lang='lat' dir='ltr'><strong>et</strong></span> <span class='ocrx_word' id='word_1_20' title='bbox 1256 372 1420 431; x_wconf 86' lang='lat' dir='ltr'><strong>lucet</strong></span> <span class='ocrx_word' id='word_1_21' title='bbox 1446 370 1506 430; x_wconf 91' lang='lat' dir='ltr'><strong>in</strong></span> <span class='ocrx_word' id='word_1_22' title='bbox 1539 369 1809 430; x_wconf 88' lang='lat' dir='ltr'><strong>tenebris</strong></span> <span class='ocrx_word' id='word_1_23' title='bbox 1837 378 1900 432; x_wconf 91' lang='lat' dir='ltr'><strong>et</strong></span> <span class='ocrx_word' id='word_1_24' title='bbox 1930 372 2109 445; x_wconf 88' lang='lat' dir='ltr'><strong>pulsa</strong></span> <span class='ocrx_word' id='word_1_25' title='bbox 2131 373 2273 433; x_wconf 92' lang='lat' dir='ltr'><strong>loco</strong></span> 
     </span>
     <span class='ocr_line' id='line_1_4' title="bbox 192 453 2277 529; baseline 0.001 -16"><span class='ocrx_word' id='word_1_26' title='bbox 192 462 396 522; x_wconf 82' lang='lat' dir='ltr'><strong>manet</strong></span> <span class='ocrx_word' id='word_1_27' title='bbox 441 463 641 516; x_wconf 89' lang='lat' dir='ltr'><strong>tamen</strong></span> <span class='ocrx_word' id='word_1_28' title='bbox 692 461 878 529; x_wconf 85' lang='lat' dir='ltr'><strong>atque</strong></span> <span class='ocrx_word' id='word_1_29' title='bbox 926 454 1137 515; x_wconf 83' lang='lat' dir='ltr'><strong>haeret</strong></span> <span class='ocrx_word' id='word_1_30' title='bbox 1178 455 1237 513; x_wconf 90' lang='lat' dir='ltr'><strong>in</strong></span> <span class='ocrx_word' id='word_1_31' title='bbox 1287 453 1483 529; x_wconf 85' lang='lat' dir='ltr'><strong>patria</strong></span> <span class='ocrx_word' id='word_1_32' title='bbox 1527 453 1935 529; x_wconf 83' lang='lat' dir='ltr'><strong>splendetque</strong></span> <span class='ocrx_word' id='word_1_33' title='bbox 1977 471 2090 529; x_wconf 87' lang='lat' dir='ltr'><strong>per</strong></span> <span class='ocrx_word' id='word_1_34' title='bbox 2129 471 2277 516; x_wconf 87' lang='lat' dir='ltr'><strong>sese</strong></span> 
     </span>
     <span class='ocr_line' id='line_1_5' title="bbox 193 538 2276 615; baseline 0 -17"><span class='ocrx_word' id='word_1_35' title='bbox 193 555 440 613; x_wconf 85' lang='lat' dir='ltr'><strong>semper</strong></span> <span class='ocrx_word' id='word_1_36' title='bbox 468 554 672 615; x_wconf 90' lang='lat' dir='ltr'><strong>neque</strong></span> <span class='ocrx_word' id='word_1_37' title='bbox 712 539 929 599; x_wconf 80' lang='lat' dir='ltr'><strong>alienis</strong></span> <span class='ocrx_word' id='word_1_38' title='bbox 961 554 1250 614; x_wconf 86' lang='lat' dir='ltr'><strong>umquam</strong></span> <span class='ocrx_word' id='word_1_39' title='bbox 1287 539 1575 598; x_wconf 88' lang='lat' dir='ltr'><strong>sordibus</strong></span> <span class='ocrx_word' id='word_1_40' title='bbox 1612 538 1965 598; x_wconf 85' lang='lat' dir='ltr'><strong>obsolescit.</strong></span> <span class='ocrx_word' id='word_1_41' title='bbox 2024 539 2164 599; x_wconf 79' lang='lat' dir='ltr'><strong>Non·</strong></span> <span class='ocrx_word' id='word_1_42' title='bbox 2189 539 2276 599; x_wconf 91' lang='lat' dir='ltr'><strong>illi</strong></span> 
     </span>
     <span class='ocr_line' id='line_1_6' title="bbox 194 621 2273 697; baseline -0.001 -14"><span class='ocrx_word' id='word_1_43' title='bbox 194 623 533 683; x_wconf 89' lang='lat' dir='ltr'><strong>ornandum</strong></span> <span class='ocrx_word' id='word_1_44' title='bbox 563 623 644 682; x_wconf 92' lang='lat' dir='ltr'><strong>M.</strong></span> <span class='ocrx_word' id='word_1_45' title='bbox 678 622 998 696; x_wconf 89' lang='lat' dir='ltr'><strong>Catonem,</strong></span> <span class='ocrx_word' id='word_1_46' title='bbox 1033 623 1145 683; x_wconf 91' lang='lat' dir='ltr'><strong>sed</strong></span> <span class='ocrx_word' id='word_1_47' title='bbox 1174 623 1600 697; x_wconf 86' lang='lat' dir='ltr'><strong>relegandum,</strong></span> <span class='ocrx_word' id='word_1_48' title='bbox 1640 637 1751 680; x_wconf 92' lang='lat' dir='ltr'><strong>nec</strong></span> <span class='ocrx_word' id='word_1_49' title='bbox 1784 621 1865 681; x_wconf 87' lang='lat' dir='ltr'><strong>illi</strong></span> <span class='ocrx_word' id='word_1_50' title='bbox 1897 622 2273 683; x_wconf 88' lang='lat' dir='ltr'><strong>committen-</strong></span> 
     </span>
     <span class='ocr_line' id='line_1_7' title="bbox 195 705 2270 785; baseline 0 -20"><span class='ocrx_word' id='word_1_51' title='bbox 195 708 339 766; x_wconf 89' lang='lat' dir='ltr'><strong>dum</strong></span> <span class='ocrx_word' id='word_1_52' title='bbox 380 706 529 766; x_wconf 91' lang='lat' dir='ltr'><strong>illud</strong></span> <span class='ocrx_word' id='word_1_53' title='bbox 576 708 923 785; x_wconf 80' lang='lat' dir='ltr'><strong>negotium,</strong></span> <span class='ocrx_word' id='word_1_54' title='bbox 977 707 1089 767; x_wconf 90' lang='lat' dir='ltr'><strong>sed</strong></span> <span class='ocrx_word' id='word_1_55' title='bbox 1131 705 1569 780; x_wconf 88' lang='lat' dir='ltr'><strong>imponendum</strong></span> <span class='ocrx_word' id='word_1_56' title='bbox 1617 713 2012 780; x_wconf 87' lang='lat' dir='ltr'><strong>putaverunt,</strong></span> <span class='ocrx_word' id='word_1_57' title='bbox 2066 707 2168 781; x_wconf 91' lang='lat' dir='ltr'><strong>qui</strong></span> <span class='ocrx_word' id='word_1_58' title='bbox 2211 707 2270 766; x_wconf 92' lang='lat' dir='ltr'><strong>in</strong></span> 
     </span>
     <span class='ocr_line' id='line_1_8' title="bbox 193 789 2274 867; baseline 0 -17"><span class='ocrx_word' id='word_1_59' title='bbox 193 790 480 851; x_wconf 88' lang='lat' dir='ltr'><strong>contione</strong></span> <span class='ocrx_word' id='word_1_60' title='bbox 514 793 715 867; x_wconf 82' lang='lat' dir='ltr'><strong>palam</strong></span> <span class='ocrx_word' id='word_1_61' title='bbox 740 790 1005 853; x_wconf 84' lang='lat' dir='ltr'><strong>dixerint</strong></span> <span class='ocrx_word' id='word_1_62' title='bbox 1025 790 1296 865; x_wconf 82' lang='lat' dir='ltr'><strong>linguam</strong></span> <span class='ocrx_word' id='word_1_63' title='bbox 1326 805 1396 850; x_wconf 90' lang='lat' dir='ltr'><strong>se</strong></span> <span class='ocrx_word' id='word_1_64' title='bbox 1425 789 1714 850; x_wconf 91' lang='lat' dir='ltr'><strong>evellisse</strong></span> <span class='ocrx_word' id='word_1_65' title='bbox 1736 789 1817 848; x_wconf 93' lang='grc' dir='ltr'><strong>Μ.</strong></span> <span class='ocrx_word' id='word_1_66' title='bbox 1846 789 2076 861; x_wconf 88' lang='lat' dir='ltr'><strong>Catoni,</strong></span> <span class='ocrx_word' id='word_1_67' title='bbox 2114 806 2274 864; x_wconf 83' lang='lat' dir='ltr'><strong>quae</strong></span> 
     </span>
     <span class='ocr_line' id='line_1_9' title="bbox 194 873 2273 949; baseline -0 -15"><span class='ocrx_word' id='word_1_68' title='bbox 194 891 441 949; x_wconf 84' lang='lat' dir='ltr'><strong>semper</strong></span> <span class='ocrx_word' id='word_1_69' title='bbox 467 884 676 935; x_wconf 85' lang='lat' dir='ltr'><strong>contra</strong></span> <span class='ocrx_word' id='word_1_70' title='bbox 700 873 1218 935; x_wconf 88' lang='lat' dir='ltr'><strong>extraordinarias</strong></span> <span class='ocrx_word' id='word_1_71' title='bbox 1243 880 1581 949; x_wconf 87' lang='lat' dir='ltr'><strong>potestates</strong></span> <span class='ocrx_word' id='word_1_72' title='bbox 1611 873 1801 932; x_wconf 86' lang='lat' dir='ltr'><strong>libera</strong></span> <span class='ocrx_word' id='word_1_73' title='bbox 1831 873 2065 936; x_wconf 79' lang='lat' dir='ltr'><strong>fuisset.</strong></span> <span class='ocrx_word' id='word_1_74' title='bbox 2119 874 2273 934; x_wconf 88' lang='lat' dir='ltr'><strong>Sen-</strong></span> 
     </span>
     <span class='ocr_line' id='line_1_10' title="bbox 195 957 2274 1034; baseline -0.001 -16"><span class='ocrx_word' id='word_1_75' title='bbox 195 958 370 1031; x_wconf 88' lang='lat' dir='ltr'><strong>tient,</strong></span> <span class='ocrx_word' id='word_1_76' title='bbox 424 966 487 1017; x_wconf 90' lang='lat' dir='ltr'><strong>ut</strong></span> <span class='ocrx_word' id='word_1_77' title='bbox 516 974 734 1033; x_wconf 77' lang='lat' dir='ltr'><strong>spem,</strong></span> <span class='ocrx_word' id='word_1_78' title='bbox 789 957 963 1018; x_wconf 87' lang='lat' dir='ltr'><strong>brevi</strong></span> <span class='ocrx_word' id='word_1_79' title='bbox 991 966 1266 1034; x_wconf 89' lang='lat' dir='ltr'><strong>tempore</strong></span> <span class='ocrx_word' id='word_1_80' title='bbox 1295 973 1540 1017; x_wconf 90' lang='lat' dir='ltr'><strong>manere</strong></span> <span class='ocrx_word' id='word_1_81' title='bbox 1572 957 1909 1016; x_wconf 86' lang='lat' dir='ltr'><strong>libertatem</strong></span> <span class='ocrx_word' id='word_1_82' title='bbox 1944 958 2132 1031; x_wconf 88' lang='lat' dir='ltr'><strong>illam,</strong></span> <span class='ocrx_word' id='word_1_83' title='bbox 2183 965 2274 1016; x_wconf 87' lang='lat' dir='ltr'><strong>at-</strong></span> 
     </span>
     <span class='ocr_line' id='line_1_11' title="bbox 195 1040 2273 1119; baseline 0 -18"><span class='ocrx_word' id='word_1_84' title='bbox 195 1057 318 1117; x_wconf 89' lang='lat' dir='ltr'><strong>que</strong></span> <span class='ocrx_word' id='word_1_85' title='bbox 348 1040 468 1101; x_wconf 90' lang='lat' dir='ltr'><strong>hoc</strong></span> <span class='ocrx_word' id='word_1_86' title='bbox 499 1044 706 1115; x_wconf 88' lang='lat' dir='ltr'><strong>etiam,</strong></span> <span class='ocrx_word' id='word_1_87' title='bbox 758 1041 812 1100; x_wconf 91' lang='lat' dir='ltr'><strong>si</strong></span> <span class='ocrx_word' id='word_1_88' title='bbox 852 1040 986 1101; x_wconf 88' lang='lat' dir='ltr'><strong>fieri</strong></span> <span class='ocrx_word' id='word_1_89' title='bbox 1026 1042 1323 1119; x_wconf 88' lang='lat' dir='ltr'><strong>potuerit,</strong></span> <span class='ocrx_word' id='word_1_90' title='bbox 1372 1057 1534 1101; x_wconf 25' lang='lat' dir='ltr'><strong>esser</strong></span> <span class='ocrx_word' id='word_1_91' title='bbox 1558 1040 1879 1113; x_wconf 85' lang='lat' dir='ltr'><strong>maiorem,</strong></span> <span class='ocrx_word' id='word_1_92' title='bbox 1931 1042 2099 1116; x_wconf 87' lang='lat' dir='ltr'><strong>quod</strong></span> <span class='ocrx_word' id='word_1_93' title='bbox 2133 1057 2273 1101; x_wconf 86' lang='lat' dir='ltr'><strong>cum</strong></span> 
     </span>
     <span class='ocr_line' id='line_1_12' title="bbox 194 1123 2274 1200; baseline 0 -16"><span class='ocrx_word' id='word_1_94' title='bbox 194 1125 550 1185; x_wconf 90' lang='lat' dir='ltr'><strong>consulibus</strong></span> <span class='ocrx_word' id='word_1_95' title='bbox 580 1125 699 1185; x_wconf 90' lang='lat' dir='ltr'><strong>illis</strong></span> <span class='ocrx_word' id='word_1_96' title='bbox 722 1124 801 1184; x_wconf 92' lang='lat' dir='ltr'><strong>M.</strong></span> <span class='ocrx_word' id='word_1_97' title='bbox 835 1125 1011 1199; x_wconf 90' lang='lat' dir='ltr'><strong>Cato,</strong></span> <span class='ocrx_word' id='word_1_98' title='bbox 1048 1125 1228 1187; x_wconf 89' lang='lat' dir='ltr'><strong>etiam</strong></span> <span class='ocrx_word' id='word_1_99' title='bbox 1253 1143 1437 1200; x_wconf 90' lang='lat' dir='ltr'><strong>quum</strong></span> <span class='ocrx_word' id='word_1_100' title='bbox 1470 1125 1588 1184; x_wconf 88' lang='lat' dir='ltr'><strong>iam</strong></span> <span class='ocrx_word' id='word_1_101' title='bbox 1615 1125 2009 1200; x_wconf 83' lang='lat' dir='ltr'><strong>desperasset</strong></span> <span class='ocrx_word' id='word_1_102' title='bbox 2036 1123 2274 1199; x_wconf 87' lang='lat' dir='ltr'><strong>aliquid</strong></span> 
     </span>
     <span class='ocr_line' id='line_1_13' title="bbox 192 1207 2271 1287; baseline 0 -19"><span class='ocrx_word' id='word_1_103' title='bbox 192 1210 547 1269; x_wconf 87' lang='lat' dir='ltr'><strong>auctoritate</strong></span> <span class='ocrx_word' id='word_1_104' title='bbox 578 1224 691 1269; x_wconf 90' lang='lat' dir='ltr'><strong>sua</strong></span> <span class='ocrx_word' id='word_1_105' title='bbox 723 1209 940 1284; x_wconf 87' lang='lat' dir='ltr'><strong>profici</strong></span> <span class='ocrx_word' id='word_1_106' title='bbox 970 1225 1195 1287; x_wconf 86' lang='lat' dir='ltr'><strong>posse,</strong></span> <span class='ocrx_word' id='word_1_107' title='bbox 1229 1217 1427 1270; x_wconf 85' lang='lat' dir='ltr'><strong>tamen</strong></span> <span class='ocrx_word' id='word_1_108' title='bbox 1462 1225 1615 1269; x_wconf 89' lang='lat' dir='ltr'><strong>voce</strong></span> <span class='ocrx_word' id='word_1_109' title='bbox 1645 1207 1784 1284; x_wconf 89' lang='lat' dir='ltr'><strong>ipsa</strong></span> <span class='ocrx_word' id='word_1_110' title='bbox 1812 1224 1883 1267; x_wconf 89' lang='lat' dir='ltr'><strong>ac</strong></span> <span class='ocrx_word' id='word_1_111' title='bbox 1913 1209 2128 1269; x_wconf 91' lang='lat' dir='ltr'><strong>dolore</strong></span> <span class='ocrx_word' id='word_1_112' title='bbox 2161 1225 2271 1283; x_wconf 87' lang='lat' dir='ltr'><strong>pu·</strong></span> 
     </span>
     <span class='ocr_line' id='line_1_14' title="bbox 192 1290 2273 1368; baseline 0.001 -17"><span class='ocrx_word' id='word_1_113' title='bbox 192 1293 429 1368; x_wconf 89' lang='lat' dir='ltr'><strong>gnavit,</strong></span> <span class='ocrx_word' id='word_1_114' title='bbox 482 1300 542 1353; x_wconf 91' lang='lat' dir='ltr'><strong>et</strong></span> <span class='ocrx_word' id='word_1_115' title='bbox 592 1301 737 1368; x_wconf 90' lang='lat' dir='ltr'><strong>post</strong></span> <span class='ocrx_word' id='word_1_116' title='bbox 785 1310 986 1354; x_wconf 90' lang='lat' dir='ltr'><strong>meum</strong></span> <span class='ocrx_word' id='word_1_117' title='bbox 1035 1293 1382 1355; x_wconf 82' lang='lat' dir='ltr'><strong>discessum</strong></span> <span class='ocrx_word' id='word_1_118' title='bbox 1428 1292 1503 1353; x_wconf 92' lang='lat' dir='ltr'><strong>iis</strong></span> <span class='ocrx_word' id='word_1_119' title='bbox 1534 1292 1821 1352; x_wconf 90' lang='lat' dir='ltr'><strong>Pisonem</strong></span> <span class='ocrx_word' id='word_1_120' title='bbox 1865 1291 2070 1353; x_wconf 90' lang='lat' dir='ltr'><strong>verbis</strong></span> <span class='ocrx_word' id='word_1_121' title='bbox 2110 1290 2273 1353; x_wconf 84' lang='lat' dir='ltr'><strong>flens</strong></span> 
     </span>
     <span class='ocr_line' id='line_1_15' title="bbox 193 1374 2272 1452; baseline -0.001 -16"><span class='ocrx_word' id='word_1_122' title='bbox 193 1393 392 1437; x_wconf 89' lang='lat' dir='ltr'><strong>meum</strong></span> <span class='ocrx_word' id='word_1_123' title='bbox 422 1385 482 1437; x_wconf 92' lang='lat' dir='ltr'><strong>et</strong></span> <span class='ocrx_word' id='word_1_124' title='bbox 508 1376 597 1437; x_wconf 92' lang='lat' dir='ltr'><strong>rei</strong></span> <span class='ocrx_word' id='word_1_125' title='bbox 636 1377 917 1452; x_wconf 88' lang='lat' dir='ltr'><strong>publicae</strong></span> <span class='ocrx_word' id='word_1_126' title='bbox 951 1394 1162 1439; x_wconf 88' lang='lat' dir='ltr'><strong>casum</strong></span> <span class='ocrx_word' id='word_1_127' title='bbox 1193 1376 1465 1449; x_wconf 85' lang='lat' dir='ltr'><strong>vexavit,</strong></span> <span class='ocrx_word' id='word_1_128' title='bbox 1504 1387 1567 1436; x_wconf 91' lang='lat' dir='ltr'><strong>ut</strong></span> <span class='ocrx_word' id='word_1_129' title='bbox 1599 1376 1766 1436; x_wconf 88' lang='lat' dir='ltr'><strong>illum</strong></span> <span class='ocrx_word' id='word_1_130' title='bbox 1797 1374 2101 1436; x_wconf 88' lang='lat' dir='ltr'><strong>hominem</strong></span> <span class='ocrx_word' id='word_1_131' title='bbox 2133 1392 2272 1452; x_wconf 87' lang='lat' dir='ltr'><strong>per-</strong></span> 
     </span>
     <span class='ocr_line' id='line_1_16' title="bbox 192 1458 2272 1537; baseline -0 -16"><span class='ocrx_word' id='word_1_132' title='bbox 192 1460 557 1522; x_wconf 88' lang='lat' dir='ltr'><strong>ditissimum</strong></span> <span class='ocrx_word' id='word_1_133' title='bbox 608 1470 794 1537; x_wconf 85' lang='lat' dir='ltr'><strong>atque</strong></span> <span class='ocrx_word' id='word_1_134' title='bbox 847 1461 1441 1537; x_wconf 89' lang='lat' dir='ltr'><strong>impudentissimum</strong></span> <span class='ocrx_word' id='word_1_135' title='bbox 1495 1476 1692 1536; x_wconf 88' lang='lat' dir='ltr'><strong>paene</strong></span> <span class='ocrx_word' id='word_1_136' title='bbox 1745 1460 1865 1520; x_wconf 88' lang='lat' dir='ltr'><strong>iam</strong></span> <span class='ocrx_word' id='word_1_137' title='bbox 1916 1458 2272 1535; x_wconf 88' lang='lat' dir='ltr'><strong>provinciae</strong></span> 
     </span>
     <span class='ocr_line' id='line_1_17' title="bbox 193 1542 2272 1620; baseline -0 -15"><span class='ocrx_word' id='word_1_138' title='bbox 193 1544 550 1620; x_wconf 86' lang='lat' dir='ltr'><strong>poeniteret.</strong></span> <span class='ocrx_word' id='word_1_139' title='bbox 627 1545 731 1605; x_wconf 85' lang='lat'><strong>61.</strong></span> <span class='ocrx_word' id='word_1_140' title='bbox 775 1544 896 1605; x_wconf 87' lang='lat' dir='ltr'><strong>Cur</strong></span> <span class='ocrx_word' id='word_1_141' title='bbox 933 1545 1117 1620; x_wconf 86' lang='lat' dir='ltr'><strong>igitur</strong></span> <span class='ocrx_word' id='word_1_142' title='bbox 1151 1544 1451 1620; x_wconf 90' lang='lat' dir='ltr'><strong>rogationi</strong></span> <span class='ocrx_word' id='word_1_143' title='bbox 1499 1543 1741 1619; x_wconf 68' lang='lat' dir='ltr'><strong>paruit?</strong></span> <span class='ocrx_word' id='word_1_144' title='bbox 1768 1577 1853 1588; x_wconf 88' lang='lat'><strong>-—</strong></span> <span class='ocrx_word' id='word_1_145' title='bbox 1892 1542 2079 1618; x_wconf 81' lang='lat' dir='ltr'><strong>Quasi</strong></span> <span class='ocrx_word' id='word_1_146' title='bbox 2123 1561 2272 1604; x_wconf 86' lang='lat' dir='ltr'><strong>vero</strong></span> 
     </span>
     <span class='ocr_line' id='line_1_18' title="bbox 190 1626 2272 1704; baseline -0.001 -16"><span class='ocrx_word' id='word_1_147' title='bbox 190 1628 292 1688; x_wconf 91' lang='lat' dir='ltr'><strong>ille</strong></span> <span class='ocrx_word' id='word_1_148' title='bbox 322 1644 443 1688; x_wconf 91' lang='lat' dir='ltr'><strong>non</strong></span> <span class='ocrx_word' id='word_1_149' title='bbox 474 1628 536 1688; x_wconf 91' lang='lat' dir='ltr'><strong>in</strong></span> <span class='ocrx_word' id='word_1_150' title='bbox 566 1626 719 1687; x_wconf 86' lang='lat' dir='ltr'><strong>alias</strong></span> <span class='ocrx_word' id='word_1_151' title='bbox 758 1645 1010 1704; x_wconf 88' lang='lat' dir='ltr'><strong>quoque</strong></span> <span class='ocrx_word' id='word_1_152' title='bbox 1040 1630 1243 1704; x_wconf 78' lang='lat' dir='ltr'><strong>legeS,</strong></span> <span class='ocrx_word' id='word_1_153' title='bbox 1291 1645 1446 1703; x_wconf 89' lang='lat' dir='ltr'><strong>quas</strong></span> <span class='ocrx_word' id='word_1_154' title='bbox 1475 1628 1699 1689; x_wconf 91' lang='lat' dir='ltr'><strong>iniuste</strong></span> <span class='ocrx_word' id='word_1_155' title='bbox 1731 1637 1980 1704; x_wconf 85' lang='lat' dir='ltr'><strong>rogatas</strong></span> <span class='ocrx_word' id='word_1_156' title='bbox 2010 1635 2272 1702; x_wconf 89' lang='lat' dir='ltr'><strong>putaret,</strong></span> 
     </span>
     <span class='ocr_line' id='line_1_19' title="bbox 192 1709 2269 1786; baseline 0.001 -16"><span class='ocrx_word' id='word_1_157' title='bbox 192 1710 310 1770; x_wconf 88' lang='lat' dir='ltr'><strong>iam</strong></span> <span class='ocrx_word' id='word_1_158' title='bbox 357 1719 501 1772; x_wconf 90' lang='lat' dir='ltr'><strong>ante</strong></span> <span class='ocrx_word' id='word_1_159' title='bbox 543 1709 790 1772; x_wconf 76' lang='lat' dir='ltr'><strong>iurarit!</strong></span> <span class='ocrx_word' id='word_1_160' title='bbox 893 1712 1025 1771; x_wconf 86' lang='lat' dir='ltr'><strong>Non</strong></span> <span class='ocrx_word' id='word_1_161' title='bbox 1060 1711 1239 1773; x_wconf 83' lang='lat' dir='ltr'><strong>offert</strong></span> <span class='ocrx_word' id='word_1_162' title='bbox 1269 1711 1470 1772; x_wconf 90' lang='lat' dir='ltr'><strong>seille</strong></span> <span class='ocrx_word' id='word_1_163' title='bbox 1502 1710 1638 1772; x_wconf 91' lang='lat' dir='ltr'><strong>istis</strong></span> <span class='ocrx_word' id='word_1_164' title='bbox 1669 1711 2141 1786; x_wconf 86' lang='lat' dir='ltr'><strong>temeritatibus,</strong></span> <span class='ocrx_word' id='word_1_165' title='bbox 2189 1720 2269 1785; x_wconf 90' lang='lat' dir='ltr'><strong>ut,</strong></span> 
     </span>
     <span class='ocr_line' id='line_1_20' title="bbox 191 1792 2269 1873; baseline 0 -20"><span class='ocrx_word' id='word_1_166' title='bbox 191 1811 377 1868; x_wconf 88' lang='lat' dir='ltr'><strong>quum</strong></span> <span class='ocrx_word' id='word_1_167' title='bbox 406 1793 498 1854; x_wconf 91' lang='lat' dir='ltr'><strong>rei</strong></span> <span class='ocrx_word' id='word_1_168' title='bbox 526 1792 809 1869; x_wconf 87' lang='lat' dir='ltr'><strong>publicae</strong></span> <span class='ocrx_word' id='word_1_169' title='bbox 840 1795 985 1854; x_wconf 89' lang='lat' dir='ltr'><strong>nihil</strong></span> <span class='ocrx_word' id='word_1_170' title='bbox 1019 1794 1240 1871; x_wconf 84' lang='lat' dir='ltr'><strong>prosit,</strong></span> <span class='ocrx_word' id='word_1_171' title='bbox 1291 1812 1361 1855; x_wconf 89' lang='lat' dir='ltr'><strong>se</strong></span> <span class='ocrx_word' id='word_1_172' title='bbox 1402 1795 1522 1856; x_wconf 89' lang='lat' dir='ltr'><strong>civi</strong></span> <span class='ocrx_word' id='word_1_173' title='bbox 1549 1812 1680 1856; x_wconf 91' lang='lat' dir='ltr'><strong>rem</strong></span> <span class='ocrx_word' id='word_1_174' title='bbox 1715 1794 2022 1871; x_wconf 86' lang='lat' dir='ltr'><strong>publicam</strong></span> <span class='ocrx_word' id='word_1_175' title='bbox 2051 1794 2269 1873; x_wconf 88' lang='lat' dir='ltr'><strong>privet.</strong></span> 
     </span>
     <span class='ocr_line' id='line_1_21' title="bbox 191 1876 2272 1956; baseline 0.001 -20"><span class='ocrx_word' id='word_1_176' title='bbox 191 1876 456 1937; x_wconf 86' lang='lat' dir='ltr'><strong>Consule</strong></span> <span class='ocrx_word' id='word_1_177' title='bbox 498 1894 594 1938; x_wconf 89' lang='lat' dir='ltr'><strong>me</strong></span> <span class='ocrx_word' id='word_1_178' title='bbox 637 1895 824 1952; x_wconf 90' lang='lat' dir='ltr'><strong>quum</strong></span> <span class='ocrx_word' id='word_1_179' title='bbox 870 1888 1040 1940; x_wconf 89' lang='lat' dir='ltr'><strong>esset</strong></span> <span class='ocrx_word' id='word_1_180' title='bbox 1074 1880 1432 1955; x_wconf 87' lang='lat' dir='ltr'><strong>designatus</strong></span> <span class='ocrx_word' id='word_1_181' title='bbox 1460 1879 1739 1942; x_wconf 87' lang='lat' dir='ltr'><strong>tribunus</strong></span> <span class='ocrx_word' id='word_1_182' title='bbox 1777 1880 2005 1956; x_wconf 81' lang='lat' dir='ltr'><strong>plebiS‚</strong></span> <span class='ocrx_word' id='word_1_183' title='bbox 2058 1881 2272 1941; x_wconf 85' lang='lat' dir='ltr'><strong>obtulit</strong></span> 
     </span>
     <span class='ocr_line' id='line_1_22' title="bbox 189 1959 2268 2040; baseline 0.001 -19"><span class='ocrx_word' id='word_1_184' title='bbox 189 1959 251 2021; x_wconf 89' lang='lat' dir='ltr'><strong>in</strong></span> <span class='ocrx_word' id='word_1_185' title='bbox 281 1960 608 2023; x_wconf 84' lang='lat' dir='ltr'><strong>discrimen</strong></span> <span class='ocrx_word' id='word_1_186' title='bbox 638 1961 822 2022; x_wconf 89' lang='lat' dir='ltr'><strong>vitam</strong></span> <span class='ocrx_word' id='word_1_187' title='bbox 854 1980 1057 2025; x_wconf 90' lang='lat' dir='ltr'><strong>suam.</strong></span> <span class='ocrx_word' id='word_1_188' title='bbox 1115 1963 1265 2025; x_wconf 87' lang='lat' dir='ltr'><strong>dixit</strong></span> <span class='ocrx_word' id='word_1_189' title='bbox 1301 1982 1436 2026; x_wconf 87' lang='lat' dir='ltr'><strong>eam</strong></span> <span class='ocrx_word' id='word_1_190' title='bbox 1465 1964 1859 2040; x_wconf 86' lang='lat' dir='ltr'><strong>sententiam,</strong></span> <span class='ocrx_word' id='word_1_191' title='bbox 1911 1962 2088 2026; x_wconf 89' lang='lat' dir='ltr'><strong>cuius</strong></span> <span class='ocrx_word' id='word_1_192' title='bbox 2116 1962 2268 2026; x_wconf 87' lang='lat' dir='ltr'><strong>invi-</strong></span> 
     </span>
     <span class='ocr_line' id='line_1_23' title="bbox 192 2044 2266 2124; baseline 0.003 -21"><span class='ocrx_word' id='word_1_193' title='bbox 192 2045 352 2105; x_wconf 85' lang='lat' dir='ltr'><strong>diam</strong></span> <span class='ocrx_word' id='word_1_194' title='bbox 388 2044 606 2120; x_wconf 89' lang='lat' dir='ltr'><strong>capitis</strong></span> <span class='ocrx_word' id='word_1_195' title='bbox 640 2046 913 2121; x_wconf 84' lang='lat' dir='ltr'><strong>periculo</strong></span> <span class='ocrx_word' id='word_1_196' title='bbox 949 2049 1067 2110; x_wconf 87' lang='lat' dir='ltr'><strong>sibi</strong></span> <span class='ocrx_word' id='word_1_197' title='bbox 1111 2050 1545 2124; x_wconf 87' lang='lat' dir='ltr'><strong>praestandam</strong></span> <span class='ocrx_word' id='word_1_198' title='bbox 1574 2047 1848 2110; x_wconf 78' lang='lat' dir='ltr'><strong>videbat=</strong></span> <span class='ocrx_word' id='word_1_199' title='bbox 1904 2047 2057 2110; x_wconf 90' lang='lat' dir='ltr'><strong>dixit</strong></span> <span class='ocrx_word' id='word_1_200' title='bbox 2085 2049 2266 2110; x_wconf 86' lang='lat' dir='ltr'><strong>vehe-</strong></span> 
     </span>
     <span class='ocr_line' id='line_1_24' title="bbox 190 2131 2268 2209; baseline 0.001 -21"><span class='ocrx_word' id='word_1_201' title='bbox 190 2135 452 2189; x_wconf 71' lang='lat' dir='ltr'><strong>mentem</strong></span> <span class='ocrx_word' id='word_1_202' title='bbox 512 2131 636 2205; x_wconf 88' lang='lat' dir='ltr'><strong>egit</strong></span> <span class='ocrx_word' id='word_1_203' title='bbox 685 2132 932 2193; x_wconf 72' lang='lat' dir='ltr'><strong>acriterx</strong></span> <span class='ocrx_word' id='word_1_204' title='bbox 991 2150 1065 2194; x_wconf 92' lang='lat' dir='ltr'><strong>ea</strong></span> <span class='ocrx_word' id='word_1_205' title='bbox 1115 2148 1275 2209; x_wconf 90' lang='lat' dir='ltr'><strong>quae</strong></span> <span class='ocrx_word' id='word_1_206' title='bbox 1325 2132 1545 2206; x_wconf 90' lang='lat' dir='ltr'><strong>sensit,</strong></span> <span class='ocrx_word' id='word_1_207' title='bbox 1600 2149 1746 2208; x_wconf 91' lang='lat' dir='ltr'><strong>prae</strong></span> <span class='ocrx_word' id='word_1_208' title='bbox 1792 2148 1861 2194; x_wconf 88' lang='lat' dir='ltr'><strong>se</strong></span> <span class='ocrx_word' id='word_1_209' title='bbox 1909 2132 2071 2193; x_wconf 87' lang='lat' dir='ltr'><strong>tulit=</strong></span> <span class='ocrx_word' id='word_1_210' title='bbox 2123 2133 2268 2200; x_wconf 87' lang='lat' dir='ltr'><strong>dux,</strong></span> 
     </span>
     <span class='ocr_line' id='line_1_25' title="bbox 190 2216 2267 2292; baseline 0.001 -21"><span class='ocrx_word' id='word_1_211' title='bbox 190 2221 429 2285; x_wconf 88' lang='lat' dir='ltr'><strong>auctor,</strong></span> <span class='ocrx_word' id='word_1_212' title='bbox 482 2222 654 2275; x_wconf 88' lang='lat' dir='ltr'><strong>actor</strong></span> <span class='ocrx_word' id='word_1_213' title='bbox 690 2230 891 2276; x_wconf 89' lang='lat' dir='ltr'><strong>rerum</strong></span> <span class='ocrx_word' id='word_1_214' title='bbox 933 2216 1171 2278; x_wconf 89' lang='lat' dir='ltr'><strong>illarum</strong></span> <span class='ocrx_word' id='word_1_215' title='bbox 1211 2217 1349 2277; x_wconf 81' lang='lat' dir='ltr'><strong>fuit:</strong></span> <span class='ocrx_word' id='word_1_216' title='bbox 1404 2233 1525 2277; x_wconf 91' lang='lat' dir='ltr'><strong>non</strong></span> <span class='ocrx_word' id='word_1_217' title='bbox 1560 2232 1682 2292; x_wconf 87' lang='lat' dir='ltr'><strong>quo</strong></span> <span class='ocrx_word' id='word_1_218' title='bbox 1719 2216 2054 2292; x_wconf 86' lang='lat' dir='ltr'><strong>periculum</strong></span> <span class='ocrx_word' id='word_1_219' title='bbox 2090 2233 2267 2278; x_wconf 86' lang='lat' dir='ltr'><strong>suum</strong></span> 
     </span>
     <span class='ocr_line' id='line_1_26' title="bbox 189 2296 2267 2377; baseline 0.001 -22"><span class='ocrx_word' id='word_1_220' title='bbox 189 2313 310 2356; x_wconf 89' lang='lat' dir='ltr'><strong>non</strong></span> <span class='ocrx_word' id='word_1_221' title='bbox 356 2296 619 2372; x_wconf 85' lang='lat' dir='ltr'><strong>videret,</strong></span> <span class='ocrx_word' id='word_1_222' title='bbox 662 2300 781 2359; x_wconf 90' lang='lat' dir='ltr'><strong>sed</strong></span> <span class='ocrx_word' id='word_1_223' title='bbox 824 2300 886 2360; x_wconf 91' lang='lat' dir='ltr'><strong>in</strong></span> <span class='ocrx_word' id='word_1_224' title='bbox 930 2309 1093 2362; x_wconf 86' lang='lat' dir='ltr'><strong>tanta</strong></span> <span class='ocrx_word' id='word_1_225' title='bbox 1132 2299 1222 2361; x_wconf 89' lang='lat' dir='ltr'><strong>rei</strong></span> <span class='ocrx_word' id='word_1_226' title='bbox 1261 2300 1546 2377; x_wconf 88' lang='lat' dir='ltr'><strong>publicae</strong></span> <span class='ocrx_word' id='word_1_227' title='bbox 1580 2307 1943 2376; x_wconf 87' lang='lat' dir='ltr'><strong>tempestate</strong></span> <span class='ocrx_word' id='word_1_228' title='bbox 1974 2299 2120 2359; x_wconf 89' lang='lat' dir='ltr'><strong>nihil</strong></span> <span class='ocrx_word' id='word_1_229' title='bbox 2151 2299 2267 2360; x_wconf 81' lang='lat' dir='ltr'><strong>sihi</strong></span> 
     </span>
     <span class='ocr_line' id='line_1_27' title="bbox 189 2379 1721 2459; baseline 0.001 -19"><span class='ocrx_word' id='word_1_230' title='bbox 189 2379 307 2440; x_wconf 91' lang='lat' dir='ltr'><strong>nisi</strong></span> <span class='ocrx_word' id='word_1_231' title='bbox 337 2380 414 2440; x_wconf 88' lang='lat' dir='ltr'><strong>de</strong></span> <span class='ocrx_word' id='word_1_232' title='bbox 446 2380 677 2457; x_wconf 86' lang='lat' dir='ltr'><strong>patriae</strong></span> <span class='ocrx_word' id='word_1_233' title='bbox 708 2382 999 2458; x_wconf 87' lang='lat' dir='ltr'><strong>periculis</strong></span> <span class='ocrx_word' id='word_1_234' title='bbox 1030 2383 1421 2459; x_wconf 85' lang='lat' dir='ltr'><strong>cogitandum</strong></span> <span class='ocrx_word' id='word_1_235' title='bbox 1454 2385 1721 2459; x_wconf 89' lang='lat' dir='ltr'><strong>putabat.</strong></span> 
     </span>
    </p>

    <p class='ocr_par' dir='ltr' id='par_1_3' title="bbox 178 2463 2269 3467">
     <span class='ocr_line' id='line_1_28' title="bbox 353 2463 2268 2543; baseline 0.001 -18"><span class='ocrx_word' id='word_1_236' title='bbox 353 2465 564 2525; x_wconf 85' lang='lat' dir='ltr'><strong>XXIX.</strong></span> <span class='ocrx_word' id='word_1_237' title='bbox 599 2463 702 2526; x_wconf 80' lang='lat'><strong>62.</strong></span> <span class='ocrx_word' id='word_1_238' title='bbox 749 2466 1133 2542; x_wconf 86' lang='lat' dir='ltr'><strong>Consecutus</strong></span> <span class='ocrx_word' id='word_1_239' title='bbox 1164 2476 1260 2530; x_wconf 91' lang='lat' dir='ltr'><strong>est</strong></span> <span class='ocrx_word' id='word_1_240' title='bbox 1294 2467 1491 2543; x_wconf 89' lang='lat' dir='ltr'><strong>ipsius</strong></span> <span class='ocrx_word' id='word_1_241' title='bbox 1521 2467 1880 2531; x_wconf 86' lang='lat' dir='ltr'><strong>tribunatus.</strong></span> <span class='ocrx_word' id='word_1_242' title='bbox 1962 2464 2120 2540; x_wconf 82' lang='lat' dir='ltr'><strong>Quid</strong></span> <span class='ocrx_word' id='word_1_243' title='bbox 2150 2481 2268 2540; x_wconf 87' lang='lat' dir='ltr'><strong>ego</strong></span> 
     </span>
     <span class='ocr_line' id='line_1_29' title="bbox 189 2547 2267 2627; baseline 0 -19"><span class='ocrx_word' id='word_1_244' title='bbox 189 2548 267 2609; x_wconf 92' lang='lat' dir='ltr'><strong>de</strong></span> <span class='ocrx_word' id='word_1_245' title='bbox 297 2547 589 2626; x_wconf 82' lang='lat' dir='ltr'><strong>singulari</strong></span> <span class='ocrx_word' id='word_1_246' title='bbox 618 2550 1034 2627; x_wconf 86' lang='lat' dir='ltr'><strong>magnitudine</strong></span> <span class='ocrx_word' id='word_1_247' title='bbox 1069 2550 1254 2612; x_wconf 90' lang='lat' dir='ltr'><strong>animi</strong></span> <span class='ocrx_word' id='word_1_248' title='bbox 1285 2550 1418 2613; x_wconf 89' lang='lat' dir='ltr'><strong>eius</strong></span> <span class='ocrx_word' id='word_1_249' title='bbox 1448 2568 1523 2612; x_wconf 90' lang='lat' dir='ltr'><strong>ac</strong></span> <span class='ocrx_word' id='word_1_250' title='bbox 1561 2552 1640 2612; x_wconf 93' lang='lat' dir='ltr'><strong>de</strong></span> <span class='ocrx_word' id='word_1_251' title='bbox 1673 2550 2018 2613; x_wconf 84' lang='lat' dir='ltr'><strong>incredibili</strong></span> <span class='ocrx_word' id='word_1_252' title='bbox 2050 2549 2267 2610; x_wconf 87' lang='lat' dir='ltr'><strong>virtute</strong></span> 
     </span>
     <span class='ocr_line' id='line_1_30' title="bbox 189 2632 2259 2711; baseline 0 -20"><span class='ocrx_word' id='word_1_253' title='bbox 189 2632 433 2695; x_wconf 71' lang='lat' dir='ltr'><strong>dicam?</strong></span> <span class='ocrx_word' id='word_1_254' title='bbox 486 2633 852 2697; x_wconf 89' lang='lat' dir='ltr'><strong>Meministis</strong></span> <span class='ocrx_word' id='word_1_255' title='bbox 894 2634 1060 2697; x_wconf 88' lang='lat' dir='ltr'><strong>illum</strong></span> <span class='ocrx_word' id='word_1_256' title='bbox 1103 2635 1294 2709; x_wconf 87' lang='lat' dir='ltr'><strong>diem,</strong></span> <span class='ocrx_word' id='word_1_257' title='bbox 1349 2652 1536 2711; x_wconf 88' lang='lat' dir='ltr'><strong>quum</strong></span> <span class='ocrx_word' id='word_1_258' title='bbox 1566 2637 1793 2711; x_wconf 88' lang='lat' dir='ltr'><strong>templo</strong></span> <span class='ocrx_word' id='word_1_259' title='bbox 1824 2652 1863 2697; x_wconf 87' lang='lat' dir='ltr'><strong>a</strong></span> <span class='ocrx_word' id='word_1_260' title='bbox 1893 2635 2131 2709; x_wconf 87' lang='lat' dir='ltr'><strong>collega</strong></span> <span class='ocrx_word' id='word_1_261' title='bbox 2163 2650 2259 2693; x_wconf 89' lang='lat' dir='ltr'><strong>oc·</strong></span> 
     </span>
     <span class='ocr_line' id='line_1_31' title="bbox 190 2717 2267 2793; baseline 0 -17"><span class='ocrx_word' id='word_1_262' title='bbox 190 2726 444 2793; x_wconf 88' lang='lat' dir='ltr'><strong>cupato,</strong></span> <span class='ocrx_word' id='word_1_263' title='bbox 494 2719 675 2781; x_wconf 89' lang='lat' dir='ltr'><strong>nobis</strong></span> <span class='ocrx_word' id='word_1_264' title='bbox 719 2719 1003 2781; x_wconf 89' lang='lat' dir='ltr'><strong>omnibus</strong></span> <span class='ocrx_word' id='word_1_265' title='bbox 1039 2721 1118 2781; x_wconf 92' lang='lat' dir='ltr'><strong>de</strong></span> <span class='ocrx_word' id='word_1_266' title='bbox 1150 2719 1277 2781; x_wconf 89' lang='lat' dir='ltr'><strong>vita</strong></span> <span class='ocrx_word' id='word_1_267' title='bbox 1317 2720 1449 2779; x_wconf 91' lang='lat' dir='ltr'><strong>eius</strong></span> <span class='ocrx_word' id='word_1_268' title='bbox 1480 2719 1594 2779; x_wconf 86' lang='lat' dir='ltr'><strong>viri</strong></span> <span class='ocrx_word' id='word_1_269' title='bbox 1624 2728 1685 2781; x_wconf 93' lang='lat' dir='ltr'><strong>et</strong></span> <span class='ocrx_word' id='word_1_270' title='bbox 1713 2718 1867 2780; x_wconf 82' lang='lat' dir='ltr'><strong>civis</strong></span> <span class='ocrx_word' id='word_1_271' title='bbox 1898 2717 2267 2787; x_wconf 81' lang='lat' dir='ltr'><strong>timentibus.</strong></span> 
     </span>
     <span class='ocr_line' id='line_1_32' title="bbox 190 2799 2266 2879; baseline 0 -20"><span class='ocrx_word' id='word_1_272' title='bbox 190 2799 323 2874; x_wconf 89' lang='lat' dir='ltr'><strong>ipse</strong></span> <span class='ocrx_word' id='word_1_273' title='bbox 347 2802 548 2862; x_wconf 88' lang='lat' dir='ltr'><strong>animo</strong></span> <span class='ocrx_word' id='word_1_274' title='bbox 566 2805 916 2867; x_wconf 77' lang='lat' dir='ltr'><strong>firmIssimo</strong></span> <span class='ocrx_word' id='word_1_275' title='bbox 938 2800 1186 2865; x_wconf 88' lang='lat' dir='ltr'><strong>venitin</strong></span> <span class='ocrx_word' id='word_1_276' title='bbox 1214 2803 1501 2879; x_wconf 88' lang='lat' dir='ltr'><strong>templum</strong></span> <span class='ocrx_word' id='word_1_277' title='bbox 1523 2812 1584 2864; x_wconf 87' lang='lat' dir='ltr'><strong>et</strong></span> <span class='ocrx_word' id='word_1_278' title='bbox 1604 2804 1931 2864; x_wconf 88' lang='lat' dir='ltr'><strong>clamorem</strong></span> <span class='ocrx_word' id='word_1_279' title='bbox 1955 2800 2266 2861; x_wconf 87' lang='lat' dir='ltr'><strong>hominum</strong></span> 
     </span>
     <span class='ocr_line' id='line_1_33' title="bbox 178 2883 2266 2966; baseline 0 -24"><span class='ocrx_word' id='word_1_280' title='bbox 178 2883 572 2966; x_wconf 85' lang='lat' dir='ltr'><strong>auctoritate,</strong></span> <span class='ocrx_word' id='word_1_281' title='bbox 609 2885 902 2961; x_wconf 86' lang='lat' dir='ltr'><strong>impetum</strong></span> <span class='ocrx_word' id='word_1_282' title='bbox 925 2886 1346 2964; x_wconf 79' lang='lat' dir='ltr'><strong>improborum</strong></span> <span class='ocrx_word' id='word_1_283' title='bbox 1375 2884 1593 2948; x_wconf 86' lang='lat' dir='ltr'><strong>virtute</strong></span> <span class='ocrx_word' id='word_1_284' title='bbox 1623 2886 1881 2947; x_wconf 87' lang='lat' dir='ltr'><strong>sedavit.</strong></span> <span class='ocrx_word' id='word_1_285' title='bbox 1943 2884 2113 2945; x_wconf 89' lang='lat' dir='ltr'><strong>Adiit</strong></span> <span class='ocrx_word' id='word_1_286' title='bbox 2141 2893 2266 2945; x_wconf 87' lang='lat' dir='ltr'><strong>tum</strong></span> 
     </span>
     <span class='ocr_line' id='line_1_34' title="bbox 187 2966 2267 3045; baseline 0 -18"><span class='ocrx_word' id='word_1_287' title='bbox 187 2966 558 3042; x_wconf 79' lang='lat' dir='ltr'><strong>periculum,</strong></span> <span class='ocrx_word' id='word_1_288' title='bbox 590 2969 703 3030; x_wconf 91' lang='lat' dir='ltr'><strong>sed</strong></span> <span class='ocrx_word' id='word_1_289' title='bbox 732 2970 878 3031; x_wconf 89' lang='lat' dir='ltr'><strong>adiit</strong></span> <span class='ocrx_word' id='word_1_290' title='bbox 907 2972 987 3032; x_wconf 88' lang='lat' dir='ltr'><strong>ob</strong></span> <span class='ocrx_word' id='word_1_291' title='bbox 1018 2988 1151 3033; x_wconf 90' lang='lat' dir='ltr'><strong>eam</strong></span> <span class='ocrx_word' id='word_1_292' title='bbox 1182 2987 1431 3032; x_wconf 86' lang='lat' dir='ltr'><strong>causam</strong></span> <span class='ocrx_word' id='word_1_293' title='bbox 1449 3018 1465 3045; x_wconf 98' lang='lat'><strong>,</strong></span> <span class='ocrx_word' id='word_1_294' title='bbox 1495 2988 1655 3045; x_wconf 86' lang='lat' dir='ltr'><strong>quae</strong></span> <span class='ocrx_word' id='word_1_295' title='bbox 1681 2979 1908 3045; x_wconf 89' lang='lat' dir='ltr'><strong>quanta</strong></span> <span class='ocrx_word' id='word_1_296' title='bbox 1938 2967 2120 3030; x_wconf 80' lang='lat' dir='ltr'><strong>ruerit</strong></span> <span class='ocrx_word' id='word_1_297' title='bbox 2146 2968 2267 3028; x_wconf 87' lang='lat' dir='ltr'><strong>iam</strong></span> 
     </span>
     <span class='ocr_line' id='line_1_35' title="bbox 186 3050 2265 3132; baseline -0 -22"><span class='ocrx_word' id='word_1_298' title='bbox 186 3050 332 3111; x_wconf 86' lang='lat' dir='ltr'><strong>mihi</strong></span> <span class='ocrx_word' id='word_1_299' title='bbox 373 3051 580 3115; x_wconf 88' lang='lat' dir='ltr'><strong>dicere</strong></span> <span class='ocrx_word' id='word_1_300' title='bbox 621 3069 744 3113; x_wconf 91' lang='lat' dir='ltr'><strong>non</strong></span> <span class='ocrx_word' id='word_1_301' title='bbox 785 3062 883 3115; x_wconf 93' lang='lat' dir='ltr'><strong>est</strong></span> <span class='ocrx_word' id='word_1_302' title='bbox 917 3071 1199 3116; x_wconf 83' lang='lat' dir='ltr'><strong>necesse.</strong></span> <span class='ocrx_word' id='word_1_303' title='bbox 1283 3056 1365 3115; x_wconf 88' lang='lat' dir='ltr'><strong>At</strong></span> <span class='ocrx_word' id='word_1_304' title='bbox 1409 3054 1465 3115; x_wconf 92' lang='lat' dir='ltr'><strong>si</strong></span> <span class='ocrx_word' id='word_1_305' title='bbox 1503 3053 1604 3115; x_wconf 89' lang='lat' dir='ltr'><strong>isti</strong></span> <span class='ocrx_word' id='word_1_306' title='bbox 1648 3053 1910 3132; x_wconf 82' lang='lat' dir='ltr'><strong>Cypriae</strong></span> <span class='ocrx_word' id='word_1_307' title='bbox 1958 3050 2265 3128; x_wconf 74' lang='lat' dir='ltr'><strong>rogationi</strong></span> 
     </span>
     <span class='ocr_line' id='line_1_36' title="bbox 187 3133 2266 3214; baseline 0 -20"><span class='ocrx_word' id='word_1_308' title='bbox 187 3134 701 3198; x_wconf 88' lang='lat' dir='ltr'><strong>sceleratissimae</strong></span> <span class='ocrx_word' id='word_1_309' title='bbox 735 3154 858 3199; x_wconf 92' lang='lat' dir='ltr'><strong>non</strong></span> <span class='ocrx_word' id='word_1_310' title='bbox 891 3137 1226 3214; x_wconf 88' lang='lat' dir='ltr'><strong>paruisset,</strong></span> <span class='ocrx_word' id='word_1_311' title='bbox 1277 3138 1559 3200; x_wconf 87' lang='lat' dir='ltr'><strong>haereret</strong></span> <span class='ocrx_word' id='word_1_312' title='bbox 1589 3138 1691 3199; x_wconf 89' lang='lat' dir='ltr'><strong>illa</strong></span> <span class='ocrx_word' id='word_1_313' title='bbox 1722 3137 1908 3198; x_wconf 75' lang='lat' dir='ltr'><strong>nihilo</strong></span> <span class='ocrx_word' id='word_1_314' title='bbox 1942 3135 2145 3198; x_wconf 85' lang='lat' dir='ltr'><strong>minus</strong></span> <span class='ocrx_word' id='word_1_315' title='bbox 2174 3133 2266 3196; x_wconf 87' lang='lat' dir='ltr'><strong>rei</strong></span> 
     </span>
     <span class='ocr_line' id='line_1_37' title="bbox 186 3219 2268 3298; baseline 0 -20"><span class='ocrx_word' id='word_1_316' title='bbox 186 3219 471 3295; x_wconf 86' lang='lat' dir='ltr'><strong>publicae</strong></span> <span class='ocrx_word' id='word_1_317' title='bbox 499 3220 841 3297; x_wconf 77' lang='lat' dir='ltr'><strong>turpitudo:</strong></span> <span class='ocrx_word' id='word_1_318' title='bbox 876 3237 1067 3298; x_wconf 87' lang='lat' dir='ltr'><strong>regno</strong></span> <span class='ocrx_word' id='word_1_319' title='bbox 1094 3223 1253 3283; x_wconf 86' lang='lat' dir='ltr'><strong>enim</strong></span> <span class='ocrx_word' id='word_1_320' title='bbox 1283 3220 1399 3282; x_wconf 85' lang='lat' dir='ltr'><strong>iam</strong></span> <span class='ocrx_word' id='word_1_321' title='bbox 1432 3220 1737 3298; x_wconf 88' lang='lat' dir='ltr'><strong>publicato</strong></span> <span class='ocrx_word' id='word_1_322' title='bbox 1762 3221 1840 3281; x_wconf 93' lang='lat' dir='ltr'><strong>de</strong></span> <span class='ocrx_word' id='word_1_323' title='bbox 1869 3219 2009 3297; x_wconf 89' lang='lat' dir='ltr'><strong>ipso</strong></span> <span class='ocrx_word' id='word_1_324' title='bbox 2035 3220 2268 3281; x_wconf 86' lang='lat' dir='ltr'><strong>Catone</strong></span> 
     </span>
     <span class='ocr_line' id='line_1_38' title="bbox 184 3302 2266 3382; baseline -0.001 -18"><span class='ocrx_word' id='word_1_325' title='bbox 184 3311 318 3365; x_wconf 88' lang='lat' dir='ltr'><strong>erat</strong></span> <span class='ocrx_word' id='word_1_326' title='bbox 347 3303 699 3367; x_wconf 87' lang='lat' dir='ltr'><strong>nominatim</strong></span> <span class='ocrx_word' id='word_1_327' title='bbox 728 3312 1026 3382; x_wconf 85' lang='lat' dir='ltr'><strong>rogatum.</strong></span> <span class='ocrx_word' id='word_1_328' title='bbox 1084 3304 1262 3381; x_wconf 80' lang='lat' dir='ltr'><strong>Quod</strong></span> <span class='ocrx_word' id='word_1_329' title='bbox 1290 3304 1392 3367; x_wconf 91' lang='lat' dir='ltr'><strong>ille</strong></span> <span class='ocrx_word' id='word_1_330' title='bbox 1420 3306 1473 3367; x_wconf 90' lang='lat' dir='ltr'><strong>si</strong></span> <span class='ocrx_word' id='word_1_331' title='bbox 1501 3304 1924 3380; x_wconf 87' lang='lat' dir='ltr'><strong>repudiasset,</strong></span> <span class='ocrx_word' id='word_1_332' title='bbox 1972 3302 2266 3364; x_wconf 89' lang='lat' dir='ltr'><strong>dubitatis</strong></span> 
     </span>
     <span class='ocr_line' id='line_1_39' title="bbox 186 3384 2269 3467; baseline -0.001 -19"><span class='ocrx_word' id='word_1_333' title='bbox 186 3386 333 3462; x_wconf 89' lang='lat' dir='ltr'><strong>quin</strong></span> <span class='ocrx_word' id='word_1_334' title='bbox 385 3386 446 3449; x_wconf 89' lang='lat' dir='ltr'><strong>ei</strong></span> <span class='ocrx_word' id='word_1_335' title='bbox 487 3386 582 3450; x_wconf 89' lang='lat' dir='ltr'><strong>vis</strong></span> <span class='ocrx_word' id='word_1_336' title='bbox 627 3397 795 3452; x_wconf 86' lang='lat' dir='ltr'><strong>esset</strong></span> <span class='ocrx_word' id='word_1_337' title='bbox 836 3390 1069 3467; x_wconf 85' lang='lat' dir='ltr'><strong>adlata,</strong></span> <span class='ocrx_word' id='word_1_338' title='bbox 1121 3406 1306 3467; x_wconf 90' lang='lat' dir='ltr'><strong>quum</strong></span> <span class='ocrx_word' id='word_1_339' title='bbox 1351 3388 1551 3451; x_wconf 89' lang='lat' dir='ltr'><strong>omnia</strong></span> <span class='ocrx_word' id='word_1_340' title='bbox 1596 3397 1733 3453; x_wconf 86' lang='lat' dir='ltr'><strong>acta</strong></span> <span class='ocrx_word' id='word_1_341' title='bbox 1772 3387 1933 3450; x_wconf 90' lang='lat' dir='ltr'><strong>illius</strong></span> <span class='ocrx_word' id='word_1_342' title='bbox 1965 3384 2111 3448; x_wconf 84' lang='lat' dir='ltr'><strong>anni</strong></span> <span class='ocrx_word' id='word_1_343' title='bbox 2148 3402 2269 3465; x_wconf 79' lang='lat' dir='ltr'><strong>per</strong></span> 
     </span>
    </p>
   </div>
  </div>
 </body>
</html>
