2514 3928
334 249 460 312 262
790 248 939 309 PRO
972 251 1036 308 Τ.
1070 250 1306 311 ANNIO
1331 251 1625 312 MILONE
1658 251 1963 312 ORATIO.
2339 262 2418 317 38

334 398 822 474 occursationes,
861 399 1092 473 studia,
1124 416 1474 475 sermones,
1522 418 1969 478 quemcumque
2001 419 2247 463 cursum
2290 405 2419 463 sor-

335 492 479 544 tuna
520 483 787 555 dederit,
834 499 903 544 se
944 500 1158 545 secum
1199 484 1538 545 ablaturum
1580 501 1725 546 esse
1753 483 1917 546 dicit.
2006 486 2089 548 96
2135 485 2420 546 Meminit

336 565 516 627 etiam
539 567 654 628 sibi
689 583 909 628 vocem
926 569 1253 642 praeconis
1278 569 1464 628 modo
1496 569 1788 638 defuisse,
1827 586 2007 642 quam
2034 569 2278 629 minime
2302 570 2411 629 de·

336 648 632 721 siderarit,
675 648 889 725 populi
912 667 1060 711 vero
1093 650 1330 711 cunctis
1369 651 1702 725 suffragiis,
1733 653 1899 725 quod
1923 669 2108 712 unum
2133 651 2418 726 cupierit,

337 749 406 793 se
429 733 743 793 consulem
768 733 1169 794 declaratumz
1203 750 1368 795 nunc
1389 733 1673 810 denique,
1705 735 1759 794 si
1782 735 1936 795 haec
1960 743 2172 796 contra
2192 751 2265 796 se
2288 735 2421 797 sint

336 819 563 893 lutura,
602 815 717 875 sibi
751 815 1038 877 facinoris
1081 815 1517 891 suspitionem,
1552 835 1674 878 non
1709 819 1849 878 sacti
1880 817 2105 878 crimen
2141 817 2419 880 obstare.

332 896 522 960 Addit
551 899 733 972 haec,
778 915 938 974 quae
970 907 1133 960 certe
1165 917 1311 959 vera
1335 910 1507 973 sunt,
1552 903 1741 961 sortes
1785 909 1845 961 et
1885 884 2196 977 sapicnfes
2238 902 2417 963 viros

332 1001 455 1043 non
486 992 604 1043 tam
634 981 907 1057 praemia
936 982 1114 1056 sequi
1140 984 1340 1043 solere
1359 992 1525 1044 recte
1549 985 1842 1045 sactorum
1879 1001 2057 1059 quam
2082 985 2216 1059 ipsa
2241 996 2417 1045 recte

336 1068 522 1126 sactaz
568 1081 637 1125 se
673 1063 819 1124 nihil
855 1065 913 1124 in
946 1064 1069 1125 vita
1100 1064 1216 1127 nisi
1253 1067 1742 1140 praeclarissime
1767 1067 2021 1141 fecisse,
2072 1067 2125 1128 si
2157 1067 2414 1142 quidem

335 1147 480 1208 nihil
511 1147 590 1208 sit
618 1147 1048 1222 praestabilius
1088 1148 1221 1211 viro
1267 1166 1447 1225 quam
1493 1149 1779 1225 periculis
1822 1150 2074 1226 patriam
2117 1149 2416 1211 liberare:

334 1233 549 1294 beatos
577 1247 749 1304 esse,
799 1230 1024 1306 quibus
1064 1249 1139 1293 ea
1185 1250 1285 1293 res
1322 1232 1539 1294 honori
1578 1234 1813 1294 luerita
1839 1234 1968 1294 suis
2000 1234 2274 1307 civibu8‚
2303 1232 2414 1297 97.

334 1330 449 1376 nec
491 1324 691 1376 tamen
735 1331 847 1376 eos
888 1313 1179 1388 miseroS,
1225 1316 1331 1392 qui
1365 1316 1664 1377 beneficio
1709 1317 1881 1377 cives
1923 1334 2075 1378 suos
2121 1315 2415 1377 vicerint=

335 1399 448 1461 sed
487 1405 686 1460 tamen
728 1416 809 1460 ex
857 1398 1146 1461 omnibus
1186 1399 1470 1476 praemiis
1525 1399 1794 1474 virtutiS,
1836 1398 1888 1460 si
1931 1408 2099 1461 esset
2124 1399 2416 1460 habenda

331 1482 485 1544 ratio
514 1483 938 1559 praemiorum,
960 1483 1401 1558 amplissimum
1430 1499 1574 1544 esse
1600 1484 1932 1558 praemium
1954 1481 2206 1558 gloriam
2222 1505 2239 1537 ε
2264 1500 2416 1543 esse

331 1568 490 1627 hanc
522 1585 734 1642 unam,
769 1583 927 1644 quac
959 1566 1314 1628 brevitatem
1347 1564 1505 1628 vitae
1536 1565 1906 1642 posteritatis
1937 1564 2229 1626 memoria
2262 1582 2403 1627 con-

334 1652 666 1724 solaretur,
723 1666 883 1725 quae
918 1651 1191 1711 efiiceret
1219 1657 1286 1710 ut
1318 1650 1607 1710 absentes
1636 1650 2032 1720 adessemus,
2068 1648 2291 1710 mortui
2321 1648 2409 1708 vi·

336 1750 648 1795 veremus=
684 1734 839 1792 hanc
870 1731 1138 1807 denique
1168 1749 1311 1793 esse
1336 1732 1510 1793 cuius
1540 1732 1832 1807 gradibus
1864 1732 2041 1792 etiam
2077 1732 2137 1801 in
2170 1734 2411 1792 caelum

334 1815 613 1877 homines
644 1814 993 1876 viderentur
1020 1817 1378 1876 ascendere.
1464 1816 1564 1878 98.
1611 1817 1699 1876 De
1726 1832 1854 1888 mc,
1894 1814 2119 1890 inquit,
2162 1828 2409 1890 semper

334 1900 605 1978 populus
645 1899 991 1972 RomanuS‚
1048 1915 1296 1974 semper
1336 1915 1549 1960 onmes
1591 1908 1802 1974 gentes
1844 1900 2200 1974 loquentur,
2242 1899 2413 1958 nulla

334 2000 623 2058 umquam
652 1983 1032 2044 obmutescet
1063 1991 1357 2044 vetustas.
1415 1982 1566 2057 Quin
1594 1983 1711 2043 hoc
1736 1992 2009 2058 tempore
2028 1983 2188 2057 ipso,
2218 2000 2411 2057 quum

337 2084 551 2130 omnes
598 2084 634 2125 a
682 2066 832 2126 meis
867 2065 1124 2126 inimicis
1156 2068 1324 2127 faces
1357 2065 1620 2127 invidiae
1649 2083 1822 2126 meae
1853 2065 2286 2139 subiiciantur,
2329 2074 2413 2126 ta-

334 2168 474 2213 men
506 2151 670 2212 omni
698 2148 757 2208 in
789 2149 1098 2211 bominum
1143 2158 1319 2210 coetu
1366 2148 1575 2225 gratiis
1615 2150 1871 2225 agendis
1901 2160 1964 2211 et
1992 2148 2414 2223 gratulationi·

336 2235 452 2297 bus
484 2232 785 2295 habendis
822 2242 882 2294 et
911 2233 1074 2294 omni
1105 2249 1390 2294 sermone
1419 2232 1815 2294 celebramur.
1888 2231 2104 2292 Omitto
2134 2232 2417 2291 Etruriae

339 2319 534 2379 festos
566 2326 625 2377 et
660 2324 833 2376 actos
857 2327 918 2377 et
944 2314 1249 2377 institutos
1281 2316 1447 2376 diest
1497 2317 1829 2377 centesima
1875 2318 1981 2376 lux
2022 2323 2116 2375 est
2150 2314 2311 2374 haec
2339 2316 2418 2374 ab

336 2399 583 2462 interitu
614 2400 676 2458 P.
714 2398 905 2460 Clodii
938 2409 1027 2471 et,
1060 2399 1309 2472 opinor,
1335 2400 1555 2459 alterae
1590 2409 1713 2474 qua
1747 2401 1900 2460 lines
1930 2396 2166 2473 imperii
2196 2397 2420 2473 populi

336 2482 596 2547 Romani
628 2490 801 2556 sunt,
832 2500 906 2543 ea
930 2500 1049 2544 non
1081 2484 1278 2543 solum
1306 2482 1462 2543 fama
1492 2482 1609 2543 iam
1642 2484 1720 2542 dc
1748 2482 1850 2544 illo
1871 2528 1887 2556 ,
1930 2482 2040 2543 sed
2072 2481 2256 2541 etiam
2292 2483 2417 2542 lae·

338 2568 465 2631 titia
495 2565 859 2644 peragravit.
903 2567 1094 2641 Quam
1127 2567 1205 2627 ob
1233 2583 1360 2626 rem
1384 2565 1489 2627 ubi
1514 2582 1742 2641 corpus
1771 2566 1890 2626 boc
1921 2564 2163 2637 sitnon,
2193 2564 2420 2639 inquit,

339 2653 571 2724 laboro,
607 2649 891 2725 quoniam
928 2652 1208 2711 omnibus
1239 2648 1299 2710 in
1331 2650 1507 2711 terris
1536 2660 1597 2711 et
1627 2649 1742 2709 iam
1776 2657 2050 2709 versatur
2078 2655 2138 2708 et
2164 2662 2420 2722 semper

339 2734 632 2798 habitabit
656 2734 916 2795 nominis
950 2734 1064 2795 mei
1094 2733 1306 2810 gloria.
2486 2733 2487 2808 j

460 2820 723 2879 XXXVI.
762 2816 865 2879 99.
907 2820 1077 2879 Haec
1126 2826 1190 2879 tu
1230 2833 1466 2879 mecum
1505 2832 1694 2891 saepe
1739 2814 1836 2877 his
1865 2812 2255 2885 absentibuS‚
2307 2815 2420 2873 sed
2486 2833 2487 2884 ς

345 2904 562 2964 iisdem
592 2900 980 2963 audientibus
1003 2902 1156 2964 haec
1184 2916 1301 2975 ego
1327 2909 1545 2972 tecum,
1581 2898 1755 2960 Milo=
1797 2899 1881 2959 Te
1920 2896 2187 2973 quidem,
2223 2913 2420 2980 quum

345 2986 462 3047 isto
495 2983 696 3045 animo
727 3000 827 3059 eS‚
868 2983 1016 3045 satis
1059 2984 1309 3043 laudare
1349 3002 1471 3046 non
1512 2999 1800 3059 possum,
1824 2982 1966 3054 sed,
2012 2988 2265 3055 quo÷est
2318 2982 2423 3041 illa

345 3067 540 3143 magis
583 3065 789 3128 divina
828 3068 1050 3142 virtus,
1094 3082 1169 3126 eo
1213 3066 1442 3128 maiore
1485 3085 1523 3128 a
1562 3074 1620 3128 te
1662 3067 1876 3125 dolore
1924 3064 2201 3124 divellor.
2294 3064 2427 3124 Nec

345 3167 516 3224 vero,
545 3150 596 3211 si
628 3148 772 3209 mihi
802 3149 1079 3225 eriperis,
1108 3148 1465 3225 reliquaest
1484 3149 1586 3210 illa
1631 3158 1827 3210 tamen
1858 3148 1938 3208 ad
1965 3146 2425 3208 consolandum

348 3237 641 3310 querella,
672 3232 861 3293 uthis
889 3232 1071 3293 irasci
1103 3232 1369 3308 possim,
1410 3251 1449 3294 a
1475 3232 1696 3308 quibus
1727 3239 1953 3293 tantum
1985 3231 2207 3290 vulnus
2235 3247 2426 3291 acce-

348 3333 518 3393 pero.
604 3316 734 3376 Non
768 3314 926 3376 enim
955 3315 1178 3377 inimici
1200 3315 1317 3377 mei
1346 3325 1406 3386 vte
1429 3315 1569 3376 mihi
1596 3315 1874 3390 eripient,
1905 3314 2018 3376 sed
2041 3312 2425 3384 amicissimi,

346 3417 467 3461 non
505 3400 659 3459 male
686 3398 1017 3475 aliquando
1050 3400 1128 3462 de
1158 3417 1255 3461 me
1287 3399 1496 3469 meriti,
1533 3398 1654 3459 sed·
1675 3414 1920 3473 semper
1948 3395 2196 3471 optime.
2279 3396 2425 3458 Nul-

349 3485 468 3544 lum
507 3498 826 3560 umquam,
856 3481 1126 3559 iudices,
1157 3482 1302 3546 mihi
1331 3490 1556 3543 tantum
1587 3482 1857 3542 dolorem
1889 3476 2141 3542 inuretis
2175 3512 2263 3538 -τ
2309 3478 2432 3539 etsi.
