2514 3928
228 200 314 263 ΒΟ
485 200 563 260 ΙΝ
592 200 655 259 P.
688 197 1074 259 VATtNIUM
1106 196 1416 256 TESTEM
1459 195 2054 256 INTERROGATIO.

233 355 320 415 De
361 361 421 413 te
457 362 659 413 autem
703 349 983 411 homines
1031 349 1179 425 quid
1220 347 1487 410 sentiant
1528 347 1588 408 in
1635 348 1872 409 honore
1918 349 2157 430 experti
2208 369 2309 412 su-

230 454 387 510 mus,
417 436 476 497 in
502 437 700 498 salute
723 443 1178 510 exspectamus.
1233 433 1360 492 Sed
1384 440 1582 493 tamen
1608 449 1686 493 ne
1715 448 1815 493 me
1844 449 1981 493 cum
2018 433 2113 494 his
2146 435 2312 509 prin-

233 521 474 596 cipibus
520 519 813 591 civitatiS,
858 518 964 594 qui
994 520 1220 578 adsunt
1251 518 1314 576 P.
1350 516 1587 587 Sestio,
1631 517 1746 576 sed
1785 525 1852 577 ut
1896 525 2126 589 tecum,
2170 535 2310 579 cum

231 605 477 666 homine
530 621 653 664 uno
708 620 830 663 non
882 603 1081 663 solum
1120 600 1673 676 ‘impudentissimo
1867 609 2054 677 atque
2100 601 2310 664 infimo

233 690 576 751 conferam:
630 688 709 748 de
757 696 816 748 te
858 685 1031 762 ipso,
1088 685 1333 751 homine
1373 693 1433 745 et
1484 683 2002 759 adrogantissimo
2046 694 2107 747 et
2164 686 2309 747 mihi

231 772 685 845 inimicissimo,
746 787 1013 847 quaero,
1069 768 1306 839 Vatini,
1364 777 1562 829 utrum
1621 768 1865 830 tandem
1919 777 2101 844 putes
2169 771 2309 831 huic

234 856 492 927 civitati,
540 855 680 917 huic
723 854 811 915 rei
842 853 1156 930 publicae,
1204 853 1348 913 huic
1399 852 1564 925 urbi,
1611 851 1708 912 bis
1740 853 2013 928 templis,
2047 854 2307 927 aerario,

233 942 472 1013 curiae,
504 939 651 1000 viris
682 939 809 1009 his,
843 954 1002 1013 quos
1034 937 1240 1010 videS,
1274 937 1488 997 horum
1520 936 1733 1008 boniS,
1769 936 2045 1009 fortunis,
2078 935 2309 1010 liberiS,

233 1024 472 1086 civibus
538 1022 779 1095 celeriS,
824 1021 1091 1097 denique
1117 1023 1371 1082 deorum
1407 1020 1830 1081 immortalium
1861 1020 2155 1095 delubriS,
2200 1039 2309 1083 au·

235 1107 482 1186 spiciis,
514 1106 917 1182 religionibus
952 1106 1173 1165 melius
1206 1105 1401 1166 fuisse
1431 1115 1491 1166 et
1520 1103 2074 1181 praestabilius-me
2106 1105 2307 1167 civem

237 1192 296 1253 in
327 1193 442 1252 hac
467 1190 712 1252 civitate
743 1187 918 1251 nasci
944 1206 1021 1250 an
1056 1197 1156 1250 te?
1211 1189 1405 1263 Quum
1437 1188 1583 1249 mihi
1629 1189 1746 1250 hoc
1776 1188 2176 1264 responderis
2204 1198 2310 1251 aut

231 1276 314 1338 ita
342 1276 763 1352 impudenter,
817 1283 885 1335 ut
929 1291 1147 1335 manus
1189 1292 1227 1333 a
1269 1283 1328 1334 te
1362 1273 1643 1336 homines
1676 1272 1777 1332 vix
1821 1273 2131 1335 abstinere
2162 1291 2307 1351 pos-

231 1361 382 1434 sint,
435 1368 540 1421 aut
579 1359 663 1420 ita
693 1360 1000 1432 dolenter,
1053 1368 1117 1420 ut
1144 1357 1478 1434 aliquando
1511 1357 1658 1430 ista,
1714 1372 1873 1432 quac
1901 1367 2046 1419 sunt
2077 1357 2306 1431 inflata,

234 1454 620 1521 rumpantur,
678 1453 799 1505 tum
844 1442 1193 1504 memoriter
1228 1443 1605 1524 respondeto
1652 1442 1729 1501 ad
1768 1459 1873 1514 ea,
1925 1458 2084 1518 quae
2128 1444 2207 1503 de
2250 1451 2308 1504 te

230 1528 369 1606 ipso
401 1545 646 1605 rogaro.
717 1530 787 1588 V.
835 1525 936 1589 11.
980 1529 1185 1601 Atque
1221 1527 1367 1586 illud
1400 1524 2029 1588 tenebricosissimum
2061 1534 2306 1604 tempus

230 1613 496 1675 ineuntis
527 1611 746 1673 aetatis
773 1620 915 1672 tuae
948 1610 1141 1687 patiar
1171 1612 1377 1671 latere.
1449 1610 1621 1671 Licet
1647 1611 1897 1685 impune
1934 1627 2043 1686 per
2071 1628 2168 1672 me
2199 1628 2304 1686 pa-

229 1697 416 1758 rietes
460 1697 518 1755 in
562 1694 982 1755 adolescentia
1022 1694 1397 1770 perfoderis,
1459 1694 1697 1755 vicinos
1740 1695 2126 1771 compilaris,
2180 1711 2304 1754 ma·

234 1789 383 1841 trem
413 1778 778 1839 verberaris.
836 1780 1071 1838 Habeat
1096 1778 1215 1838 hoc
1252 1778 1506 1854 praemii
1536 1788 1639 1840 tua
1672 1778 2035 1853 indignitaS,
2067 1788 2128 1841 ut
2155 1779 2306 1839 ado-

232 1862 562 1925 lescentiae
591 1863 904 1938 turpitudo
937 1862 1308 1924 obscuritate
1341 1871 1401 1924 et
1430 1863 1718 1925 sordibus
1750 1863 1869 1925 tuis
1900 1865 2238 1940 obtegatur.

401 1947 801 2022 Quaesturam
847 1946 1050 2024 petisti
1093 1963 1227 2009 cum
1259 1947 1321 2007 P.
1360 1946 1594 2022 Sestio,
1649 1964 1837 2024 quum
1885 1947 1984 2009 hic
2026 1947 2171 2009 nihil
2216 1949 2302 2008 lo·

233 2041 550 2107 queretur,
583 2030 701 2091 nisi
735 2034 902 2107 quod
935 2033 1185 2107 agebat,
1208 2035 1213 2039 ’
1238 2042 1300 2094 tu
1334 2033 1424 2093 de‘
1445 2035 1635 2093 altero
1673 2035 1999 2094 consulatu
2029 2033 2304 2109 gerendo

234 2127 291 2178 te
324 2115 566 2178 diceres
597 2118 885 2190 cogitare.
930 2118 1172 2190 Quaero
1209 2118 1322 2176 abs
1356 2126 1413 2178 te
1445 2126 1741 2178 teneasne
1774 2117 2083 2190 memoria,
2117 2134 2302 2193 quum

229 2201 291 2259 P.
322 2200 563 2261 Sestius
597 2209 889 2275 quaestor
925 2201 1003 2262 sit
1034 2201 1272 2261 cunctis
1303 2200 1615 2277 suffragiis
1648 2199 1874 2270 sactus,
1921 2212 2064 2263 tunc
2105 2210 2163 2263 te
2197 2200 2302 2260 vix

230 2284 433 2344 invitis
464 2283 744 2344 omnibus
776 2302 895 2345 non
921 2286 1133 2360 populi
1155 2285 1490 2358 beneficio,
1522 2286 1635 2346 sed
1660 2286 1934 2347 consulis
1965 2295 2302 2348 extremum

229 2367 637 2428 adhaesisse?
678 2367 777 2430 12.
812 2370 877 2428 In
911 2385 986 2428 eo
1022 2368 1410 2444 magistratu,
1446 2388 1631 2446 quum
1655 2371 1761 2432 tibi
1787 2388 2007 2447 magno
2035 2372 2302 2431 clamore

231 2453 486 2527 aquaria
517 2452 833 2528 provincia
876 2461 1042 2513 sorte
1077 2452 1431 2528 obtigisset,
1485 2455 1797 2516 missusne
1841 2454 1929 2516 sis
1959 2473 1996 2515 a
2024 2467 2122 2515 me
2153 2471 2301 2516 con·

233 2538 364 2597 sule
389 2536 709 2608 Puteolos,
765 2543 831 2597 ut
858 2536 1001 2597 inde
1030 2554 1245 2598 aurum
1277 2538 1588 2616 exportari
1618 2548 2059 2616 argentumque
2093 2538 2300 2613 prohi-

231 2621 456 2681 beres?
511 2621 575 2680 In
618 2637 693 2681 eo
741 2622 984 2696 negotio
1050 2640 1238 2698 quum
1272 2631 1329 2683 te
1365 2640 1484 2683 non
1523 2625 1844 2685 custodem
1874 2624 1952 2683 ad
1984 2622 2299 2684 continen-

231 2706 372 2774 das,
426 2707 539 2766 sed
579 2705 931 2780 portitorem
969 2707 1047 2765 ad
1087 2706 1440 2781 partiendas
1470 2724 1707 2769 merces
1753 2708 2005 2769 missum
2051 2716 2302 2784 putares

233 2806 545 2864 quumque
607 2790 874 2850 omnium
930 2790 1184 2862 domos,
1248 2791 1618 2866 apothecaS,
1671 2809 1862 2853 naves
1915 2791 2303 2853 furacissime

230 2881 573 2933 scrutarere
596 2873 1005 2950 hominesque
1029 2873 1255 2950 negotii
1312 2884 1597 2950 gerentes
1620 2875 1867 2937 iudiciis
1896 2874 2303 2952 iniquissimis

227 2954 528 3027 irretireS,
580 2967 953 3019 mercatores
997 2974 1032 3017 e
1066 2958 1205 3019 navi
1238 2959 1626 3034 egredientes
1671 2968 1964 3032 terreres,
2003 2975 2304 3021 conscen-

230 3039 448 3099 dentes
478 3056 817 3113 morarere,
867 3050 1162 3103 teneasne
1181 3043 1486 3105 memoria
1513 3043 1618 3104 tibi
1651 3043 1710 3104 in
1746 3054 2055 3106 conventu
2082 3043 2304 3105 Puteo·

233 3120 306 3184 lis
338 3140 554 3183 manus
593 3139 737 3184 esse
777 3126 1058 3186 adlatas?
1121 3127 1201 3187 ad
1233 3144 1332 3188 me
1363 3130 1681 3189 consulem
1706 3128 2307 3202 querellasPuteola-

229 3222 446 3268 norum
487 3224 631 3268 esse
671 3208 952 3269 delatas?
1007 3210 1154 3271 Post
1195 3220 1587 3287 quaesturam
1634 3211 1943 3274 exierisne
1977 3213 2212 3288 legatus
2243 3211 2304 3272 in
2465 3217 2481 3243 ¹

225 3291 576 3351 ulteriorem
607 3291 967 3368 Hispaniam
1001 3294 1061 3354 C.
1095 3294 1401 3356 Cosconio
1434 3311 1546 3372 pro
1580 3297 1883 3358 consule?
1940 3315 2127 3372 quum
2156 3296 2306 3356 illud

225 3372 341 3434 iter
369 3374 780 3449 Hispaniense
813 3377 1079 3452 pedibus
1113 3379 1241 3440 fere
1271 3379 1496 3440 confici
1526 3380 1753 3452 soleat,
1798 3390 1902 3441 aut
1944 3381 1997 3442 si
2044 3381 2144 3457 qui
2202 3397 2305 3440 na·

229 3456 438 3533 vigere
477 3459 646 3526 velit,
697 3468 865 3521 certa
902 3460 983 3522 sit
1025 3463 1178 3523 ratio
1228 3463 1584 3539 navigandi,
1642 3464 1965 3526 venerisne
2006 3464 2067 3525 in
2099 3464 2299 3525 Sardi·
