2514 3928
131 191 225 228 xxv
807 174 1184 226 PROOEMIUM
1218 174 1541 226 EDITORIS.

130 322 222 363 tra
239 329 385 379 gen,
431 313 570 375 quod
612 311 766 362 habet
810 312 1253 369 hoccontrarium
1304 327 1401 363 non
1433 314 1565 374 pati.
1636 313 1809 374 Itaque
1845 316 2025 364 leniter
2055 313 2246 378 ferret

129 384 268 432 elicit
290 382 422 431 hanc
446 382 752 430 orationem:
793 382 850 430 id
875 381 1190 431 acerbissime
1210 390 1561 444 compesceret.
1604 381 1723 445 Cap.
1742 384 1829 434 24.
1858 383 1909 445 S.
1931 382 2016 434 59.
2041 384 2232 448 scripsi

129 465 291 502 nunc:
329 457 517 516 quanta
556 450 868 515 impenderet
896 453 1124 512 procella
1169 451 1337 507 nohis,
1381 458 1569 514 quanta
1603 458 1873 514 tempestas
1904 453 2121 511 civitati,
2161 453 2240 502 de-

129 523 417 571 coniectura
454 519 608 568 Rauii
642 519 746 570 vol.
781 520 842 568 11.
876 533 930 584 p.
966 519 1075 582 97„
1115 534 1271 582 quum
1310 521 1363 568 in
1410 518 1549 569 libris
1583 519 1680 579 ibi,
1728 520 1883 586 vulgo
1926 519 2043 570 urbi
2084 520 2226 586 lege-

130 599 286 649 retur,
326 603 632 652 quamquam
661 590 812 637 etiam
849 587 979 653 mihi,
1018 589 1154 651 quod
1191 585 1377 637 Orellio
1416 595 1622 638 auctore
1654 588 1776 637 olim
1811 589 2089 650 edideram,
2129 604 2235 638 uec*

128 673 220 724 per
266 673 322 706 εε
362 657 548 711 salsum
593 665 670 706 est
716 664 765 706 et
805 655 956 706 facile
998 659 1150 706 etiam
1186 657 1464 706 oblitterari
1498 657 1681 722 potuit.
1756 655 1877 723 Cap.
1917 659 2004 710 25.
2047 660 2098 720 5.
2137 657 2224 708 62.

130 729 313 792 scripsi
361 742 389 775 ε
431 727 542 777 cod.
585 725 827 775 Leidensi
861 735 1067 776 auctore
1103 726 1255 775 etiam
1292 725 1454 775 Bakio
1495 741 1825 791 venenumque
1860 727 2093 778 traderet
2131 741 2224 792 pro

130 797 336 862 vulgato
365 811 597 846 venenum
624 796 875 848 traderet.
951 794 1072 859 Cap.
1115 797 1200 845 27.
1236 796 1287 858 S.
1325 794 1412 846 65.
1453 794 1636 844 retinui
1681 810 1777 860 ego
1813 796 2068 861 vulgatam
2099 796 2230 844 scri·

129 876 334 931 pturam
360 865 521 915 hanc:
555 865 894 914 Potueruntne
919 866 1110 914 meliori
1131 871 1351 926 tempore
1378 864 1623 927 prosilire
1654 879 1798 929 quam
1832 881 1975 931 quum
2002 865 2236 914 Licinias:

128 935 380 985 venisset?
414 947 542 994 quae
573 946 666 996 per
697 947 753 982 εε
791 932 922 982 falsa
951 931 1090 982 nullo
1130 935 1280 982 modo
1318 942 1412 983 est.
1488 932 1615 983 Nam
1646 941 1834 996 tempus
1868 935 2064 994 melius,
2100 935 2226 995 opti·

128 1019 252 1052 mum
297 1002 504 1066 saepius
557 1001 742 1050 dicitur
785 1001 848 1051 de
894 1009 1123 1067 tempore
1163 1010 1447 1067 opportuno
1491 1009 1577 1050 aut
1617 1001 1683 1051 ad
1726 1003 1948 1065 aliquam
1996 1017 2101 1052 rem
2142 1016 2227 1050 ac-

130 1071 482 1132 commodato,
534 1069 692 1121 veluti
736 1070 875 1135 apud
912 1069 1150 1120 Catonem
1192 1071 1257 1121 de
1300 1087 1361 1121 re
1394 1072 1587 1122 rustica
1634 1085 1748 1136 cap.
1785 1071 1872 1122 26.
1913 1075 1961 1122 si
1994 1074 2129 1122 voles
2164 1071 2235 1118 de

124 1142 276 1204 faece
312 1139 510 1189 demere
542 1141 729 1202 vinum,
768 1146 866 1189 tuni
899 1141 996 1190 erit
1028 1142 1078 1190 ei
1115 1142 1194 1190 rei
1232 1142 1459 1202 optimum
1493 1148 1696 1202 tempus.
1771 1139 1874 1191 Sed
1921 1155 2075 1205 quum
2110 1153 2223 1188 sero

131 1209 494 1274 cognoverim,
532 1223 682 1273 quam
723 1209 1012 1274 Madvigius
1047 1210 1080 1260 l.
1121 1225 1163 1258 c.
1198 1223 1248 1274 p.
1291 1208 1407 1260 389.
1440 1209 1840 1271 commendavit,
1883 1210 2071 1260 Bakius
2106 1207 2140 1260 l.
2179 1223 2223 1256 c.
2276 1259 2286 1268 ‚

130 1293 182 1342 p.
215 1277 335 1329 304.
369 1279 717 1342 comprobavit
750 1278 1052 1343 scripturam
1083 1282 1240 1344 magis
1278 1286 1493 1341 tempore
1528 1294 1640 1329 esse
1676 1279 1729 1328 in
1766 1281 1880 1344 ipso
1913 1280 2087 1328 codice
2114 1290 2221 1341 reg.

132 1348 294 1398 Paris,
336 1347 557 1412 optimo,
599 1362 698 1411 qua
735 1347 797 1397 de
833 1363 887 1397 re
917 1350 966 1396 in
1005 1347 1177 1397 Orellii
1213 1348 1434 1397 editione
1465 1348 1589 1397 nihil
1626 1349 1915 1398 adnotatum
1954 1356 2087 1406 erat,
2126 1348 2229 1395 iam

130 1431 233 1465 non
270 1417 524 1482 impedio,
562 1417 607 1465 si
647 1417 761 1479 quis
799 1418 955 1481 mayis
986 1424 1232 1480 tempore,
1273 1417 1408 1477 quod
1440 1418 1684 1480 optimam
1721 1415 2228 1474 sententiamhabet,

129 1494 420 1552 anteponat.
496 1485 672 1535 Paullo
726 1493 840 1548 post
879 1484 1097 1532 Ernestii
1144 1485 1459 1541 coniectura,
1509 1498 1660 1545 quam
1706 1482 2028 1532 commendat
2073 1484 2230 1532 etiam

128 1553 323 1605 Bakius
355 1554 392 1604 1.
428 1571 474 1604 c.
523 1571 576 1619 p.
616 1553 761 1604 305.:
801 1553 914 1615 qui,
948 1553 996 1601 si
1023 1567 1166 1616 quum
1196 1553 1294 1600 iam
1327 1558 1441 1600 erat
1473 1552 1666 1602 tradita
1695 1559 1787 1602 etc.
1826 1565 1954 1615 opus
1991 1566 2092 1601 non
2130 1561 2226 1601 est.

129 1623 328 1674 Etenim
365 1639 494 1688 quae
529 1622 745 1686 pertinet
780 1620 845 1668 ud
881 1620 1092 1680 tradita,
1124 1635 1428 1683 quamquam
1462 1622 1528 1682 si,
1567 1621 1701 1682 quod
1738 1621 1805 1669 ad
1844 1619 2230 1670 Coniunctivnm

131 1699 429 1755 sequentem
480 1691 727 1756 pertinet,
778 1690 1091 1738 interiectum
1142 1689 1341 1754 legitur.
1419 1687 1542 1754 Cap.
1580 1689 1664 1740 28.
1697 1690 1748 1752 5.
1782 1691 1868 1741 67.
1911 1690 2048 1752 quod
2078 1691 2229 1739 inter-

103 1744 291 1824 -flunxi
315 1772 476 1809 nunc:
516 1757 670 1819 Quam
704 1761 866 1808 volent
898 1759 950 1807 in
985 1761 1217 1809 conviviis
1234 1758 1411 1823 faceti,
1444 1759 1643 1809 dicaces
1673 1775 1772 1810 non
1794 1775 2051 1824 numquam
2083 1760 2230 1809 etiam

129 1831 205 1878 acl
237 1831 398 1879 vinum
433 1827 613 1878 diserti
646 1828 771 1886 sint,
819 1829 928 1876 alia
958 1827 1070 1890 fori
1098 1829 1174 1877 vis
1211 1835 1318 1887 est,
1357 1829 1462 1878 alia
1500 1830 1705 1878 triclinii
1738 1836 1853 1889 etc„
1888 1828 1943 1878 id
1980 1830 2043 1879 de
2081 1826 2226 1877 Bakii

130 1897 382 1947 sententia
421 1896 609 1946 factum
656 1904 761 1951 est,
797 1911 943 1959 quem
979 1896 1095 1945 vide
1133 1897 1167 1948 l.
1207 1911 1252 1949 c.
1291 1910 1341 1961 p.
1383 1895 1504 1948 307.
1578 1896 1702 1963 Cap.
1743 1897 1826 1948 29.
1866 1899 1917 1958 5.
1953 1898 2035 1949 70.
2075 1911 2224 1958 quam

130 1982 228 2031 ego
267 1968 370 2016 iam
409 1966 527 2016 olim
563 1981 676 2014 cum
713 1966 969 2031 plerisque
1010 1966 1154 2015 libris
1190 1967 1374 2016 retinui
1410 1968 1732 2033 scripturam:
1780 1967 1877 2018 sed
1908 1968 1982 2016 ad
2012 1967 2228 2017 mulieris

129 2034 362 2102 libidines
403 2043 454 2085 et
483 2036 693 2085 delicias
729 2036 1038 2100 deposcitur,
1072 2051 1163 2101 pro
1188 2051 1290 2098 qua
1314 2038 1683 2087 commendavit
1707 2037 1995 2102 Madvigius
2021 2051 2048 2085 ε
2076 2035 2228 2084 Lam-

130 2103 236 2152 bini
281 2104 486 2154 codice:
536 2106 632 2155 sed
673 2104 746 2154 ad
782 2106 1001 2156 mulieris
1044 2105 1339 2157 libidinosae
1384 2106 1592 2157 delicias
1635 2107 1953 2169 deposcitur,
2004 2104 2228 2156 defendit

132 2173 285 2223 etiam
319 2172 513 2223 Bakius
550 2174 582 2222 Ι.
613 2190 656 2222 c.
696 2188 749 2239 p.
780 2173 881 2224 307
914 2190 990 2237 sq.
1044 2174 1167 2240 Cap.
1201 2172 1287 2226 30.
1326 2175 1377 2237 S.
1407 2176 1493 2230 72.
1530 2177 1714 2241 scripsi
1749 2191 1911 2225 nunc=
1947 2176 2105 2240 iisque
2139 2189 2229 2230 arf

131 2242 290 2300 libus,
328 2242 502 2307 quibus
531 2244 832 2293 instituimur
866 2243 939 2292 ad
967 2243 1096 2293 hunc
1132 2258 1270 2294 usum
1300 2244 1578 2307 forensem,
1618 2260 1683 2293 ex
1718 2244 1863 2295 libris
1902 2253 2097 2294 tantum
2127 2257 2226 2292 non

135 2312 389 2370 omnibus,
422 2312 559 2375 quod
589 2313 656 2361 ad
681 2312 846 2376 ipsam
878 2313 1220 2378 disciplinam,
1256 2314 1291 2368 i.
1322 2328 1367 2365 e.
1393 2314 1777 2375 institutionem,
1814 2328 1912 2363 non
1946 2314 2012 2363 ad
2042 2313 2227 2361 instru-

133 2381 370 2446 ctionem,
412 2395 494 2430 rcs
532 2382 763 2445 pertinet.
804 2388 809 2394 ’
841 2380 962 2445 Cap.
1004 2382 1090 2432 31.
1125 2383 1174 2444 5.
1218 2383 1305 2432 77.
1342 2383 1480 2444 quod
1517 2382 1680 2433 edidi:
1729 2386 1827 2434 iam
1871 2390 2015 2432 aetas
2049 2382 2226 2440 omnia,

133 2453 232 2500 iam
265 2465 405 2515 usus,
441 2450 538 2499 iam
564 2449 673 2500 dies
701 2450 956 2515 mitigavit,
993 2451 1047 2501 id
1082 2459 1160 2500 cst
1195 2450 1260 2499 de
1286 2451 1434 2500 Rauii
1469 2454 1773 2512 coniectura,
1807 2467 1958 2515 quam
1996 2450 2079 2500 ille
2113 2464 2228 2513 pro-

134 2519 264 2567 didit
299 2518 336 2571 l.
375 2534 418 2568 c.
458 2534 509 2584 p.
559 2517 656 2571 109
683 2533 767 2582 sq.
809 2520 862 2567 In
893 2520 1036 2569 libris
1069 2521 1204 2570 enim
1238 2518 1425 2585 legitur
1461 2529 1718 2587 corrupte:
1758 2522 1856 2571 iam
1886 2528 2034 2570 aetas
2069 2519 2229 2568 omnia

134 2590 231 2637 iam
261 2588 364 2639 ista
400 2588 510 2639 dies
537 2590 802 2653 mitigavit,
841 2604 941 2651 quo
980 2589 1032 2637 in
1065 2588 1175 2638 loco
1209 2603 1360 2652 quam
1392 2588 1542 2639 facile
1576 2590 2013 2652 iamususiamdies,
2051 2589 2096 2635 si
2132 2586 2229 2635 hoc

134 2658 379 2721 scriptum
417 2665 550 2707 erat:
598 2656 944 2717 iausiadies,
993 2658 1043 2706 in
1092 2660 1192 2707 iam
1228 2661 1333 2708 ista
1371 2658 1480 2709 dies
1515 2661 1698 2708 mutari
1734 2658 1957 2723 potuerit
1998 2663 2226 2720 apparet.

135 2726 288 2775 Recte
321 2736 487 2776 autem
516 2726 581 2776 ad
616 2725 751 2775 hunc
780 2726 946 2775 locum
980 2727 1187 2777 contulit
1223 2727 1335 2790 ipse
1365 2727 1558 2777 Rauius
1585 2727 1838 2777 Ciceronis
1864 2726 2104 2777 orationis
2127 2739 2231 2789 pro

137 2794 215 2843 M.
259 2794 481 2844 Murena
509 2810 623 2859 cap.
659 2794 744 2845 31.
785 2794 835 2856 5.
869 2795 955 2846 65.
1002 2796 1082 2845 Ac
1120 2803 1168 2845 te
1192 2797 1439 2860 ipsmn—
1464 2812 1594 2845 nune
1631 2805 1682 2847 et
1718 2798 1869 2847 animi
1901 2794 2109 2861 quodam
2144 2796 2229 2844 im·

127 2871 253 2926 pecu
287 2866 578 2913 concitatum
614 2871 683 2913 et.
696 2865 744 2913 vi
785 2870 1002 2914 naturae
1047 2872 1196 2930 atque
1239 2866 1429 2928 ingenii
1462 2869 1639 2916 elatum
1674 2875 1727 2917 et
1759 2865 2043 2917 recentibus
2073 2878 2229 2927 prae-

134 2940 389 2994 ceptorum
411 2933 592 2984 studiis
607 2933 908 2998 flagrantem
941 2935 1038 2983 iam
1070 2948 1191 2983 usus
1220 2934 1405 2999 flectet.
1435 2935 1544 2984 dies
1574 2936 1740 2999 leniet,
1773 2944 1925 2986 aetas
1953 2931 2227 2996 mitigabit„

86 3017 95 3034 ·
134 3000 333 3051 collatis
368 3010 631 3067 praeterea
665 3002 747 3051 his
787 3000 1044 3053 Ciceronis
1084 3002 1210 3052 locis
1251 3016 1351 3064 pro
1384 3003 1447 3051 P.
1485 3003 1629 3053 Sulla
1677 3018 1791 3068 cap.
1827 3003 1908 3054 16.
1956 3003 2008 3065 5.
2044 3003 2129 3052 47.
2160 3001 2231 3050 ad

135 3069 196 3131 Q.
232 3070 452 3133 fratrem
474 3071 564 3120 lib.
592 3073 631 3120 1.
658 3086 740 3135 ep.
774 3071 820 3120 1.
851 3086 965 3136 cap.
991 3072 1040 3123 3.
1061 3072 1112 3134 5.
1139 3071 1218 3123 10.
1250 3080 1301 3120 et
1329 3071 1494 3121 Ovidii
1522 3071 1989 3136 Metamorphoseon
2016 3071 2107 3121 lib.
2138 3069 2223 3124 VI.

136 3155 186 3188 v.
221 3138 306 3191 29.
369 3139 493 3205 Cap.
520 3139 606 3190 32.
630 3140 681 3202 5.
711 3138 793 3192 78.
827 3142 879 3190 in
913 3141 1142 3191 eamdem
1183 3140 1556 3207 coniecturam,
1592 3156 1691 3205 qua
1726 3156 1820 3206 ego
1854 3140 1976 3189 olim
2013 3140 2227 3203 scripse-

138 3222 273 3257 ram:
309 3224 408 3259 non
436 3216 630 3272 potest,
670 3211 755 3273 qui
785 3210 966 3259 ambitu
995 3226 1056 3259 ne
1089 3209 1362 3260 absolutum
1399 3211 1592 3275 quidem
1616 3212 1860 3273 patiatur>
1888 3224 2000 3261 esse
2031 3209 2228 3260 absolu-

136 3285 249 3341 tum,
285 3278 396 3340 ipse
423 3281 616 3340 impune
644 3294 867 3342 umquam
892 3295 1002 3330 esse
1032 3281 1264 3343 largitor,
1297 3280 1474 3329 incidit
1504 3281 1657 3329 etiam
1695 3279 1883 3329 Bakius
1908 3279 1941 3328 l.
1964 3294 2006 3328 c.
2030 3292 2084 3341 p.
2105 3277 2222 3330 310.

138 3346 303 3404 Quum
338 3346 473 3395 enim
510 3348 560 3395 in
597 3345 740 3396 libris
772 3346 930 3395 Paris.
958 3348 1137 3396 Bernn.
1169 3347 1273 3401 Erf.
1303 3348 1457 3397 datur
1491 3348 1705 3414 legatur,
1743 3350 1828 3398 vix
1860 3356 2026 3413 potest
2054 3361 2224 3397 verum

137 3428 251 3463 esse
284 3416 481 3477 patitur
516 3421 565 3464 et
601 3416 769 3480 ipsum
805 3428 861 3462 se
895 3417 1066 3479 prodit
1088 3416 1345 3479 patiatur.
