2514 3928
885 165 1049 224 CAP.
1084 171 1346 227 13—15.
1387 170 1439 231 ς.
1474 173 1740 238 aar—34.
2284 163 2358 226 13

265 319 443 395 quod
488 333 808 379 commune
850 315 1173 378 consilium
1216 316 1386 392 quod
1424 324 1547 376 tum
1581 334 1702 377 non
1735 315 2358 378 honorificentissime

264 404 351 464 de
390 418 530 462 mea
573 402 769 462 salute
816 402 1225 473 decrevisset,
1282 404 1467 475 quum
1514 401 1715 461 subito
1761 400 2008 461 edicunt
2050 402 2173 461 duo
2212 418 2353 461 con·

266 488 443 548 sules
461 533 475 558 ,
513 493 578 546 ut
598 485 678 544 ad
706 502 883 545 suum
905 486 1190 546 vestitum
1216 492 1535 544 senatores
1556 485 1842 544 redirent.
1899 483 2045 557 Quis
2073 502 2355 559 umquam

265 571 490 632 consul
521 578 801 630 senatum
831 567 1030 643 ipsius
1062 569 1328 629 decretis
1360 584 1575 642 parere
1603 566 1953 644 prohibuit?
1988 569 2127 643 quis
2152 577 2356 646 tyran-

270 671 389 715 nus
421 653 682 714 miseros
718 655 928 728 lugere
968 651 1203 714 vetuit?
1263 651 1560 711 Parumne
1592 660 1716 723 est,
1762 651 1937 724 Piso,
1980 661 2047 712 ut
2090 655 2357 713 omittam

266 737 626 811 Gabinium,
664 737 833 813 quod
861 745 1095 798 tantum
1124 735 1405 797 homines
1439 734 1736 807 fefellisti,
1780 744 1847 795 ut
1877 735 2221 810 negligeres
2251 752 2356 795 au·

269 820 613 882 ctoritatem
657 829 939 890 senatuS,
993 819 1203 895 optimi
1252 819 1556 893 cuiusque
1604 818 1864 880 consilia
1911 827 2349 892 contemneres,

269 922 400 966 rem
426 903 733 980 publicam
757 906 1077 980 proderes,
1106 905 1433 964 consulare
1454 919 1673 963 nomen
1698 901 2076 979 adfligeres?
2097 902 2357 964 etiamne

266 989 519 1050 edicere
535 989 833 1059 audebaS,
857 1005 936 1048 ne
959 995 1307 1047 maererent
1322 987 1600 1047 homines
1627 1004 1851 1059 meam,
1888 1003 2092 1060 suam,
2127 986 2211 1046 rei
2245 1004 2354 1062 pu·

271 1073 472 1133 blicae
514 1071 942 1143 calamitatem,
993 1087 1069 1131 ne
1113 1071 1276 1130 hunc
1320 1087 1499 1131 suum
1535 1071 1808 1131 dolorem
1843 1079 2015 1131 veste
2046 1071 2348 1146 significa·

270 1164 453 1218 rent?
525 1154 671 1214 Sive
713 1155 815 1213 illa
856 1155 1047 1216 vestis
1092 1153 1343 1215 mutatio
1387 1156 1464 1214 ad
1515 1156 1739 1215 luctum
1782 1155 2054 1229 ipsorum
2100 1155 2234 1214 sive
2276 1154 2354 1213 ad

270 1238 740 1312 deprecandum
783 1239 1050 1312 valebat,
1109 1238 1249 1313 quis
1289 1254 1581 1312 umquam
1625 1247 1747 1298 tam
1790 1237 2056 1298 crudelis
2102 1239 2210 1298 fuit
2251 1239 2357 1314 qui

278 1321 635 1396 prohiberet
675 1337 1042 1396 quemquam
1083 1331 1184 1382 aut
1216 1321 1336 1381 sibi
1378 1338 1651 1382 maerere
1684 1330 1789 1381 aut
1867 1320 2086 1382 ceteris
2123 1323 2356 1396 suppli·

275 1411 466 1466 care?
525 1403 628 1466 33.
672 1404 873 1479 Quid?
907 1422 1019 1466 sua
1048 1414 1271 1481 sponte
1300 1405 1579 1466 homines
1610 1404 1669 1464 in
1702 1403 2033 1467 amicorum
2066 1405 2355 1479 periculis

274 1489 558 1551 vestitum
591 1500 828 1550 mutare
857 1507 979 1550 non
1011 1491 1254 1552 solent?
1288 1506 1401 1565 pro
1434 1499 1492 1550 te
1522 1490 1691 1564 ipso,
1727 1489 1901 1564 Piso,
1937 1503 2197 1547 nemone
2228 1505 2355 1549 mu-

268 1572 465 1634 tabit?
509 1589 587 1632 ne
615 1572 714 1634 isti
746 1573 1024 1649 quidem,
1071 1591 1232 1650 quos
1265 1575 1500 1649 legatos
1535 1589 1655 1632 non
1690 1573 1877 1633 modo
1909 1572 2073 1631 nullo
2105 1580 2356 1632 senatus

266 1658 583 1730 consulte,
651 1659 766 1719 sed
816 1659 997 1719 etiam
1046 1665 1431 1734 repugnante
1483 1666 1698 1717 senatu
1754 1656 1858 1717 tibi
1919 1665 2042 1717 tute
2093 1657 2355 1731 legasti?

265 1742 429 1817 Ergo
461 1741 728 1802 hominis
760 1741 1071 1817 desperati
1114 1750 1174 1801 et
1213 1741 1546 1817 proditoris
1587 1741 1675 1801 rei
1709 1739 1990 1815 publicae
2022 1757 2234 1800 casum
2266 1743 2354 1800 lu·

261 1827 501 1901 gebunt
539 1825 807 1886 fortasse
852 1826 957 1899 qui
991 1827 1229 1885 volent=
1279 1825 1431 1885 civis
1467 1823 1885 1885 florentissimi
1926 1825 2351 1885 benevolentia

264 1910 576 1970 bonorum
611 1916 673 1969 et
707 1907 936 1982 optime
969 1909 1046 1967 de
1083 1907 1276 1968 salute
1324 1909 1550 1983 patriae
1582 1907 1777 1970 meriti
1828 1907 2162 1984 periculum
2208 1925 2354 1969 con·

269 1994 548 2053 iunctum
592 2005 732 2050 cum
778 1990 1050 2065 periculo
1095 1990 1354 2050 civitatis
1394 1995 1599 2064 lugere
1650 1992 1888 2054 senatui
1938 2011 2061 2053 non
2109 1992 2358 2053 licebit?

272 2080 619 2153 Eidemque
645 2077 966 2148 consules,
1003 2076 1056 2136 si
1077 2075 1428 2151 appellandi
1452 2086 1593 2137 sunt
1629 2082 1939 2152 consules,
1969 2097 2130 2155 quos
2155 2096 2335 2140 nemo

268 2171 371 2224 est
395 2162 542 2238 quin
568 2176 690 2221 non
717 2159 902 2218 modo
929 2175 1004 2218 ex
1020 2160 1329 2232 memoria,
1356 2162 1467 2221 sed
1486 2162 1659 2220 etiam
1686 2179 1763 2222 ex
1782 2164 1952 2223 fastis
1978 2164 2339 2223 evellendos

269 2254 480 2324 putet,
522 2252 710 2321 pacto
751 2242 870 2303 iam
915 2244 1167 2303 foedere
1202 2244 1681 2320 provinciarum,
1733 2247 2021 2323 producti
2059 2248 2117 2308 in
2172 2248 2338 2307 circo

269 2330 567 2393 Flaminio
597 2328 658 2388 in
680 2326 1028 2388 contionem
1053 2328 1130 2388 ab
1160 2327 1266 2388 illa
1291 2330 1315 2387 s
1317 2328 1447 2390 uria
1474 2344 1547 2388 ac
1576 2337 1756 2404 peste
1786 2331 2039 2405 patriae,
2072 2331 2338 2389 maximo

268 2430 406 2475 cum
441 2412 672 2488 gemitu
700 2417 912 2471 vestro
939 2412 1039 2472 illa
1081 2412 1311 2481 omnia,
1355 2430 1518 2488 quae
1555 2420 1683 2473 tum
1717 2421 1933 2474 contra
1962 2430 2061 2474 me
2099 2422 2340 2474 contra-

270 2514 393 2572 que
425 2512 555 2557 rem
587 2494 892 2570 publicam
937 2537 1212 2556 .......
1262 2512 1419 2556 voce
1457 2513 1530 2556 ac
1575 2498 1881 2557 sententia
1912 2513 2027 2557 sua
2058 2511 2337 2571 compro·
2389 2517 2398 2528 ·

269 2582 597 2641 baverunt.
684 2580 818 2637 XV.
866 2578 1089 2637 lisdem
1123 2579 1485 2639 consulibus
1517 2580 1877 2640 sedentibus
1914 2587 2100 2654 atque
2136 2580 2339 2654 inspe-

274 2664 583 2725 ctantibus
611 2662 734 2721 lata
762 2664 864 2721 lex
895 2669 1017 2733 est,
1049 2682 1129 2722 un
1151 2680 1444 2740 Ausmcnt
1464 2683 1804 2738 vammum,
1838 2683 1918 2723 im
1940 2682 2083 2730 oms
2107 2682 2337 2725 ommn-

272 2767 534 2823 TIARET,
560 2765 641 2807 m:
667 2761 814 2812 Qms
835 2764 986 2806 mam
1004 2764 1513 2809 INTERCEDERET:
1543 2766 1626 2810 ΠΤ
1647 2764 1920 2808 OMNIBUS
1956 2764 2179 2808 FASTIS
2202 2766 2336 2807 DIE-

267 2849 384 2893 Bus
410 2847 626 2891 manu
643 2845 830 2889 mam
847 2846 1144 2889 monam:
1176 2848 1261 2890 υτ
1285 2849 1408 2889 mx
1427 2831 1655 2903 AEmA,
1678 2850 1800 2890 mx
1821 2832 2023 2893 FumA
2045 2851 2125 2891 un
2146 2850 2336 2891 VALE·

267 2935 419 2975 aar:
454 2929 578 2987 qua
606 2927 731 2972 una
755 2910 1076 2985 rogatione
1101 2911 1240 2986 quis
1272 2924 1369 2972 est
1392 2913 1494 2987 qui
1520 2929 1640 2971 non
1665 2911 1959 2989 intelligat
1983 2913 2331 2972 universam

271 3014 401 3056 rem
425 2994 733 3071 publicam
756 3009 899 3055 esse
913 2994 1219 3055 deletam?
1249 2995 1351 3055 34.
1374 2996 1726 3070 Iisdemque
1750 2996 2109 3056 consulibus
2134 2997 2336 3068 inspe-

269 3081 578 3141 ctantibus
611 3093 934 3138 servorum
965 3078 1224 3137 dilectus
1256 3079 1598 3138 habebatur
1624 3095 1738 3156 pro
1769 3079 2055 3140 tribunali
2083 3075 2334 3137 Aurelio

271 3165 518 3224 nomine
542 3162 960 3238 collegiorum,
991 3177 1179 3235 quum
1202 3161 1450 3221 vicatim
1473 3162 1752 3222 homines
1781 3160 2333 3223 conscriberentur,

270 3247 755 3317 decuriarentur,
786 3246 866 3305 ad
893 3244 1030 3315 vim,
1059 3243 1139 3302 ad
1165 3260 1396 3317 manus,
1422 3246 1500 3317 ad
1530 3245 1803 3316 caedem,
1830 3248 1907 3304 ad
1927 3242 2335 3315 direptionem

271 3328 688 3391 incitarentur.
744 3328 1096 3402 Iisdemque
1121 3328 1481 3388 consulibus
1503 3328 1570 3364 *¹⁸
1603 3343 1774 3386 arma
1803 3327 1859 3384 in
1897 3325 2190 3393 templum
2230 3321 2332 3375 Ca*-

273 3413 459 3475 storis
493 3414 696 3488 palam
729 3401 1307 3486 comportabantur,
1350 3411 1577 3481 gradus
1607 3408 1885 3464 eiusdem
1922 3400 2132 3465 tempti
2162 3396 2332 3449 tolle-
