2514 3928
259 290 381 354 128
684 288 833 349 PRO
864 289 932 347 1..
964 285 1343 348 CORNELIO
1371 285 1631 346 BALBO
1659 284 1970 349 ORATIO.
2284 290 2365 348 ΒΟ

256 444 422 514 dere,
457 450 791 502 consecuta
821 446 946 500 est·
980 439 1146 514 quod
1178 437 1422 513 publica
1444 435 1743 512 religione
1774 434 1999 498 sanciri
2025 437 2260 511 potuit,
2289 434 2363 501 id

256 527 452 586 abest.
538 524 815 600 Populus
847 522 1009 583 enim
1042 538 1111 582 se
1142 538 1446 596 nusquam
1477 521 1787 595 obligavit.
1845 521 2058 596 Neque
2089 520 2232 582 ideo
2259 528 2364 582 est

257 608 695 669 Gaditanorum
742 623 932 668 causa
977 607 1263 668 deterior.
1363 604 1756 665 Gravissimis
1791 604 1951 664 enim
1983 612 2044 665 et
2074 603 2360 679 plurimis

258 694 444 753 rebus
476 701 572 752 est
607 692 773 752 fulta.
824 690 950 751 Sed
978 688 1081 752 isti
1109 688 1505 764 disputationi
1556 682 1657 785 ᾖδε
1697 696 1867 749 certe
1895 687 2044 751 nihil
2075 694 2175 749 est
2203 688 2354 750 loci.

256 774 728 836 Sacrosanctum
755 775 912 843 enim
937 774 1083 835 nihil
1103 780 1491 850 potestesse,
1515 771 1634 838 nisi
1683 771 1850 846 quod
1893 787 2008 846 per
2047 771 2359 847 populum

258 859 587 933 plebemve
618 866 898 919 sanctum
927 864 1041 916 est.
1127 856 1287 914 XVI.
1315 855 1492 928 Quod
1524 854 1578 916 si
1607 855 1728 915 hoc
1759 856 2000 927 foeduS‚
2040 855 2209 930 quod
2240 870 2357 929 pov

256 944 442 1017 pulus
466 943 782 1002 Romanus
809 948 1061 1001 auctore
1084 947 1322 1011 senatu,
1353 937 1885 1000 commendatione
1908 946 1968 999 et
1991 936 2219 998 iudicio
2247 954 2358 998 ve-

262 1025 527 1100 tustatis,
556 1025 872 1086 voluntate
906 1031 965 1083 et
990 1021 1310 1083 sententiis
1342 1021 1471 1082 suis
1503 1023 1900 1098 comprobat,
1936 1021 2097 1083 idem
2128 1020 2360 1083 suffra·-

255 1108 375 1183 giis
411 1108 910 1184 comprobasset,
941 1107 1087 1182 quid
1119 1113 1248 1166 erat
1277 1122 1386 1166 cur
1411 1122 1497 1166 ex
1526 1105 1667 1181 ipso
1704 1107 1957 1167 foedere
1987 1105 2355 1168 Gaditanum

257 1192 318 1251 in
352 1190 658 1252 civitatem
695 1199 965 1252 nostram
1000 1189 1193 1265 recipi
1224 1206 1345 1250 non
1384 1190 1633 1251 liceret?
1671 1188 1829 1250 Nihil
1862 1197 1958 1251 est
1985 1189 2149 1250 enim
2182 1189 2357 1250 aliud

257 1276 319 1335 in
359 1275 611 1335 foedere
655 1274 774 1335 nisi
814 1282 882 1336 ut
912 1291 1017 1333 pm
1044 1289 1117 1333 1·:·r
1145 1289 1425 1333 sternam
1451 1290 1573 1333 pax
1612 1272 1707 1335 sit.
1799 1272 1955 1348 Quid
1993 1272 2056 1334 id
2091 1275 2170 1334 ad
2201 1272 2354 1334 civi·

255 1368 438 1420 tatem
460 1365 489 1417 ‘3
530 1357 905 1420 Adiunctum
926 1358 1084 1419 illud
1114 1359 1293 1420 etiam
1341 1367 1453 1430 est,
1492 1358 1661 1433 quod
1692 1372 1814 1419 non
1844 1365 1945 1419 est
1972 1354 2030 1419 in
2062 1357 2353 1420 omnibus

256 1443 650 1504 foederibus:
682 1458 1077 1503 mansurent
1098 1458 1307 1503 popum
1331 1443 1583 1503 Romam
1609 1456 1868 1503 comma
1894 1456 2351 1510 constnvnu‘ro.

253 1527 538 1587 ld-habet
568 1525 726 1591 hanc
759 1525 898 1599 vim,
932 1534 997 1586 ut
1026 1525 1105 1587 sit
1135 1527 1235 1587 ille
1259 1525 1319 1586 in
1347 1527 1598 1588 foedere
1619 1525 1892 1587 inferior.
1951 1523 2056 1589 36.
2084 1525 2350 1589 Primum

259 1610 427 1671 verbi
457 1627 653 1693 genus
688 1610 809 1671 hoc
844 1625 1295 1683 consenum-no,
1328 1627 1452 1685 quo
1481 1609 1679 1685 magis
1709 1610 1768 1669 in
1791 1608 2031 1685 legibus
2067 1626 2250 1686 quam
2285 1609 2351 1670 in

254 1694 614 1755 foederibus
642 1693 730 1753 uti
761 1694 1053 1769 solemus,
1083 1692 1441 1768 imperantis
1466 1703 1576 1766 est,
1601 1710 1724 1755 >non
1747 1692 2080 1769 precantis.
2111 1692 2349 1757 Deinde

259 1793 445 1852 quum
475 1776 726 1837 alterius
761 1770 977 1852 populi
1004 1776 1295 1838 maiestas
1325 1779 1682 1839 conservari
1727 1776 2000 1850 iubetur,
2045 1779 2123 1838 de
2152 1778 2346 1839 altero

257 1861 496 1934 siletur,
550 1866 715 1920 certe
756 1859 859 1920 ille
902 1862 1172 1937 populus
1201 1860 1263 1922 in
1293 1859 1610 1937 superiore
1631 1860 1997 1923 condicione
2032 1877 2349 1938 causaque

259 1943 532 2020 ponitur,
581 1944 756 2005 cuius
798 1945 1089 2008 maiestas
1134 1945 1403 2007 foederis
1446 1946 1763 2008 sanctione
1812 1945 2175 2009 defenditur.
2275 1946 2346 2007 ln

258 2045 382 2104 quo
416 2037 545 2089 erat
573 2030 955 2090 accusatoris
999 2030 1416 2105 interpretatio
1456 2030 1708 2107 indigna
1735 2032 2184 2107 responsione,
2238 2030 2346 2107 qui

254 2121 336 2173 ,ta
386 2111 662 2187 diceba-t,
708 2128 968 2173 commi
1007 2131 1154 2175 esse
1193 2118 1607 2189 communiter,
1657 2114 1836 2191 quasi
1879 2132 2026 2177 veno
2071 2115 2344 2191 priscum

254 2195 509 2270 aliquod
561 2205 665 2257 aut
717 2196 1026 2258 insolitum
1085 2198 1339 2258 verbum
1381 2198 1898 2274 interpretaretur.
1997 2200 2201 2261 Comes
2234 2200 2344 2259 be·

256 2279 443 2354 nigni,
477 2279 692 2342 faciles
713 2326 728 2353 ‚
760 2297 986 2342 suaves
1016 2281 1301 2343 homines
1338 2299 1483 2343 esse
1513 2282 1814 2356 dicuntur,
1843 2287 1953 2359 qui
1973 2286 2341 2345 mantice-

253 2366 425 2423 mitcr
455 2371 746 2424 monstrat
775 2369 958 2439 viam,
991 2365 1285 2440 benigne,
1316 2383 1437 2427 non
1470 2375 1749 2443 gravate:
1792 2370 2175 2429 communiter
2205 2366 2339 2442 qui-

256 2447 393 2506 dem
428 2455 593 2508 certe
628 2463 750 2508 non
783 2448 1089 2509 convenit.
1142 2448 1147 2453 ’
1176 2446 1281 2512 37.
1320 2451 1396 2511 Et
1426 2450 1605 2512 simul
1634 2452 1903 2513 absurda
1932 2467 2035 2513 res
2066 2459 2162 2512 est
2238 2465 2339 2510 ca·

256 2530 386 2591 veri
414 2531 686 2605 foedere,
720 2540 786 2592 ut
813 2534 1190 2595 maiestatem
1226 2533 1441 2610 populi
1474 2536 1732 2596 Romani
1763 2534 2163 2596 communiter
2190 2548 2338 2594 con-

256 2622 539 2690 servent,
577 2614 642 2676 id
671 2624 797 2689 est,
827 2625 893 2677 ut
928 2619 1197 2693 populus
1228 2619 1543 2679 Romanus
1577 2633 1750 2679 suam
1785 2618 2161 2680 maiestatem
2194 2634 2338 2679 esse

257 2701 491 2759 salvam
521 2699 685 2760 velit.
777 2699 953 2774 Quod
984 2701 1036 2761 si
1073 2699 1192 2761 iam
1223 2702 1305 2761 ita
1334 2710 1531 2774 esset,
1576 2708 1644 2762 ut
1673 2719 1817 2763 esse
1843 2719 1964 2763 non
1998 2710 2219 2778 potest,
2241 2709 2336 2761 ta·

256 2799 393 2843 men
426 2785 506 2843 de
530 2794 742 2845 nostra
765 2784 1101 2860 maiestate,
1133 2785 1280 2845 nihil
1311 2786 1390 2847 de
1419 2785 1659 2847 illorum
1684 2793 2021 2849 caveretur.
2050 2785 2337 2846 Potestne

257 2865 441 2941 igitur
469 2876 681 2929 nostra
711 2868 1001 2929 maiestas
1033 2886 1071 2929 a
1098 2868 1417 2930 Gaditanis
1446 2869 1712 2945 benigne
1747 2871 2134 2945 conservari,
2174 2868 2226 2930 si
2252 2871 2334 2930 ad

255 2966 388 3008 eam
421 2952 798 3028 retinendam
837 2952 1172 3014 Gaditanos
1215 2952 1502 3029 praemiis
1548 2955 1771 3015 elicere
1802 2971 1923 3015 non
1954 2970 2284 3031 possumus
2305 2961 2334 3013 ⁴3

250 3031 460 3094 Potest
487 3050 630 3095 esse
656 3036 780 3096 ulla
811 3037 1077 3113 denique
1114 3036 1433 3109 maiestas,
1484 3038 1537 3098 si
1576 3038 1939 3113 impedimur
1978 3056 2104 3115 quo
2134 3037 2331 3099 minus

255 3132 366 3190 per
394 3120 691 3192 populum
721 3120 1060 3181 Romanum
1089 3120 1529 3182 beneficiorum
1573 3122 1811 3184 virtutis
1851 3139 2039 3185 causa
2068 3122 2330 3182 tribuen-

254 3199 471 3260 dorum
505 3210 865 3275 potestatem
895 3205 1368 3279 imperatoribus
1400 3207 1626 3267 nostris
1658 3208 2051 3273 deferamus?

375 3284 564 3345 xvll.
607 3284 710 3347 38.
752 3286 876 3348 Sed
916 3289 1063 3364 quid
1092 3305 1207 3364 ego
1245 3288 1513 3364 disput0‚
1563 3307 1722 3366 quae
1752 3289 1895 3351 mihi
1929 3300 2086 3365 tum,
2132 3288 2184 3351 si
2214 3289 2329 3349 Ga-

254 3366 439 3427 ditani
471 3377 683 3430 contra
712 3387 811 3431 me
844 3371 1145 3448 dicerent,
1193 3390 1340 3434 vere
1385 3391 1577 3450 posse
1621 3374 1739 3435 dici
1778 3374 2169 3436 viderentur?
2205 3373 2328 3435 illis

253 3449 411 3510 enim
441 3454 860 3527 repetentibus
891 3456 958 3519 L.
998 3457 1339 3518 Cornelium
1388 3460 1858 3534 responderem,
1902 3461 2099 3535 legem
2133 3473 2324 3533 popu·

254 3533 376 3595 lum
407 3534 792 3599 Romanum
774 3540 1040 3601 iussisse
1071 3542 1148 3601 de
1180 3541 1423 3603 civitate
1446 3543 1791 3604 tribuenda.
1833 3541 1976 3603 huic
2005 3541 2214 3619 generi
2242 3543 2329 3602 le-
