2514 3928
300 188 434 250 eos
860 183 1010 244 pao
1046 184 1160 243 cn.
1189 180 1517 273 PLANclo
1554 179 1858 242 oaA'rlo.
2290 194 2400 246 uo

300 336 589 400 eiusdem
630 333 855 397 tribuni
900 332 1097 410 plebis
1143 331 1527 395 contionibus
1575 339 1824 408 propter
1855 332 2132 392 eamdem
2156 334 2246 393 rei
2278 349 2399 408 pu-

308 421 509 481 blicae
542 435 793 480 causam
822 434 1012 494 saepe
1044 426 1331 487 vexatus,
1380 415 1526 476 nihil
1570 417 1832 491 amplius
1863 415 2003 477 dico
2051 416 2167 476 nisi
2204 433 2302 476 me
2332 417 2398 477 in

304 502 580 564 Siciliam
611 503 820 563 venire
865 500 1077 564 noluit.
1165 500 1322 574 Quid
1356 499 1597 560 dicam?
1637 500 1699 560 C.
1729 498 2023 582 Vergilio,
2050 500 2153 559 tali
2183 498 2306 567 civi
2335 508 2399 564 et

308 588 476 658 viro,
519 585 1010 658 benevolentiam
1046 584 1109 643 in
1148 600 1277 658 me,
1318 583 1665 643 memoriam
1707 582 2115 644 communium
2157 590 2398 658 tempo·

310 686 477 742 rum,
509 669 827 744 pietatem,
859 669 1323 741 humanitatem,
1351 667 1533 727 fidem
1566 666 1883 728 defuisse?
1923 665 2101 740 Nihil,
2131 666 2395 742 iudice8‚

304 761 408 815 est
436 769 670 824 eorum,
722 753 866 825 sed,
910 767 1093 828 quam
1121 758 1544 825 tempestatem
1574 767 1689 812 nos
1722 751 2042 811 vobiscum
2070 766 2192 813 non
2224 750 2390 811 tulis·

311 853 543 912 semus,
574 836 783 897 metuit
803 844 869 896 ut
887 851 1020 895 eam
1047 834 1185 909 ipse
1217 840 1434 908 posset
1462 836 1684 909 opibus
1714 833 1846 895 suis
1877 833 2201 895 sustinere.
2239 835 2395 894 Tum

307 919 573 980 consilio
616 926 869 993 repente
916 926 1142 978 mutato
1186 918 1301 978 iter
1331 935 1369 977 a
1398 918 1640 978 Vibone
1666 917 2060 979 Brundisium
2090 925 2251 977 terra
2282 934 2392 992 pe·-

310 1015 438 1063 tere
480 1001 785 1062 contendi.
872 1002 1021 1061 Nam
1068 1002 1403 1062 maritimos
1444 1017 1687 1073 cursus*
1706 1001 2142 1076 praecludebat
2172 1001 2390 1062 hiemis

308 1086 683 1159 magnitudo·

432 1168 584 1227 XLI.
611 1165 711 1229 97.
745 1168 940 1241 Quum
976 1168 1177 1228 omnia
1207 1167 1308 1228 illa
1342 1166 1689 1243 municipia,
1720 1183 1879 1243 quae
1907 1174 2051 1229 sunt
2079 1184 2118 1228 a
2145 1167 2390 1227 Vibone

311 1251 722 1323 Brundisium,
750 1253 810 1310 in
846 1253 969 1312 fide
990 1268 1144 1327 mea,
1173 1251 1430 1325 iudices,
1459 1259 1684 1326 essent,
1721 1250 1834 1311 iter
1854 1250 1998 1311 mihi
2024 1258 2209 1312 tutum
2233 1252 2389 1310 mul·

310 1334 390 1395 tis
419 1335 832 1396 minitantibus
862 1352 1085 1410 magno
1129 1353 1266 1396 curn
1299 1353 1414 1396 suo
1453 1344 1620 1396 metu
1658 1336 2109 1412 praestiterunt.
2193 1335 2388 1395 Brun·

306 1418 532 1479 disium
563 1417 701 1479 veni
733 1420 828 1479 vel
859 1419 1062 1494 potius
1092 1420 1171 1479 ad
1199 1422 1440 1480 moenia
1468 1417 1739 1480 accessit
1780 1420 1997 1479 urbem
2028 1434 2209 1480 unam
2238 1417 2382 1478 mihi

310 1501 747 1563 amicissimam
783 1503 1113 1575 declinavi,
1165 1521 1324 1578 quae
1359 1519 1428 1564 se
1465 1504 1561 1562 vel
1601 1503 1803 1578 potius
1833 1501 2113 1563 exscindi
2140 1519 2324 1577 quam
2355 1517 2389 1560 e

310 1603 425 1646 suo
470 1587 798 1661 complexu
845 1594 911 1647 ut
961 1586 1233 1661 eriperer
1276 1585 1453 1646 facile
1500 1593 1828 1661 pateretur.
1926 1587 1994 1646 ln
2035 1587 2249 1647 hortos
2291 1601 2388 1645 me

308 1670 389 1728 Μ.
418 1669 630 1730 Laenii
657 1668 858 1728 Flacci
894 1670 1148 1730 contuli=
1193 1670 1294 1730 cui
1337 1687 1525 1745 quum
1556 1668 1755 1731 omnis
1785 1676 2011 1743 metuS,
2057 1668 2386 1746 publicatio

307 1753 643 1825 bonorum,
676 1750 989 1824 exsilium,
1024 1768 1189 1812 mors
1220 1755 1703 1829 proponeretur,
1731 1753 1884 1814 haec
1916 1752 2170 1829 perpeti,
2203 1754 2256 1811 si
2287 1767 2387 1811 ac-

307 1835 600 1905 ciderent,
635 1833 844 1978 maffit
875 1853 1055 1909 quam
1088 1836 1427 1897 custodiam
1452 1838 1569 1897 mei
1593 1835 1811 1911 capitis
1835 1836 2150 1899 dimittere.
2203 1837 2388 1898 Cuius

304 1934 424 1993 ego
457 1927 516 1980 et
538 1933 724 1993 paren
757 1916 806 1977 ’s
832 1917 985 1992 eius,
1016 1920 1474 1995 prudentissimi
1503 1928 1686 1998 atque
1721 1920 1929 1996 optimi
1962 1919 2149 1994 seniS,
2180 1927 2240 1980 et
2271 1920 2386 1979 fra-

306 2002 414 2062 tris
457 2011 518 2063 et
543 2002 864 2077 utriusque
895 2002 1156 2067 filiorum
1197 2004 1479 2065 manibus
1508 2003 1568 2064 in
1617 2005 1757 2065 navi
1799 2014 1923 2066 tuta
1965 2022 2037 2065 ac
2065 2004 2229 2066 fideli
2263 2004 2382 2062 col·

306 2093 547 2146 -ocatus
593 2101 929 2159 eorumque
972 2101 1188 2162 preces
1230 2096 1290 2148 et
1329 2096 1474 2149 vota
1512 2090 1590 2149 de
1631 2105 1768 2150 mco
1808 2088 2006 2150 reditu
2047 2087 2387 2148 exaudiens

307 2168 738 2243 Dyrrachium,
799 2171 970 2244 quod
1046 2178 1177 2231 erat
1203 2169 1263 2230 in
1295 2172 1419 2232 fide
1444 2187 1611 2245 mea,
1655 2181 1863 2248 petere
1893 2171 2195 2233 contendi.
2282 2165 2386 2230 98.

309 2251 442 2323 Quo
490 2268 675 2324 quum
704 2253 1046 2324 venissem,
1092 2254 1387 2329 cognovi,
1430 2254 1490 2315 id
1524 2257 1692 2330 quod
1722 2257 2063 2328 audieram,
2103 2256 2384 2314 refertam

308 2350 456 2394 esse
507 2333 822 2394 Graeciam
867 2337 1477 2399 sceleratissimorum
1518 2339 1827 2400 hominum
1882 2356 1956 2400 ac
1998 2337 2377 2409 nefariorum.

309 2433 573 2492 quorum
604 2416 856 2492 impium
890 2419 1112 2480 ferrum
1140 2419 1439 2495 ignesque
1464 2423 1788 2497 pestiferos
1819 2440 1993 2484 meus
2029 2423 2129 2483 ille
2159 2437 2362 2481 consu·

306 2503 464 2561 latus
509 2517 543 2561 e
585 2500 868 2562 manibus
898 2510 1273 2565 extorserat=
1308 2507 1410 2580 qui
1441 2516 1580 2567 ante
1613 2524 1793 2581 quam
1829 2508 1906 2567 de
1933 2524 2072 2567 meo
2117 2506 2383 2565 adventu

302 2584 518 2645 audire
544 2585 905 2661 potuissent,
937 2606 1123 2662 quum
1150 2596 1350 2649 tamen
1376 2590 1664 2650 abessent
1686 2590 1918 2665 aliquot
1938 2590 2170 2650 dierum
2203 2588 2379 2661 viam,

310 2668 370 2727 in
399 2667 821 2730 Macedoniam
846 2672 926 2731 ad
952 2672 1388 2747 Planciumque
1420 2674 1679 2748 perrexi.
1764 2673 1877 2734 Hic
1908 2691 2054 2734 vero
2085 2672 2260 2734 simul
2293 2680 2375 2733 at-

303 2769 427 2826 que
465 2769 629 2813 mare
658 2770 753 2813 me
782 2756 1076 2817 transisse
1109 2756 1398 2831 cognovit
1421 2790 1510 2802 —-
1535 2757 1697 2830 audi,
1731 2758 1874 2817 audi
1904 2765 2089 2833 atque
2117 2755 2379 2827 attende,

303 2836 688 2910 Laterensis,
727 2845 793 2898 ut
833 2838 997 2899 scias
1028 2839 1176 2914 quid
1207 2855 1325 2914 ego
1355 2839 1601 2901 Plancio
1634 2841 1890 2901 debeam
1928 2840 2383 2913 confiteareque

302 2917 633 2991 aliquando
665 2937 761 2980 me
804 2922 973 2995 quod
1004 2922 1221 2982 faciam
1276 2930 1337 2983 et
1378 2931 1547 2997 grate
1588 2930 1649 2984 et
1679 2926 1779 2999 pie
1822 2927 2052 2984 facere=
2090 2924 2228 2984 huic
2244 2918 2379 3003 [au-

305 2998 474 3080 tem]‚
510 3017 666 3076 quae
710 3018 820 3076 pro
867 3006 1061 3065 salute
1089 3021 1224 3065 mea
1256 3007 1466 3067 fecerit
1528 3004 1582 3068 si
1623 3010 1823 3069 minus
1868 3009 2184 3082 profutura
2241 3005 2379 3078 sint,

303 3084 531 3144 obesse
556 3093 719 3144 certe
744 3102 863 3145 non
896 3097 1182 3162 oportere
1210 3112 1317 3147 —=
1342 3108 1481 3151 narn
1505 3091 1683 3153 simul
1719 3108 1792 3152 ac
1835 3104 1933 3149 me
1978 3086 2381 3164 Dyrrachium

299 3166 578 3242 attigisse
617 3167 879 3242 audivit,
910 3172 1110 3232 statim
1131 3174 1209 3234 ad
1233 3190 1331 3234 me
1371 3174 1685 3237 lictoribus
1720 3174 2009 3250 dimissis,
2039 3172 2383 3248 insignibus
2433 3201 2439 3206 ·

298 3249 588 3323 abiectiS,
637 3261 812 3314 veste
858 3263 1081 3316 mutata
1125 3258 1437 3332 profectus
1480 3267 1592 3320 est.
1680 3259 1781 3320 99.
1816 3259 1862 3319 Ο
1899 3260 2183 3320 acerbam
2219 3256 2382 3329 mihi,

303 3334 559 3407 iudices,
590 3339 942 3399 memoriam
971 3340 1266 3417 temporis
1294 3341 1456 3403 illius
1480 3351 1541 3404 et
1569 3343 1709 3422 loci,
1740 3362 1924 3419 quum
1960 3344 2058 3403 hic
2086 3344 2145 3402 in
2169 3356 2268 3399 me
2293 3340 2382 3399 in·

300 3417 473 3493 cidit,
512 3437 697 3495 quum
737 3425 1100 3500 complexus
1138 3434 1233 3488 est
1262 3427 1733 3504 conspersitque
1775 3427 2039 3489 lacrimis
2067 3441 2183 3486 nec
2214 3424 2383 3499 loqui
