2514 3928
198 161 280 224 88
792 160 941 220 PRO
978 159 1040 218 M
1076 157 1355 218 CAELIO
1395 156 1700 218 ORATIO.

194 313 345 374 nihil
372 314 560 374 Baiae
584 311 853 388 denique
881 311 1056 387 ipsae
1083 312 1453 386 loquuntur?
1480 311 1625 372 Illae
1649 326 1796 371 vero
1822 327 1940 373 non
1973 311 2303 388 loquuntur

201 400 420 469 solum,
451 413 662 458 verum
685 396 864 458 etiam
897 404 1261 470 personant:
1306 395 1425 455 huc
1454 394 1636 457 unius
1679 395 1947 456 mulieris
1991 395 2302 457 libidinem

199 498 343 543 esse
366 484 738 558 prolapsam,
770 490 833 541 ut
855 497 928 541 ea
952 495 1070 540 non
1098 480 1283 539 modo
1307 479 1694 540 solitudinem
1719 494 1791 540 ac
1814 482 2303 555 tenebrasatque

198 566 354 627 haec
388 564 754 641 flagitiorum
794 567 1204 640 integumenta
1227 579 1348 622 non
1376 572 1647 640 quaerat,
1689 566 1800 626 sed
1841 565 1898 624 in
1931 564 2300 640 turpissimis

201 653 387 712 rebus
422 650 921 726 frequentissima
957 648 1309 709 celebritate
1339 658 1399 709 et
1434 647 1772 708 clarissima
1805 650 1943 709 luce
1973 651 2243 710 laetetur.
2329 662 2340 668 ·

328 734 431 796 48.
475 737 708 797 Verum
740 733 793 795 si
827 733 965 809 quis
997 741 1093 793 est
1123 731 1226 808 qui
1267 732 1444 793 etiam
1474 731 1834 794 meretriciis
1865 733 2176 795 amoribus
2211 734 2299 793 in-

210 819 526 880 terdictum
560 818 858 879 iuventuti
889 825 1078 894 putet,
1111 826 1207 877 est
1235 817 1335 876 ille
1351 812 1599 889 quidem
1623 817 1807 876 valde
1831 832 2092 878 severus
2112 835 2298 878 —ne·

204 920 351 977 gare
371 920 495 963 non
518 917 781 978 possum
799 935 895 972 -,
920 901 1033 960 sed
1047 900 1338 963 abhorret
1378 918 1498 962 non
1533 902 1716 962 modo
1746 901 1823 960 ab
1853 900 2035 962 huius
2066 901 2300 962 saeculi

203 985 465 1058 licentia,
504 1002 715 1048 verum
748 984 928 1047 etiam
959 1002 995 1045 a
1018 985 1316 1046 maiorum
1349 985 1798 1046 consuetudine
1824 994 2009 1061 atque
2040 1002 2298 1047 conces-

160 1148 167 1154 ,
203 1069 313 1132 sis.
361 1069 618 1144 Quando
645 1070 806 1132 enim
836 1071 954 1131 hoc
982 1085 1102 1129 non
1134 1071 1358 1131 factum
1390 1077 1513 1142 est,
1548 1071 1795 1146 quando
1837 1070 2296 1145 reprehensum,

204 1156 455 1230 quando
487 1172 609 1217 non
646 1155 1060 1231 permissum?
1103 1156 1351 1230 quaudo
1384 1154 1654 1232 denique
1687 1153 1828 1225 suit,
1862 1162 1929 1216 ut
1961 1157 2129 1230 quod
2161 1156 2301 1215 licet

201 1254 329 1299 non
365 1239 618 1302 liceret?
672 1240 781 1301 Hic
807 1258 924 1316 ego
955 1241 1152 1317 ipsam
1186 1256 1315 1300 rem
1345 1239 1659 1300 definiam=
1712 1237 2024 1300 mulierem
2074 1241 2297 1299 nullam

203 1322 577 1385 nominabo=
640 1333 867 1386 tantum
912 1323 972 1384 in
1021 1324 1220 1385 medio
1265 1323 1621 1397 relinquam.
1707 1321 1809 1384 49.
1869 1323 1932 1384 Si
1976 1341 2135 1399 quae
2176 1341 2296 1384 non

202 1416 394 1484 nupta
426 1408 642 1470 mulier
672 1412 918 1471 domum
951 1425 1123 1470 suam
1157 1405 1513 1480 patefecerit
1543 1405 1808 1464 omnium
1841 1408 2157 1481 cupiditati
2191 1425 2294 1483 pa-

201 1493 452 1569 lamque
484 1510 626 1555 sese
659 1493 717 1554 in
751 1492 1091 1554 meretricia
1125 1489 1244 1545 vita
1282 1483 1632 1558 collocarit,
1675 1485 1944 1547 virorum
1994 1492 2296 1552 alienissi-

201 1593 444 1639 morum
492 1578 793 1639 conviviis
833 1573 921 1635 uti
960 1565 1319 1630 instituerit=
1380 1566 1433 1626 si
1480 1568 1596 1628 hoc
1640 1569 1696 1627 in
1743 1571 1924 1642 urbe,
1974 1571 2032 1630 in
2081 1574 2297 1648 hortiS,

202 1660 257 1721 si
286 1663 345 1722 in
378 1659 662 1721 Baiarum
695 1658 794 1718 illa
827 1651 1176 1715 celebritate
1209 1651 1405 1724 iaciat,
1452 1652 1505 1713 si
1536 1652 1801 1728 denique
1824 1653 1905 1714 ita
1934 1671 2080 1715 sese
2102 1667 2297 1731 gerat,

202 1761 324 1806 non
351 1743 601 1804 incessu
629 1742 848 1811 solum,
882 1737 996 1796 sed
1028 1743 1245 1795 ornatu
1275 1744 1462 1811 atque
1489 1737 1794 1812 comitatu,
1826 1755 1944 1819 non
1970 1737 2294 1815 flagrantia

202 1827 540 1895 oculorum,
576 1839 696 1883 non
728 1821 1001 1881 libertate
1031 1819 1352 1890 sermoniS,
1388 1822 1500 1881 sed
1524 1820 1701 1883 etiam
1727 1825 2072 1898 complexu,
2104 1841 2286 1886 oscu-

201 1907 444 1980 latione,
478 1907 678 1982 aquis,
709 1902 1112 1979 navigatione,
1148 1904 1468 1979 conviviis,
1498 1915 1564 1968 ut
1592 1923 1711 1967 non
1743 1909 1941 1970 solum
1969 1911 2278 1987 meretriX,

199 1994 314 2053 sed
344 1992 522 2053 etiam
554 1997 843 2065 proterva
865 1991 1149 2051 meretrix
1173 2006 1534 2065 procaxque
1570 1991 1883 2054 videatur:
1918 2010 2054 2055 cum
2086 1996 2203 2057 hac
2234 1998 2293 2060 si

203 2075 308 2151 qui
337 2076 708 2136 adolescens
738 2074 894 2134 sorte
926 2074 1122 2148 fuerit,
1152 2084 1348 2136 utrum
1381 2074 1478 2135 hic
1502 2074 1628 2150 tibi,
1656 2078 1722 2136 L.
1746 2079 2030 2153 Herenni,
2057 2082 2295 2143 adulter

200 2176 275 2219 an
293 2167 547 2230 amator,
562 2173 923 2232 expugnare
949 2158 1297 2232 pudicitiam
1323 2176 1397 2218 an
1424 2161 1675 2235 explere
1690 2161 1998 2224 libidinem
2018 2164 2292 2227 voluisse

202 2232 553 2303 videatur‘l}
578 2239 677 2301 50.
718 2237 1064 2322 ΟΒΙίνίεοολι·
1096 2238 1215 2298 iam
1249 2238 1501 2300 iniurias
1534 2249 1694 2313 tuaS,
1737 2242 1977 2303 Clodia:
2025 2245 2274 2321 depono

201 2323 556 2386 memoriam
580 2321 816 2383 doloris
839 2323 986 2383 mei:
1016 2339 1177 2397 quae
1199 2323 1311 2384 abs
1336 2332 1397 2384 te
1414 2326 1744 2386 crudeliter
1764 2326 1822 2386 in
1851 2343 2026 2388 meos
2049 2346 2149 2390 me
2172 2332 2275 2391 ab·

200 2417 380 2469 sente
428 2409 589 2466 facta
633 2415 807 2481 sunt,
852 2406 1116 2481 negligo.
1203 2408 1291 2466 Ne
1334 2405 1453 2466 siut
1493 2407 1647 2467 haec
1689 2410 1746 2467 in
1790 2418 1848 2470 te
1895 2407 2087 2483 dicta,
2136 2401 2293 2486 quae

203 2491 352 2553 dixi.
396 2490 525 2551 Sed
557 2507 634 2550 ex
670 2499 727 2551 te
758 2490 897 2566 ipsa
926 2491 1194 2565 requir0,
1230 2490 1519 2565 quoniam
1549 2499 1609 2550 et
1638 2493 1863 2553 crimen
1895 2503 2296 2558 accusatores

198 2576 315 2636 abs
344 2583 406 2636 te
434 2584 496 2636 et
525 2582 743 2636 testem
774 2574 909 2636 eius
946 2574 1215 2636 criminis
1249 2584 1306 2635 te
1337 2576 1531 2650 ipsam
1566 2575 1776 2639 dicunt
1810 2593 1879 2637 se
1929 2577 2186 2640 habere:
2242 2579 2294 2639 si

200 2675 366 2735 quae
390 2660 606 2720 mulier
652 2660 731 2721 sit
756 2659 891 2721 eius
915 2658 1112 2733 modi,
1164 2660 1403 2733 qualem
1433 2676 1548 2735 ego
1580 2662 1784 2735 paullo
1809 2670 1949 2722 ante
1974 2662 2295 2737 descripsi,

200 2741 288 2804 tui
320 2743 669 2819 dissimilis,
724 2745 846 2806 vita
876 2743 1275 2819 institutoque
1321 2744 1694 2816 meretricio,
1749 2760 1885 2806 cum
1918 2744 2033 2805 hac
2063 2746 2296 2822 aliquid

198 2828 661 2889 adolescentem
693 2829 997 2889 hominem
1032 2827 1328 2888 habuisse
1356 2827 1641 2901 rationis,
1698 2846 1842 2889 num
1870 2829 1978 2890 tibi
2007 2839 2298 2906 perturpe

198 2920 305 2973 aut
341 2911 828 2987 perflagitiosum
864 2930 1008 2974 esse
1040 2911 1362 2972 videatur?
1404 2914 1496 2972 Ea
1524 2914 1573 2972 si
1608 2922 1671 2975 tu
1700 2931 1822 2976 non
1853 2930 1955 2987 eS,
1989 2914 2149 2978 sicut
2180 2932 2297 2990 ego

201 2997 382 3070 malo,
415 2997 565 3072 quid
589 3005 686 3057 est
716 2998 885 3072 quod
911 2996 1198 3057 obiiciant
1224 2996 1469 3057 Caelio?
1511 2996 1618 3058 Sin
1650 3014 1784 3058 eam
1809 3005 1867 3059 te
1894 2999 2107 3061 volunt
2134 3016 2295 3073 esse,

203 3080 489 3156 quidest
519 3096 631 3141 cur
658 3098 775 3143 nos
808 3079 1035 3142 crimen
1075 3080 1222 3153 hoc,
1272 3078 1326 3140 si
1371 3090 1436 3142 tu
1480 3081 1848 3155 contemniS,
1902 3083 2295 3156 pertimesca-

201 3171 382 3226 mus?
428 3164 560 3239 Qua
586 3181 654 3226 re
689 3164 869 3227 nobis
907 3166 986 3225 da
1020 3162 1177 3224 viam
1206 3165 1631 3239 rationemque
1662 3167 2062 3228 defensionis.
2146 3168 2297 3227 Nam

198 3258 303 3311 aut
347 3249 551 3323 pudor
590 3255 732 3311 tu‘us
777 3249 1069 3311 defendet
1121 3248 1262 3308 nihil
1312 3266 1349 3309 a
1389 3250 1469 3310 Μ.
1505 3250 1706 3311 Caelio
1750 3252 2122 3326 petulantius
2149 3267 2298 3326 esse
2355 3251 2370 3259 ’

196 3334 427 3394 factum
475 3343 581 3394 aut
608 3332 986 3411 impudentia
1018 3335 1072 3394 ei
1110 3332 1206 3394 sui
1237 3333 1610 3396 defendendi
1645 3335 1987 3395 facultatem
2023 3335 2206 3397 dabit.
