2514 3928
2251 140 2481 186 --

298 245 423 309 404
533 247 610 306 IN
639 246 725 306 Μ.
758 244 1159 305 ANTONIUM
1194 243 1480 307 ORATIO
1515 244 1940 306 PHILIPPICA
1975 245 2134 304 VIII.
2298 193 2413 310 10}

299 414 454 460 sum.
508 399 706 457 Antea
741 397 1047 458 deterrere
1085 406 1140 458 tc
1175 413 1252 458 ne
1289 395 1603 472 popularis
1634 412 1811 457 esses
1841 414 1962 457 non
1997 404 2408 471 poteramus:

297 496 555 542 exorare
590 496 751 542 nunc
795 490 859 541 ut
899 480 987 541 sis
1029 482 1347 556 popularis
1391 497 1511 542 non
1557 496 1910 555 possumus.
2000 479 2167 540 Satis
2204 484 2411 542 multa

299 581 436 625 cum
466 564 641 626 Fufio
672 580 745 625 ac
776 564 911 625 sine
944 564 1088 626 odio
1120 565 1341 636 omnia,
1376 564 1521 623 nihil
1552 563 1688 623 sine
1719 564 1952 625 dolore.
2045 563 2256 626 Credo
2291 582 2406 625 au-

300 657 450 722 tem,
489 647 590 723 qui
625 648 835 724 generi
855 650 1191 722 querellam
1209 647 1527 708 moderate
1554 648 1724 720 serat,
1759 662 1961 721 aequo
1991 645 2208 709 animo
2245 650 2409 709 latu-

298 749 428 793 rum
458 731 656 798 amici,

421 816 555 875 Vll.
585 814 691 877 20.
723 816 925 879 Venio
956 816 1035 876 ad
1069 814 1343 890 reliquos
1373 817 1752 888 consulares,
1784 830 2042 889 quorum
2074 830 2271 876 nemo
2309 825 2411 876 est

295 934 381 946 -
409 899 540 959 iure
576 899 693 960 hoc
738 917 877 962 meo
922 900 1060 961 dico
1091 931 1176 943 —
1208 899 1354 973 quin
1398 914 1639 962 mecum
1679 897 1898 958 habeat
1930 900 2210 974 aliquam
2249 916 2407 960 con·

296 982 669 1048 iunctionem
698 983 947 1057 gratiae,
979 983 1078 1042 alii
1109 982 1451 1056 maximam,
1482 981 1584 1041 alii
1614 981 2002 1054 mediocrem,
2031 998 2230 1043 nemo
2264 986 2404 1044 nul·

296 1068 435 1129 lam.
523 1066 712 1138 Quam
741 1065 1067 1138 hesternus
1097 1064 1232 1125 dies
1263 1066 1470 1139 nobis,
1514 1064 1941 1126 consularibus
1967 1064 2145 1140 dicO,
2192 1068 2405 1143 turpis

296 1149 517 1209 illuxit!
577 1148 797 1209 Iterum
827 1150 1108 1225 legatos?
1171 1148 1347 1223 Quid,
1377 1148 1431 1210 si
1459 1148 1559 1209 ille
1589 1150 1816 1210 faceret
1844 1147 2173 1210 inducias?
2236 1149 2405 1212 Ante

298 1249 369 1293 os
401 1233 741 1306 oculosque
768 1234 1105 1308 legatorum
1141 1232 1457 1294 tormentis
1485 1232 1778 1293 Mutinam
1809 1232 2191 1295 verberavit:
2236 1251 2404 1310 opus

298 1316 661 1377 ostendebat
688 1316 1204 1392 munitionemque
1233 1315 1479 1392 legatis=
1524 1332 1601 1377 ne
1632 1324 1922 1391 punctum
1950 1314 2215 1391 quidem
2248 1327 2403 1379 tem·

299 1397 489 1475 poris,
524 1416 712 1475 quum
742 1399 922 1474 legati
942 1400 1251 1474 adessent,
1286 1399 1661 1475 oppugnatio
1686 1398 2030 1474 respiravit.
2090 1402 2201 1461 Ad
2232 1403 2402 1463 hunc

303 1489 581 1562 legatos?
610 1489 766 1548 Cur?
791 1503 868 1547 an
892 1496 960 1548 ut
981 1503 1193 1548 eorum
1213 1489 1413 1549 reditu
1433 1488 1855 1548 vehementius
1877 1485 2394 1561 pertimescatis?

302 1571 405 1630 21.
427 1569 729 1646 Equidem
755 1588 942 1646 quum
964 1578 1108 1631 ante
1132 1575 1374 1649 legatos
1398 1572 1650 1636 decerni
1674 1587 1796 1632 non
1821 1570 2241 1642 censuissem,
2272 1571 2392 1630 hoc

301 1671 402 1716 me
421 1662 627 1716 tamen
650 1656 1039 1725 consolabar,
1065 1658 1234 1730 quod
1256 1673 1446 1731 quum
1463 1655 1546 1716 illi
1565 1656 1644 1716 ab
1657 1653 1927 1715 Antonio
1948 1655 2310 1728 contempti
2334 1665 2392 1714 et

302 1738 513 1799 reiecti
537 1738 944 1800 revertissent
963 1739 1550 1815 renuntiassentque
1571 1738 1812 1800 senatui
1836 1754 1958 1798 non
1985 1737 2185 1797 modo
2217 1737 2387 1797 illum

303 1822 383 1881 de
413 1823 604 1883 Gallia
634 1839 758 1884 non
789 1822 1176 1891 discessisse,
1214 1824 1297 1884 uti
1320 1824 1797 1895 censuissemuS,
1830 1822 1942 1884 sed
1969 1836 2046 1880 ne
2073 1836 2114 1879 a
2137 1821 2385 1882 Mutina

306 1903 552 1980 quidem
598 1906 971 1981 recessisse,
1025 1916 1401 1984 potestatem
1451 1907 1570 1970 sibi
1619 1906 1689 1967 D.
1732 1907 1904 1968 Bruti
1953 1905 2380 1966 conveniendi

304 2006 427 2050 non
460 1990 681 2062 fuisse,
714 1993 847 2051 rore
869 1995 1158 2068 putabam
1182 2001 1250 2053 ut
1268 2010 1497 2054 omnes
1527 1989 1884 2053 inflammati
1908 1989 2054 2050 odio
2075 2033 2093 2055 ,
2126 1990 2386 2051 excitati

291 2074 524 2145 dolore,
553 2073 756 2146 armis,
789 2073 987 2150 equis,
1021 2074 1164 2134 viris
1183 2075 1254 2134 D.
1279 2075 1466 2136 Bruto
1493 2071 1977 2135 subveniremus.
2033 2073 2174 2135 Nos
2202 2078 2380 2137 etiam

292 2156 706 2231 languidiores
746 2168 965 2233 postea
1008 2157 1147 2218 sacti
1175 2175 1388 2219 sumus
1418 2174 1598 2232 quam
1625 2157 1705 2216 M.
1736 2155 1983 2217 Antonii
2012 2173 2140 2217 non
2180 2160 2381 2221 solum

293 2239 612 2299 audaciam
642 2249 702 2302 et
731 2242 956 2311 sceluS‚
984 2242 1096 2302 sed
1125 2242 1306 2301 etiam
1329 2239 1709 2303 insolentiam
1731 2239 2225 2316 superbiamque
2253 2260 2378 2317 per·

294 2321 631 2397 speximus.
719 2324 820 2385 22.
865 2323 1105 2384 Utinam
1133 2325 1200 2384 L.
1230 2325 1457 2386 Caesar
1487 2326 1732 2396 valeret,
1769 2322 2022 2383 Servius
2056 2323 2377 2400 Sulpicius

294 2405 556 2467 viveret:
615 2407 801 2468 multo
843 2406 1062 2468 melius
1109 2408 1262 2469 haec
1304 2423 1491 2469 causa
1518 2414 1802 2482 ageretur
1830 2424 1867 2465 a
1901 2405 2131 2481 tribuS,
2197 2426 2376 2484 quam

295 2506 455 2550 nunc
493 2489 691 2565 agitur
732 2490 810 2550 ab
848 2508 993 2553 uno.
1079 2493 1367 2553 Dolenter
1397 2491 1514 2552 hoc
1544 2490 1742 2550 dicam
1773 2490 1977 2566 potius
2008 2507 2203 2564 quam
2240 2510 2373 2553 con·

294 2573 646 2636 tumeliose=
678 2574 923 2646 deserti,
954 2575 1198 2648 deserti,
1229 2576 1496 2650 inquam,
1528 2590 1758 2647 sumus,
1784 2583 1988 2648 patres
2013 2575 2374 2652 conscripti,

293 2676 331 2718 a
361 2656 761 2733 principibus.
817 2658 941 2719 Sed
964 2692 1030 2702 --
1054 2675 1246 2734 saepe
1268 2659 1385 2719 iam
1410 2656 1538 2720 dixi
1563 2691 1632 2704 -—
1663 2673 1876 2719 omnes
1906 2656 1964 2717 in
2002 2664 2176 2718 tanto
2223 2659 2372 2735 peri-

295 2742 451 2814 culo,
485 2740 589 2818 qui
613 2750 778 2803 recte
801 2749 863 2802 et
886 2741 1117 2803 fortiter
1139 2740 1420 2814 sentient,
1449 2750 1624 2801 erunt
1643 2742 2021 2802 consulares.
2083 2742 2373 2804 Animum

294 2823 472 2885 nobis
514 2826 756 2886 adferre
796 2823 977 2900 legati
1019 2825 1386 2886 debuerunt=
1441 2824 1714 2886 timorem
1759 2826 2115 2887 attulerunt=
2164 2843 2374 2902 quam-

296 2923 477 2981 quam
507 2907 654 2968 mihi
685 2908 932 2984 quidem
962 2909 1220 2969 nullumz
1268 2907 1548 2984 quamvis
1579 2909 1657 2969 de
1689 2907 1824 2982 illo,
1867 2908 1945 2968 ad
1979 2924 2164 2982 quem
2203 2909 2371 2971 missi

296 2997 466 3062 sunt,
523 2993 682 3051 bene
737 2994 1112 3054 existiment=
1172 3009 1208 3051 a
1261 3008 1382 3067 quo
1433 2992 1609 3052 etiam
1654 2992 1936 3052 mandata
1976 3003 2371 3066 acceperunt.

292 3072 451 3130 Vlll.
483 3073 584 3133 23.
619 3075 777 3136 Proh
814 3077 875 3135 di
902 3075 1301 3137 immortales!
1340 3073 1445 3137 ubi
1474 3084 1571 3137 est
1598 3074 1698 3135 ille
1730 3092 1865 3136 mos
1893 3073 2221 3151 virtusque
2252 3094 2370 3136 ma-

295 3154 534 3213 iorum?
567 3155 630 3214 C.
653 3155 924 3231 Popilius
948 3159 1113 3234 apud
1133 3159 1396 3221 maiores
1419 3167 1665 3221 nostros
1690 3176 1873 3234 quum
1898 3158 1976 3219 ad
1998 3158 2365 3238 Antiochum

295 3251 503 3309 regem
548 3238 785 3312 legatus
828 3240 1053 3302 missus
1094 3249 1265 3303 esset
1302 3251 1364 3303 et
1404 3240 1607 3303 verbis
1643 3249 1891 3302 senatus
1931 3232 2285 3304 nuntiasset
2307 3252 2369 3304 ut

296 3317 374 3377 ab
402 3319 792 3380 Alexandrea
822 3321 1186 3400 discederet,
1217 3343 1399 3400 quam
1425 3326 1760 3400 obsidebat,
1793 3342 1976 3400 quum
2002 3332 2255 3399 tempus
2273 3325 2367 3386 illc

296 3394 583 3475 differret,
616 3404 850 3478 virgula
879 3414 1135 3468 stantem
1163 3407 1640 3484 circumscripsit
1661 3407 1937 3484 dixitque
1958 3424 2028 3468 se
2056 3409 2365 3470 renuntia·

297 3490 493 3545 turum
520 3485 775 3562 senatui,
798 3485 916 3547 nisi
940 3490 1110 3563 prius
1133 3490 1251 3553 sibi
1274 3493 1699 3568 respondisset
1721 3491 1866 3568 quid
1890 3492 2158 3552 facturus
2183 3502 2365 3559 esset.
