2514 3928
211 161 288 215 aa
817 149 983 210 CAP.
1015 157 1282 212 31-33,
1328 153 1380 216 s.
1414 155 1677 223 76—32.
2177 147 2308 212 167

216 310 586 380 praestaret,
629 303 688 360 in
734 299 1123 361 contionibus
1171 316 1293 360 non
1338 300 1524 361 modo
1567 315 1636 363 se
1666 300 2056 360 defensorem
2086 301 2302 362 salutis

218 403 410 460 meae,
442 387 556 448 sed
579 384 759 446 etiam
794 383 1138 460 supplicem
1160 401 1275 460 pro
1301 400 1396 444 me
1419 384 1841 459 profiteretur=
1877 382 2056 446 huius
2082 387 2300 447 volun-

216 471 357 532 tatis
393 486 563 542 eum,
609 484 790 546 quem
821 470 1083 530 multum.
1105 483 1297 544 posse
1327 466 1726 544 intelligebat,
1774 465 1919 527 mihi
1948 484 2072 530 non
2102 467 2299 529 inimi·

213 571 357 626 cum
399 568 544 615 esse
585 561 908 628 cognorat,
940 551 1174 613 socium
1217 549 1338 612 sibi
1380 559 1439 611 et
1480 550 1818 613 adiutorem
1865 551 1928 612 C.
1976 552 2298 614 Caesarem

214 635 517 699 adiunxit.
592 637 715 696 Iam
746 635 921 697 vides
950 652 1047 696 me
1076 635 1182 698 tibi
1213 652 1336 696 non
1368 633 1694 710 inimicum,
1726 635 1838 695 sed
1873 636 2131 710 hostem,
2161 635 2300 711 illis,

218 739 380 798 quos
429 719 762 794 describis,
808 736 929 783 non
976 721 1162 781 modo
1208 734 1332 780 non
1376 718 1623 792 iratum,
1675 719 1789 779 sed
1830 719 2010 780 etiam
2039 719 2300 782 amicum

208 822 361 867 esse
397 805 668 866 debere?
716 821 974 881 quorum
1008 805 1189 879 alter,
1231 803 1295 864 id
1327 803 1496 879 quod
1530 801 1883 877 meminero,
1925 820 2176 878 semper
2198 820 2298 863 ae·

215 906 338 966 que
369 888 512 949 mibi
540 888 777 950 amicus
807 888 917 950 fuit
949 904 1024 949 ac
1059 887 1207 960 sibi,
1260 890 1444 962 alter,
1488 886 1550 948 id
1583 887 1751 964 quod
1786 885 2144 959 obliviscar,
2185 885 2303 947 sibi

208 972 544 1050 aliquando
557 971 813 1034 amicior
846 989 1027 1049 quam
1058 972 1222 1036 mihi.
1312 971 1413 1035 81.
1443 971 1681 1033 Deinde
1709 971 1832 1034 hoc
1863 969 1947 1033 ita
1975 971 2060 1045 fit,
2094 977 2160 1032 ut
2189 968 2304 1030 viri

208 1060 435 1134 fortes,
475 1057 657 1119 etiam
706 1055 760 1117 si
797 1058 957 1118 ferro
995 1056 1150 1116 inter
1185 1068 1255 1117 se
1288 1055 1627 1118 comminus
1658 1054 2056 1130 decertarint,
2099 1063 2301 1116 tamen

207 1140 359 1203 illud
394 1138 805 1203 contentionis
836 1138 1044 1201 odium
1076 1139 1254 1199 simul
1286 1155 1423 1201 cum
1446 1139 1585 1216 ipsa
1628 1156 1836 1216 pugna
1859 1138 2172 1216 armisque
2198 1139 2303 1200 de-

150 1289 153 1294 ,
211 1231 468 1305 ponant.
552 1223 773 1297 Neque
805 1239 903 1283 me
933 1222 1035 1282 ille
1071 1222 1283 1283 odisse
1311 1221 1509 1298 potuit
1536 1239 1858 1297 umquam,
1894 1239 1973 1284 ne
2009 1231 2133 1284 tum
2169 1223 2301 1299 qui·

208 1311 379 1381 dem,
412 1322 601 1381 quum
636 1302 1112 1365 dissidebamus.
1189 1305 1392 1364 Habet
1413 1305 1535 1365 hoc
1569 1303 1778 1380 virtus,
1809 1322 1991 1381 quam
2023 1314 2086 1366 tu
2118 1322 2195 1365 ne
2226 1308 2305 1366 de

213 1389 379 1450 facie
411 1387 659 1465 quidem
692 1386 882 1459 nosti,
907 1394 973 1448 ut
1002 1386 1169 1447 viros
1204 1387 1393 1448 fortes
1429 1385 1674 1461 species
1705 1387 1839 1448 eius
1869 1396 1929 1449 et
1958 1388 2304 1463 pulcritudo

211 1473 402 1534 etiam
435 1473 495 1532 in
529 1471 710 1534 hoste
747 1472 952 1547 posita
980 1472 1261 1532 delectet.

341 1556 609 1622 XXXIII.
628 1554 931 1631 Equidem
949 1555 1147 1615 dicam
1169 1571 1249 1615 ex
1272 1552 1495 1628 animo,
1522 1560 1728 1631 patres
1753 1553 2109 1630 conscripti,
2136 1557 2302 1631 quod

210 1641 417 1722 sentio
463 1648 524 1702 et
563 1641 730 1715 quod
772 1638 953 1700 vobis
998 1637 1387 1701 audientibus
1434 1653 1628 1714 saepe
1667 1637 1789 1699 iam
1828 1637 1975 1699 dixi.
2065 1638 2132 1700 Si
2162 1638 2306 1699 mihi

209 1739 555 1798 numquam
574 1722 810 1783 amicus
826 1723 889 1783 C.
907 1723 1136 1784 Caesar
1152 1722 1391 1791 fuisset,
1419 1721 1473 1785 si
1492 1737 1744 1798 semper
1758 1721 1972 1793 iratuS,
1995 1724 2045 1784 si
2062 1740 2310 1799 semper

211 1815 656 1881 aspernaretur
677 1805 999 1867 amicitiam
1026 1823 1223 1868 meam
1253 1821 1528 1883 seseque
1562 1795 1705 1866 mihi
1736 1805 2187 1883 implacabilem
2217 1807 2303 1867 in-

210 1889 708 1968 expiabilemque
731 1890 1076 1968 praeberet,
1106 1898 1305 1952 tamen
1332 1890 1406 1964 ei,
1433 1907 1621 1968 quum
1644 1896 1974 1952 tantas-res
1997 1891 2303 1968 gessisset

208 1978 586 2046 gereretque
621 1970 864 2044 cotidie,
900 1988 1023 2032 non
1054 1970 1290 2033 amicus
1320 1988 1464 2033 esse
1494 1990 1617 2034 non
1649 1989 1922 2050 possem.
1970 1974 2157 2036 Cuius
2187 1991 2304 2050 ego

219 2052 478 2129 imperio
523 2070 645 2114 non
677 2054 922 2130 Alpium
967 2056 1189 2116 vallum
1233 2064 1445 2116 contra
1489 2072 1818 2119 ascensum
1864 2058 2306 2134 transgressio-

220 2154 487 2213 nemque
519 2137 845 2212 Gallorum,
879 2156 1002 2199 non
1031 2139 1226 2199 Rheni
1262 2141 1497 2201 fossam
1558 2141 1900 2218 gurgitibus
1931 2140 2050 2202 illis
2079 2142 2306 2202 redun—

212 2223 465 2281 dantem
530 2221 967 2283 Germanorum
1016 2221 1474 2285 immanissimis
1515 2225 1801 2300 gentibus
1847 2224 2072 2287 obiicio
2104 2234 2164 2287 et
2195 2242 2305 2300 op·

222 2322 413 2379 pono:
495 2304 597 2368 82.
632 2306 890 2383 perfecit
919 2306 1036 2381 ille,
1070 2316 1136 2368 ut
1165 2306 1218 2368 si
1248 2315 1489 2370 montes
1520 2310 1922 2385 resedissent,
1953 2327 2165 2371 amnes
2198 2326 2304 2371 ex-

214 2388 544 2459 aruissent,
580 2406 704 2452 non
735 2399 987 2451 naturae
1020 2392 1352 2467 praesidio,
1397 2394 1508 2454 sed
1558 2392 1817 2455 victoria
1848 2411 1964 2457 sua
1989 2396 2306 2471 rebusque

219 2472 410 2547 gestis
447 2474 676 2534 ItalIam
706 2474 996 2536 munitam
1042 2474 1428 2538 haberemus,
1518 2477 1644 2538 Sed
1689 2495 1878 2554 quum
1907 2495 2010 2545 me
2036 2486 2304 2554 expetat,

214 2555 455 2631 diligat,
503 2558 666 2617 omni
701 2559 881 2619 laude
912 2558 1159 2641 dignum
1188 2568 1389 2634 putet,
1435 2568 1497 2619 tu
1528 2577 1626 2621 me
1654 2578 1691 2622 a
1719 2560 1839 2624 tuis
1867 2560 2306 2622 inimicitiis-ad

217 2639 584 2702 simultatem
614 2641 983 2704 revocabis?
1022 2643 1110 2702 sic
1154 2642 1276 2703 tuis
1317 2643 1653 2705 sceleribus
1700 2643 1790 2704 rei
1820 2644 2102 2720 publicae
2134 2660 2306 2719 prae-

214 2724 395 2785 terita
424 2726 554 2802 fata¹
577 2725 940 2787 refricabis?
969 2725 1140 2801 Quod
1176 2725 1424 2803 quidem
1454 2734 1538 2800 tu,
1558 2724 1681 2803 'qui
1709 2728 1868 2788 bene
1899 2744 2125 2789 nosses
2158 2743 2301 2788 con—

215 2805 594 2870 iunctionem
620 2825 819 2871 meam
853 2816 913 2871 et
943 2809 1242 2884 Caesaris»,
1260 2810 1609 2885 -eludebaS,
1641 2828 1828 2886 quum
1858 2828 1896 2872 a
1924 2828 2021 2873 me
2044 2820 2304 2875 tremen-

212 2892 380 2953 tibus
414 2892 893 2968 omninolabris,
925 2895 1037 2955 sed
1069 2902 1268 2955 tamen
1316 2911 1424 2956 cur
1452 2893 1558 2957 tibi
1598 2911 1823 2956 nomen
1849 2912 1973 2958 non
2000 2898 2306 2959 deferrem

214 2976 601 3053 requirebas.
691 2977 1089 3054 Quamquam,
1121 2980 1289 3054 quod
1320 2980 1397 3040 ad
1433 2995 1532 3040 me
1564 2978 1792 3053 attinet,

425 3062 768 3138 Numquam
796 3065 969 3124 istam
997 3065 1341 3125 imminuam
1365 3081 1578 3127 curam
1605 3067 1920 3139 infitiando
1956 3068 2063 3128 tibi
2074 3089 2093 3126 .-

212 3153 419 3205 tamen
454 3153 550 3207 est
579 3146 726 3207 mihi
753 3146 1268 3208 considerandum
1315 3157 1605 3224 quantum
1654 3149 1737 3209 illi
1770 3150 1951 3211 tantis
1985 3150 2074 3210 rei
2107 3149 2302 3225 publi-

212 3244 327 3289 cae
373 3228 640 3304 negotiis
667 3238 964 3307 tantoque
988 3231 1150 3293 bello
1180 3219 1472 3307 imstdito
1524 3250 1640 3309 ego
1671 3232 1855 3296 homo
1888 3233 2302 3294 amicissimus

211 3313 648 3375 sollicitudinis
688 3322 874 3390 atque
921 3316 1127 3375 oneris
1173 3314 1499 3391 imponam.
1602 3318 1728 3377 Nec
1772 3317 2037 3391 despero
2079 3322 2303 3402 tamen,

213 3412 593 3474 quamquam
623 3400 883 3475 languet
924 3397 1208 3462 iuventus
1250 3418 1365 3463 nec
1412 3400 1663 3479 perinde
1711 3409 1894 3473 atque
1939 3396 2201 3456 debebat
2240 3408 2305 3447 m
