2514 3928
135 135 216 198 14
660 105 677 109 ’
733 129 882 194 PRO
916 132 979 215 Ρ.
1015 117 1282 194 ssss‘no
1313 130 1618 193 oRAno.

132 287 381 347 bantur=
414 281 627 344 armati
655 281 934 344 homines
950 286 1163 345 ,forum
1191 292 1252 344 et
1276 283 1593 345 contiones
1622 280 1935 342 tenebant:
1974 283 2203 344 caedes

135 368 665 445 lapidationesque
715 367 968 428 fiebant:
1022 367 1224 427 nullus
1279 376 1408 428 erat
1452 374 1732 439 senatuS,
1789 365 1936 425 nihil
1982 365 2206 441 reliqui

135 451 554 527 magistratuse
606 467 767 511 unus
803 465 1042 512 omnem
1079 448 1345 511 omnium
1384 458 1747 527 potestatem
1792 449 1976 510 armis
2016 458 2078 511 et
2115 452 2201 510 la-

137 534 408 596 trociniis
439 533 826 611 possidebat,
872 550 995 594 non
1028 533 1237 609 aliqua
1267 533 1326 592 vi
1356 549 1500 608 sua,
1535 534 1649 594 sed
1682 549 1869 609 quum
1899 533 2022 594 duo
2055 549 2214 595 con-⁷

137 621 305 680 sules
334 635 372 678 a
403 635 468 678 re
499 617 743 692 publica
772 617 1221 692 provinciarum
1251 617 1501 678 foedere
1528 615 1916 689 retraxisset,
1953 615 2200 677 insulta·

135 703 268 778 bat,
300 700 918 772 dominabatur,‚aliis
950 699 1376 776 pollicebatur,
1410 709 1642 763 terrore
1670 715 1744 761 ac
1773 706 1937 760 metu
1958 702 2202 776 multOS,

136 787 346 862 plures
377 785 554 846 etiam
588 800 701 860 spe
735 793 797 846 et
824 783 1147 859 promissis
1175 783 1436 845 tenebat.

303 866 404 929 35.
449 869 616 941 Quae
647 885 830 942 quum
866 875 1077 930 essent
1103 866 1237 928 eius
1267 866 1465 935 modi,
1509 865 1774 939 iudiceS,
1807 883 1994 941 quum
2023 883 2199 928 sena-

136 961 234 1013 tus
262 953 452 1012 duces
477 951 677 1012 nullos
703 965 776 1010 ac
803 968 918 1026 pro
945 949 1206 1012 ducibus
1225 949 1571 1029 proditores
1592 959 1698 1011 aut
1728 949 1928 1024 potius
1950 961 2201 1024 apertos

135 1036 350 1096 hostes
393 1034 671 1111 haberet,
723 1043 1010 1108 equester
1044 1035 1197 1096 ordo
1237 1049 1383 1094 reus
1425 1050 1462 1094 a
1506 1033 1861 1094 consulibus
1896 1032 2199 1110 citaretur,

133 1119 343 1179 ltaliae
372 1117 559 1178 totius
588 1119 917 1180 auctoritas
952 1117 1405 1193 repudiaretur,
1445 1117 1547 1176 alii
1586 1115 1936 1178 nominatim
1963 1118 2198 1190 relega·

133 1212 370 1274 rentur,
401 1199 503 1261 alii
530 1208 694 1261 metu
729 1207 790 1259 et
812 1201 1084 1277 periculo
1113 1208 1507 1273 terrerentur,
1539 1216 1708 1260 arma
1730 1208 1940 1261 essent
1966 1199 2025 1259 in
2051 1209 2198 1261 tem·

137 1284 287 1359 plis,
334 1283 545 1347 armati
591 1283 651 1343 in
695 1284 859 1358 soro,
905 1300 1104 1360 eaque
1140 1300 1263 1344 non
1294 1282 1533 1345 silentio
1565 1285 1885 1346 consulum
1913 1283 2198 1345 dissimu-

133 1370 430 1441 larentur,
482 1368 595 1428 sed
649 1376 709 1448 et
748 1383 903 1429 voce
946 1376 1006 1429 et
1049 1367 1351 1429 sententia
1392 1368 1963 1442 comprobarentur,
2011 1384 2199 1442 quum

139 1467 349 1512 omnes
378 1451 589 1511 urbem
619 1452 887 1512 nondum
916 1451 1186 1511 excisam
1217 1458 1279 1511 et
1307 1467 1617 1527 eversam,
1662 1451 1773 1512 sed
1807 1450 1925 1511 iam
1958 1459 2197 1525 captam

135 1544 317 1610 atque
358 1550 721 1610 oppressam
768 1534 1145 1606 videremuS,
1195 1543 1396 1594 tamen
1439 1533 1534 1594 his
1583 1533 1762 1595 tantis
1805 1533 1980 1593 malis
2031 1542 2197 1594 tanto

133 1618 433 1679 bonorum
475 1617 710 1690 studio,
752 1615 1021 1691 iudiceS,
1065 1616 1535 1678 restitissemus:
1589 1619 1703 1679 sed
1733 1633 1830 1678 me
1860 1616 1963 1677 alii
1996 1624 2197 1678 metus

130 1708 316 1775 atque
346 1701 500 1759 aliae
531 1715 716 1760 curae
757 1699 1261 1775 suspitionesque
1290 1708 1625 1761 moverunt.

296 1784 453 1843 XVI.
484 1781 585 1843 36.
625 1782 946 1858 Exponam
976 1782 1136 1843 enim
1164 1783 1461 1844 hodierno
1493 1783 1624 1858 die,
1656 1783 1924 1858 iudiceS,
1956 1799 2196 1845 omnem

129 1864 424 1926 rationem
456 1863 596 1926 facti
629 1874 690 1925 et
717 1865 957 1927 consilii
986 1864 1133 1939 mei,
1165 1883 1368 1941 neque
1388 1866 1529 1927 huic
1555 1876 1762 1929 vestro
1794 1876 1958 1928 tanto
1991 1867 2195 1945 studio

130 1947 417 2009 audiendi
455 1967 569 2009 nec
611 1964 756 2010 vero
796 1948 938 2011 huic
971 1958 1172 2012 tantae
1214 1949 1609 2025 multitudini,
1651 1959 1877 2027 quanta
1905 1968 2041 2013 mea
2070 1968 2193 2012 me-

130 2032 321 2092 moria
351 2049 677 2107 numquam
717 2034 840 2094 ullo
884 2032 945 2094 in
976 2033 1201 2096 iudicio
1232 2034 1373 2109 fuit,
1421 2036 1628 2096 deero.
1717 2036 1868 2095 Nam
1904 2035 1957 2095 si
1987 2052 2102 2110 ego
2134 2036 2195 2095 in

129 2132 319 2177 causa
353 2123 469 2177 tam
499 2118 691 2190 bona,
737 2126 901 2179 tanto
930 2117 1132 2179 studio
1165 2127 1447 2191 senatus,
1496 2133 1807 2180 consensu
1849 2127 1968 2179 tam
2000 2117 2187 2178 incre-

128 2198 296 2260 dibili
318 2200 621 2259 bonorum
646 2198 929 2270 omnium,
957 2207 1078 2259 tam
1100 2207 1318 2274 parato
1330 2199 1450 2272 ***,
1474 2208 1607 2262 tota
1629 2202 1897 2277 denique
1915 2201 2085 2263 Italia
2112 2203 2193 2262 ad

129 2298 369 2342 omnem
399 2281 844 2343 contentionem
875 2281 1164 2358 expedita
1192 2281 1359 2343 cessi
1386 2282 1610 2346 tribuni
1637 2284 1869 2359 plebis,
1910 2284 2192 2361 despica-

125 2365 345 2426 tissimi
384 2364 678 2435 hominis,
727 2364 945 2437 furori,
986 2365 1646 2441 contemptissimorum
1685 2370 2007 2430 consulum
2042 2369 2191 2429 levi-

83 2488 98 2508 .
124 2458 305 2510 tatem
347 2448 790 2523 audaciamque
837 2446 1145 2524 pertimui,
1193 2448 1438 2511 nimium
1481 2466 1578 2511 me
1618 2450 1921 2525 timidum,
1967 2452 2192 2513 nullius

124 2532 339 2607 animi,
368 2531 588 2593 nullius
620 2530 861 2593 consilii
889 2531 1082 2593 fuisse
1112 2533 1425 2593 confiteor.
1480 2530 1580 2596 37.
1619 2533 1774 2607 Quid
1805 2536 1964 2596 enim
1995 2534 2191 2596 simile

127 2616 234 2678 fuit
261 2616 321 2677 in
355 2617 420 2690 Q.
445 2616 736 2678 Metello?
777 2614 951 2676 euius
981 2631 1228 2676 causam
1259 2615 1375 2678 etsi
1409 2632 1621 2677 omnes
1653 2618 1799 2678 boni
1830 2618 2188 2694 probabant,

127 2707 324 2759 tamen
348 2714 552 2773 neque
571 2706 826 2759 senatus
848 2699 1094 2774 publice
1119 2707 1322 2773 neque
1347 2703 1509 2761 ullus
1536 2703 1688 2762 ordo
1707 2702 1957 2778 proprie
1981 2718 2190 2775 neque

128 2783 260 2844 suis
286 2780 553 2842 decretis
578 2783 750 2842 Italia
777 2791 1001 2842 cuncta
1029 2792 1411 2858 susceperat.
1465 2787 1563 2845 Ad
1593 2803 1766 2848 suam
1787 2786 1962 2847 enim
1987 2801 2202 2860 quarn·

129 2867 265 2926 dam
298 2865 491 2941 magis
523 2865 624 2927 ille
646 2866 900 2943 gloriam
938 2883 1118 2943 quam
1151 2867 1228 2928 ad
1264 2866 1653 2943 perspicuam
1681 2868 1935 2927 salutem
1966 2864 2055 2925 rei
2085 2882 2196 2941 pu·

129 2949 322 3011 blicae
371 2957 498 3011 tum
549 2958 884 3025 spectarat,
940 2968 1126 3027 quum
1167 2969 1327 3012 unus
1372 2948 1431 3010 in
1473 2952 1670 3026 legem
1714 2966 1824 3025 per
1855 2948 1979 3009 vim
2014 2950 2198 3010 latam

126 3032 327 3094 iurare
356 3034 664 3110 noluerat:
717 3033 984 3110 denique
1016 3033 1336 3096 videbatur
1374 3051 1448 3095 ea
1477 3033 1841 3095 condicione
1869 3041 1989 3094 tam
2020 3030 2197 3094 sortis

124 3116 353 3192 fuisse,
399 3125 467 3178 ut
494 3131 634 3177 cum
674 3116 908 3195 patriae
940 3118 1189 3179 caritate
1221 3118 1598 3179 constantiae
1636 3115 1891 3193 gloriam
1927 3132 2197 3177 commu·

122 3208 296 3261 taret.
352 3199 498 3261 Erat
527 3209 729 3280 autem
756 3218 860 3262 res
889 3200 946 3262 ei
976 3217 1115 3262 cum
1141 3199 1414 3264 exercitu
1439 3200 1502 3261 C.
1522 3199 1698 3262 Marii
1722 3199 1976 3261 invicto:
2007 3198 2196 3259 habe·

120 3283 229 3343 bat
250 3282 555 3345 inimicum
583 3281 644 3345 C.
666 3284 951 3358 Marium,
972 3293 1484 3347 >conservatorem
1507 3284 1768 3360 patriae,
1804 3292 2042 3345 sextum
2073 3280 2199 3342 iam

120 3366 289 3428 illum
315 3369 697 3428 consulatum
721 3376 1060 3443 gerentem=
1090 3385 1190 3429 res
1214 3378 1344 3430 erat
1363 3384 1498 3430 cum
1517 3367 1583 3427 L.
1605 3365 1949 3438 Saturnino,
1976 3365 2195 3427 iterum
