2514 3928
86 191 214 255 102
361 193 464 254 DE
493 189 931 254 PROVINCIIS
962 188 1556 251 CONSULARIBUS
1596 187 1904 250 ORATIO.
2139 198 2175 250 4

87 360 342 406 numero
372 344 600 405 nullum
630 341 944 403 haberent.
1033 341 1209 415 Quod
1240 342 1446 403 sanum
1480 340 1540 402 in
1572 340 1839 414 Achaia,
1865 338 1970 416 qui
1999 342 2176 402 locus

86 436 192 489 aut
220 430 393 489 lucus
418 427 477 487 in
510 425 766 487 Graecia
793 434 920 488 tota
949 434 1066 487 tam
1096 434 1349 488 sanctus
1381 427 1492 486 suit
1525 425 1583 485 in
1622 442 1745 500 quo
1766 425 1954 485 ullum
1989 424 2174 486 simu·

86 514 350 583 lacrum,
393 511 580 572 ullum
630 518 1049 571 ornamentum
1090 510 1395 585 reliquum
1439 509 1559 570 sit?
1607 507 1821 570 Emisti
1863 526 1900 569 a
1946 507 2175 569 foedis-

89 595 245 656 simo
279 594 520 656 tribuno
563 594 765 670 plebis
793 601 922 655 tum
954 595 1012 655 in
1044 593 1148 654 illo
1179 593 1498 669 naufragio
1529 593 1713 654 huius
1743 592 1943 663 urbis,
1990 608 2172 669 quam

87 687 152 741 tu
188 679 381 754 idem,
426 678 533 754 qui
581 677 925 754 gubernare
972 678 1312 751 debueraS‚
1363 687 1696 751 evertera8‚
1725 686 1871 749 tum,
1905 674 2172 752 inquam,

90 761 291 823 emisti
321 763 537 839 grandi
568 761 862 837 pecunia,
899 770 966 823 ut
992 760 1101 822 tibi
1132 761 1211 822 de
1253 761 1533 838 pecuniis
1574 760 1823 822 creditis
1868 758 1965 820 ius
2000 760 2060 819 in
2105 760 2173 820 li-

91 847 276 908 beros
332 847 598 922 populos
644 854 857 907 contra
897 853 1150 906 senatus
1191 846 1474 925 consulta
1500 854 1570 906 -et
1601 855 1813 906 contra
1844 846 2038 918 legem
2069 859 2170 918 ge-

90 929 221 991 neri
261 930 348 992 tui
379 930 587 990 dicere
614 928 853 990 liceret=
895 929 956 989 id
998 936 1266 1004 emptum
1312 930 1394 990 ita
1434 927 1796 1003 vendidisti,
1838 936 1903 989 ut
1945 936 2049 988 aut
2076 927 2172 987 ius

91 1031 216 1077 non
251 1012 492 1074 diceres
533 1020 639 1073 aut
665 1012 846 1074 bonis
877 1013 1048 1073 cives
1075 1013 1391 1075 Romanos
1435 1019 1766 1073 everteres.
1812 1010 1873 1074 8.
1905 1011 2172 1085 Quorum

90 1114 209 1173 ego
240 1097 385 1157 nihil
416 1095 578 1171 dico,
609 1104 814 1172 patres
839 1096 1190 1171 conscripti,
1225 1096 1473 1157 nuncin
1499 1095 1806 1157 hominem
1829 1095 2064 1171 ipsum:
2094 1097 2172 1156 de

88 1180 409 1257 provincia
438 1181 710 1257 disputo.
768 1183 982 1256 Itaque
1013 1180 1217 1241 omnia
1252 1180 1374 1254 illa,
1409 1197 1570 1258 quae
1604 1189 1666 1241 et
1693 1197 1885 1256 saepe
1913 1178 2172 1240 audistis

88 1275 150 1326 et
172 1264 390 1326 tenetis
417 1264 655 1337 animis,
687 1265 865 1326 etiam
897 1265 1097 1325 sinon
1121 1263 1407 1337 audiatis,
1440 1263 1879 1340 praetermittoz
1910 1262 2057 1324 nihil
2089 1264 2169 1323 de

85 1349 203 1409 hac
236 1350 371 1411 eius
399 1350 653 1423 urbana,
684 1365 866 1423 qnam
889 1348 991 1409 ille
1018 1365 1317 1424 praesens
1352 1348 1411 1409 in
1439 1348 1743 1410 mentibus
1779 1348 2001 1409 vestris
2027 1365 2169 1408 ocu-

86 1433 290 1509 lisque
314 1432 547 1506 defixit,
574 1433 835 1494 audacia
857 1435 1108 1508 loquor=
1140 1432 1288 1493 nihil
1313 1433 1391 1494 de
1416 1432 1724 1508 superbia,
1748 1431 1894 1492 nihil
1920 1433 1999 1492 de
2023 1448 2167 1492 con-

85 1516 389 1593 tumacia,
418 1516 565 1577 nihil
597 1518 674 1577 de
708 1515 1064 1579 crudelitate
1095 1516 1366 1591 disputo.
1434 1518 1693 1577 Lateant
1721 1515 2006 1578 libidines
2036 1515 2172 1576 eius

87 1602 226 1661 illae
259 1601 722 1674 tenebricosae,
769 1616 926 1676 quas
957 1601 1154 1660 fronte
1185 1608 1246 1660 et
1281 1601 1643 1676 supercilio,
1691 1617 1813 1661 non
1846 1600 2082 1675 pudore
2112 1608 2173 1660 et

86 1683 494 1759 temperantia
518 1685 912 1759 contegebat=
937 1685 1016 1744 de
1039 1683 1377 1759 provincia,
1403 1684 1571 1761 quod
1585 1683 1800 1761 agitur,
1821 1683 1883 1745 id
1900 1683 2170 1759 disputo.

87 1768 243 1828 Huic
273 1784 391 1828 vos
421 1783 546 1828 non
579 1766 1018 1828 summittetis?
1054 1767 1215 1829 hunc
1259 1767 1484 1829 diutius
1526 1785 1776 1829 manere
1820 1767 2172 1843 patiemini?

90 1850 285 1922 cuiuS,
317 1860 382 1912 ut
412 1849 791 1925 provinciam
819 1850 1030 1927 tetigit,
1065 1851 1153 1911 sic
1186 1852 1429 1913 fortuna
1460 1868 1598 1914 cum
1627 1851 2015 1928 improbitate
2039 1868 2168 1912 cer-

90 1935 267 2008 tavit,
313 1943 376 1995 ut
407 1950 588 1995 nemo
619 1942 836 2011 posset
860 1943 1060 1996 utrum
1093 1935 1403 2012 posterior
1442 1953 1518 1997 an
1552 1934 1855 1997 infelicior
1883 1944 2053 1998 esset
2081 1934 2169 1996 iu-

89 2019 317 2078 dicare.
376 2019 438 2080 9.
470 2021 562 2079 An
609 2035 759 2079 vero
802 2018 862 2079 in
896 2019 1076 2098 Syria
1119 2020 1348 2082 diutius
1382 2030 1477 2082 est
1508 2020 1861 2082 Semiramis
1896 2021 1999 2081 illa
2026 2018 2165 2081 reti·

88 2104 336 2162 nenda?
368 2102 541 2163 cuius
575 2102 688 2163 iter
716 2102 774 2162 in
807 2103 1184 2179 provinciam
1216 2106 1329 2166 fuit
1358 2104 1492 2165 eius
1523 2106 1718 2176 modi,
1761 2112 1828 2166 ut
1848 2121 1959 2165 rex
1990 2103 2166 2165 Ario-

84 2185 385 2247 barzanes
418 2188 730 2247 consulem
768 2196 1036 2248 vestrum
1066 2187 1145 2247 ad
1181 2189 1433 2249 caedem
1477 2188 1816 2250 faciendam
1863 2197 2167 2264 tamquam

88 2267 353 2343 aliquem
401 2268 734 2331 Thraecem
766 2271 1162 2333 conduceret.
1230 2272 1465 2333 Deinde
1491 2274 1795 2333 adventus
1827 2274 1887 2333 in
1923 2272 2163 2350 Syriam

87 2352 318 2427 primus
348 2353 655 2428 equitatus
685 2353 895 2414 habuit
931 2355 1269 2416 interitume
1323 2363 1466 2431 post
1506 2356 1796 2417 concisae
1833 2363 1975 2418 sunt
2012 2354 2166 2430 opti-

85 2452 220 2495 mae
252 2435 557 2497 cohortes.
613 2435 801 2512 Igitur
829 2436 889 2497 in
921 2437 1103 2516 Syria
1132 2437 1501 2514 imperatore
1532 2440 1634 2501 illo
1665 2440 1811 2500 nihil
1842 2440 2007 2502 aliud
2037 2442 2164 2520 [ne-

87 2536 209 2594 que
232 2521 495 2598 gestum]
532 2537 732 2596 neque
765 2529 965 2582 actum
992 2530 1086 2583 est
1117 2522 1235 2584 nisi
1252 2524 1573 2599 pactiones
1596 2523 1991 2599 pecuniarum
2029 2537 2165 2585 cum

84 2603 391 2680 tyranniS,
422 2603 802 2676 decisiones,
841 2604 1249 2681 direptiones,
1298 2606 1644 2680 latrocinia,
1686 2609 1944 2670 caedes:
1977 2623 2163 2684 quum

83 2689 285 2762 ,ialam
316 2688 530 2764 populi
551 2688 811 2750 Romani
836 2687 1178 2765 imperator,
1207 2690 1504 2753 instructo
1530 2692 1822 2765 exercitu,
1853 2694 2164 2754 dexteram

85 2772 364 2844 tendens,
395 2789 515 2833 non
546 2773 623 2832 ad
661 2774 900 2834 laudem
939 2773 1156 2835 milites
1188 2775 1549 2849 hortaretur,
1585 2777 1698 2837 sed
1728 2777 1931 2838 omnia
1961 2775 2076 2838 sibi
2106 2784 2167 2835 et

84 2864 282 2929 empta
317 2863 376 2915 et
405 2858 665 2917 emenda
691 2875 835 2919 esse
867 2859 1171 2920 clamaret.

209 2941 283 2997 V.
336 2939 429 3001 10.
476 2941 600 2999 lam
639 2956 782 3002 vero
822 2941 1185 3017 publicanos
1220 2941 1484 3004 miseros
1511 2978 1596 2989 —
1639 2961 1737 3005 me
1772 2945 1950 3005 etiam
1981 2942 2163 3004 mise·

80 3039 214 3083 rum
251 3023 489 3083 illorum
522 3022 604 3083 ita
633 3025 710 3084 de
744 3042 842 3085 me
874 3025 1222 3087 meritorum
1257 3026 1522 3088 miseriis
1552 3046 1626 3089 ac
1657 3028 1902 3090 dolore!
1933 3062 2019 3075 —-
2046 3036 2163 3088 tra-

84 3105 238 3167 didit
267 3105 325 3165 in
362 3107 714 3168 servitutem
749 3107 994 3170 ludaeis
1039 3118 1098 3170 et
1129 3109 1335 3187 Syris,
1379 3110 1728 3172 nationibus
1779 3111 1939 3174 natis
1973 3111 2163 3174 servi-

81 3188 213 3250 tuti.
301 3188 520 3252 Statuit
559 3191 638 3251 ab
680 3189 850 3253 initio
895 3203 956 3253 et
995 3195 1053 3253 in
1098 3211 1173 3254 eo
1208 3196 1655 3270 perseveravit,
1707 3194 1803 3257 ius
1835 3194 2161 3271 publicano

81 3290 203 3333 non
244 3272 481 3334 dicere:
518 3273 837 3350 pactiones
868 3277 1002 3337 sine
1034 3279 1152 3338 ulla
1185 3277 1404 3339 iniuria
1428 3281 1622 3341 factas
1645 3279 1925 3342 rescidit:
1957 3287 2162 3341 custo·

81 3355 218 3417 dias
246 3357 542 3419 sustulit:
601 3359 934 3435 vectigales
990 3363 1214 3422 multos
1261 3378 1333 3422 ac
1378 3362 1813 3439 stipendiarios
1855 3362 2163 3424 liberavit=

82 3456 207 3513 quo
237 3441 295 3500 in
330 3441 563 3516 oppido
593 3441 733 3517 ipse
767 3452 934 3504 esset
960 3454 1064 3506 aut
1088 3463 1210 3520 quo
1237 3447 1486 3519 veniret,
1524 3446 1605 3506 ibi
1640 3447 2027 3523 publicanum
2058 3455 2167 3506 aut
