2514 3928
306 285 425 352 192
837 284 984 346 PRO
1014 282 1130 344 CN.
1163 282 1490 344 PLANCIO
1525 281 1833 353 ORA'HO.
2300 292 2381 345 9⁴

432 452 586 511 XXI.
616 451 718 510 51.
752 448 1230 522 Quaerisetiam,
1257 449 1627 521 LaterensiS‚
1660 448 1807 524 quid
1830 449 2195 524 imaginibus
2222 449 2379 525 tuiz,

305 534 453 610 quid
485 531 878 594 ornatissimo
914 539 1103 605 atque
1138 532 1368 608 optimo
1404 531 1566 600 viro,
1609 532 1769 607 patri
1798 540 1934 604 tuo,
1978 534 2379 607 respondeas

303 625 566 678 mortuo.
612 615 747 676 Noli
772 614 891 675 ista
910 614 1207 686 meditari,
1231 615 1579 688 atqueillud
1596 630 1751 676 cave
1773 616 1999 690 potius,
2022 632 2101 676 ne
2122 624 2227 676 tua
2248 615 2374 678 ista

305 702 577 775 querella
614 699 919 773 dolorque
953 696 1171 758 nimius
1206 698 1286 757 ab
1319 697 1437 758 illis
1472 698 1946 772 sapientissimis
1981 697 2125 758 viris
2160 715 2372 774 repre-

303 784 624 842 hendatur.
670 781 841 841 Vidit
864 781 1022 840 enim
1048 788 1226 856 pater
1251 789 1393 841 tuus
1410 782 1677 856 Appium
1703 783 2035 853 Claudium,
2062 782 2374 842 nobilissi-

304 882 466 926 mum
504 864 842 937 hominem,
888 863 1032 924 vivo
1064 872 1241 938 patre
1274 881 1419 933 suo,
1457 864 1884 938 potentissimo
1924 874 1987 926 et
2021 865 2372 925 clarissimo

305 949 443 1019 civi,
467 949 530 1009 C.
547 948 820 1018 Claudio,
854 947 1113 1006 aedilem
1145 964 1265 1006 non
1300 963 1443 1008 esse
1473 949 1696 1008 factum
1721 956 1784 1008 et
1807 949 2089 1011 eumdem
2114 948 2247 1007 sine
2275 964 2375 1007 re·

304 1034 486 1108 pulsa
509 1032 735 1091 lactum
761 1045 905 1090 esse
928 1033 1277 1091 consulem:
1305 1029 1455 1090 vidit
1476 1030 1780 1091 hominem
1805 1030 1922 1091 sibi
1937 1030 2200 1090 maxime
2226 1047 2374 1092 con·

304 1115 606 1184 iunctum,
651 1112 963 1189 egregium
995 1113 1223 1183 virum,
1253 1115 1319 1174 L.
1358 1113 1703 1174 Volcatium
1723 1160 1739 1177 .
1769 1113 1921 1175 vidit
1948 1113 2029 1172 M.
2060 1114 2373 1186 Pisonem,

304 1196 422 1258 ista
453 1195 512 1257 in
547 1195 887 1268 aedilitate,
940 1195 1393 1257 offensiuncula
1426 1205 1713 1272 accepta,
1752 1213 2027 1259 summos
2061 1213 2097 1256 a
2133 1201 2373 1272 populo

305 1283 585 1342 Romano
612 1294 756 1340 esse
776 1280 1049 1341 honores
1075 1282 1359 1356 adeptos.
1403 1280 1579 1340 Avus
1608 1296 1757 1341 vero
1783 1288 1924 1341 tuus
1948 1288 2011 1340 et
2030 1280 2378 1348 P..Nasicae

308 1364 417 1425 tibi
447 1363 786 1425 aediliciam
811 1362 1194 1439 praedicaret
1222 1365 1551 1440 repulsam,
1597 1381 1719 1438 quo
1752 1365 1887 1424 cive
1916 1362 2216 1424 neminem
2247 1380 2373 1440 ego

311 1455 513 1510 statuo
551 1448 610 1508 in
655 1448 768 1508 hac
802 1464 869 1508 re
905 1447 1148 1524 publica
1180 1448 1522 1517 fortiorem,
1568 1455 1630 1508 et
1659 1448 1720 1508 C.
1754 1447 1955 1519 Marii,
2002 1446 2103 1520 qui
2132 1448 2375 1509 duabus

309 1531 631 1592 aedilitatis
664 1531 937 1606 acceptis
968 1530 1235 1606 repulsis
1267 1530 1541 1607 septiens
1574 1533 1790 1593 consul
1828 1538 1924 1591 est
1953 1533 2177 1601 factum,
2212 1538 2276 1591 et
2304 1532 2371 1591 L.

311 1614 613 1687 Caesaris,
648 1615 753 1674 Cn.
783 1615 1032 1682 Octavii,
1058 1615 1140 1673 M.
1165 1613 1360 1685 Tullii,
1387 1630 1545 1688 quos
1571 1630 1785 1674 omnes
1810 1614 2040 1674 scimus
2063 1613 2376 1675 aedilitate

311 1699 678 1776 praeteritos
705 1700 996 1758 consules
1022 1713 1162 1756 esse
1185 1699 1403 1757 factos.
1457 1697 1557 1756 52.
1584 1698 1709 1757 Sed
1744 1697 1888 1771 quid
1915 1714 2031 1773 ego
2058 1696 2373 1758 aedilicias

313 1785 597 1856 repulsas
624 1780 894 1855 colligo?
925 1794 1083 1852 quae
1108 1795 1301 1854 saepe
1332 1781 1462 1840 eius
1497 1779 1660 1840 modi
1695 1781 1940 1841 habitae
1972 1788 2145 1852 sunt,
2178 1786 2249 1840 ut
2278 1780 2369 1850 iis,

312 1865 416 1938 qui
460 1862 770 1938 praeteriti
813 1871 1055 1931 essent,
1099 1862 1365 1938 benigne
1403 1879 1439 1922 a
1486 1865 1719 1938 populo
1764 1865 1988 1924 sactum
2036 1864 2371 1924 videretur.

306 1946 609 2007 Tribunus
642 1945 890 2012 militum
913 1945 978 2005 L.
1005 1944 1319 2021 Philippus
1336 1994 1350 2018 ,
1385 1962 1620 2007 summa
1645 1946 1963 2008 nobilitate
1987 1955 2049 2009 et
2073 1949 2365 2022 eloquen-

306 2030 409 2096 tia.
436 2037 732 2105 quaestor
746 2030 808 2089 C.
824 2028 1082 2100 CaeliuS,
1109 2029 1485 2091 clarissimus
1502 2046 1575 2091 ac
1588 2030 1961 2091 fortissimus
1978 2032 2369 2103 adolescenS,

308 2113 532 2175 tribuni
563 2112 762 2188 plebis
791 2112 858 2172 P.
889 2112 1147 2173 Rutilius
1178 2116 1407 2184 RusuS‚
1440 2113 1501 2174 C.
1531 2113 1823 2187 Fimbria,
1855 2115 1918 2175 C.
1953 2113 2225 2184 Cassius,
2263 2114 2369 2175 Cn.

313 2196 563 2257 Orestes
593 2195 737 2256 sacti
767 2211 889 2255 non
919 2204 1092 2256 sunt:
1131 2213 1291 2270 quos
1323 2205 1527 2257 tamen
1558 2213 1779 2257 omnes
1811 2199 2102 2258 consules
2134 2196 2369 2258 scimus

311 2282 510 2340 factos
545 2295 705 2339 esse.
796 2280 964 2353 Quae
1006 2278 1115 2338 tibi
1151 2282 1309 2341 ultro
1348 2288 1525 2355 pater
1560 2288 1622 2339 et
1653 2279 1916 2340 maiores
1953 2280 2042 2340 tui
2071 2296 2192 2340 non
2226 2295 2370 2340 con·

312 2361 557 2424 solandi
586 2360 673 2421 tui
703 2362 896 2436 gratia
927 2362 1148 2431 dicent,
1195 2379 1402 2436 neque
1430 2377 1582 2423 vero
1622 2379 1746 2437 quo
1777 2370 1840 2424 te
1870 2364 2129 2424 liberent
2168 2362 2373 2437 aliqua

313 2446 514 2519 culpa,
546 2460 730 2519 quam
759 2451 826 2505 tu
852 2446 1104 2516 vereris,
1140 2462 1219 2506 ne
1250 2463 1289 2506 a
1315 2453 1376 2506 te
1403 2454 1698 2521 suscepta
1731 2445 2028 2516 videatur,
2067 2445 2184 2507 sed
2213 2453 2281 2505 ut
2313 2454 2374 2506 te

312 2529 391 2588 ad
424 2528 606 2588 istum
637 2543 882 2588 cursum
915 2529 1268 2597 tenendum,
1302 2545 1482 2603 quem
1509 2546 1543 2588 a
1568 2528 1762 2605 prima
1788 2536 1990 2591 aetate
2019 2528 2369 2603 suscepisti.

312 2611 729 2674 cohortentur.
819 2611 971 2671 Nihil
1013 2621 1108 2673 est
1136 2613 1326 2682 enim,
1364 2612 1504 2673 mihi
1540 2614 1756 2680 crede,
1787 2612 2168 2678 Laterensis,
2201 2612 2279 2671 de
2309 2619 2372 2672 te

311 2698 683 2757 detractum:
719 2694 1062 2756 detractum
1098 2697 1279 2758 dico?
1310 2696 1360 2756 si
1392 2696 1741 2756 mehercule
1767 2712 1912 2755 vere
1948 2696 2116 2771 quod
2151 2693 2372 2755 accidit

311 2780 702 2855 interpretari
718 2780 888 2848 velis,
916 2788 1011 2840 est
1021 2771 1252 2855 aliquid
1273 2778 1451 2840 etiam
1470 2780 1550 2839 de
1564 2778 1787 2839 virtute
1810 2776 2218 2853 significatum
2244 2784 2366 2838 tua.

310 2863 490 2923 XXII.
537 2863 673 2923 Noli
710 2864 868 2923 enim
913 2862 1263 2923 existimare
1292 2878 1414 2923 non
1460 2879 1742 2938 magnum
1777 2863 2100 2937 quemdam
2137 2867 2368 2921 motum

313 2944 504 3005 fuisse
539 2944 700 3004 illius
731 2945 1044 3021 petitionis
1075 2953 1249 3012 tuae,
1286 2945 1365 3003 de
1396 2959 1518 3019 qua
1546 2962 1626 3005 ne
1655 2945 1887 3020 aliquid
1916 2946 2151 3006 iurares
2183 2943 2370 3004 desti-

312 3026 458 3085 tisti.
521 3027 906 3088 Denuntiasti
939 3027 1124 3087 homo
1167 3028 1538 3089 adolescens
1582 3029 1728 3103 quid
1760 3030 1839 3090 de
1870 3045 2109 3089 summa
2146 3042 2215 3086 re
2259 3043 2369 3101 pu·

312 3108 474 3168 blica
497 3109 793 3168 sentires:
833 3110 1050 3170 fortius
1074 3117 1140 3170 tu
1166 3110 1410 3186 quidem
1438 3128 1618 3186 quam
1647 3128 1770 3173 non
1796 3112 1944 3172 nulli
1966 3109 2239 3172 defuncti
2261 3110 2370 3172 ho·

313 3191 597 3258 noribus,
643 3192 756 3251 sed
787 3192 1061 3267 apertius
1103 3210 1284 3269 quam
1319 3197 1414 3255 vel
1446 3193 1793 3256 ambitionis
1828 3197 1927 3255 vel
1968 3194 2187 3254 aetatis
2228 3199 2369 3254 tuae

312 3272 467 3333 ratio
493 3274 863 3349 postulabat.
911 3274 1011 3335 53.
1035 3276 1224 3350 Quam
1242 3278 1322 3338 ob
1338 3294 1466 3339 rem
1486 3276 1545 3337 in
1566 3277 1965 3339 dissentiente
1987 3278 2221 3353 populo
2244 3275 2369 3336 noli

313 3362 529 3431 putare
552 3358 753 3417 nullos
778 3358 970 3419 fuisse
993 3376 1255 3433 quorum
1279 3361 1515 3422 animos
1539 3367 1682 3423 tuus
1707 3362 1808 3422 ille
1830 3360 2007 3422 fortis
2021 3359 2262 3419 animus
2281 3360 2369 3419 ol*-

315 3438 623 3500 tenderet:
652 3440 756 3515 qui
768 3447 830 3502 te
845 3441 1148 3503 incautum
1168 3447 1432 3505 fortasse
1448 3459 1609 3503 nunc
1625 3453 1733 3505 tuo
1758 3446 1897 3505 loco
1912 3444 2247 3503 demovere
2259 3457 2367 3518 po·
