2514 3928
219 252 285 305 ⁶9
824 239 989 299 cAP.
1019 247 1251 302 9—12.
1280 246 1350 305 s.
1393 247 1463 301 24
1480 272 1552 283 -—
1569 246 1659 302 ao.
2164 239 2288 305 357

218 393 444 453 Caesar
464 423 548 435 -——
570 391 1024 452 adolescentem
1054 390 1300 464 appello
1323 421 1426 463 -—·,
1459 406 1639 465 quam
1674 400 1741 452 tu
1771 392 2028 453 salutem
2056 390 2145 452 rei
2181 410 2290 467 pu·

214 476 412 537 blicae
455 474 736 536 attulisti!
791 490 973 548 quam
1010 472 1440 547 improvisam!
1490 489 1672 547 quam
1704 474 2116 550 repentinam!
2180 476 2292 550 Qui

217 559 378 619 enim
423 557 580 618 haec
635 556 879 633 fugiens
930 553 1100 628 fecit,
1170 555 1320 630 quid
1360 556 1588 617 faceret
1626 556 2008 634 insequens?
2058 559 2293 619 Etenim

213 644 277 702 vin
296 642 597 702 *contione
631 639 870 700 dixerat
903 655 972 699 se
1003 639 1326 699 custodem
1360 640 1490 699 fore
1519 639 1720 711 urbis,
1761 656 1955 716 seque
1983 658 2184 717 usque
2213 643 2294 703 ad

213 725 527 786 Kalendas
556 722 752 783 Maias
792 724 873 782 ad
914 721 1126 783 urbem
1156 722 1488 783 exercitum
1522 720 1885 783 habiturum.
1944 724 1990 784 Ο
2024 727 2288 799 praecla-

215 826 350 870 rum
380 808 698 869 custodem
727 805 952 881 ovium,
988 814 1052 867 ut
1080 805 1265 878 aiunt,
1298 795 1540 882 lupum!
1575 806 1878 867 Custosne
1908 807 2076 868 urbis
2106 824 2182 866 an
2207 809 2294 869 di-

214 900 425 967 reptor
454 901 514 953 et
541 900 798 952 vexator
826 899 995 951 esset
1022 890 1374 951 Antonius?
1425 890 1505 950 Et
1535 890 1783 967 quidem
1814 907 1883 951 se
1916 889 2293 952 introiturum

214 975 277 1037 in
310 975 523 1037 urbem
537 974 707 1035 *dixit
735 973 1161 1049 exiturumque
1192 991 1379 1049 quum
1409 974 1609 1036 vellet.
1670 974 1826 1049 Quid
1856 974 2052 1036 illud?
2093 991 2297 1035 nonne

215 1060 501 1122 audiente
533 1060 768 1134 populo
799 1058 1025 1117 sedens
1056 1073 1169 1132 pro
1200 1057 1357 1117 aede
1390 1056 1659 1119 Castoris
1689 1058 1859 1134 dixit,
1899 1057 2021 1120 nisi
2061 1057 2166 1135 qui
2211 1059 2296 1118 vi-

218 1143 424 1213 cisset,
452 1140 751 1203 victurum
783 1141 1125 1200 neminem?

338 1226 440 1287 28.
484 1223 796 1285 Hodierno
826 1223 925 1283 die
960 1223 1248 1299 primum,
1281 1234 1490 1300 patres
1521 1225 1873 1301 conscripti,
1903 1227 2084 1301 longo
2113 1226 2295 1287 inter-

216 1310 379 1369 vallo
412 1309 473 1367 in
529 1308 936 1383 possessione
979 1306 1280 1368 libertatis
1344 1308 1563 1381 pedem
1592 1308 1910 1383 ponimus=
1959 1308 2132 1370 cuius
2165 1310 2297 1385 qui-

216 1392 357 1452 dem
383 1408 498 1467 ego
532 1390 737 1465 quoad
765 1389 936 1464 potui
969 1405 1092 1448 non
1119 1390 1303 1450 modo
1335 1391 1654 1465 defensor,
1696 1392 1811 1451 sed
1836 1391 2015 1451 etiam
2050 1408 2297 1453 conser-

215 1484 397 1537 vator
442 1475 546 1535 fui.
609 1473 803 1550 Quum
846 1480 1050 1533 autem
1092 1472 1154 1532 id
1188 1475 1545 1534 facere-non
1575 1490 1863 1551 possem,
1905 1473 2139 1550 quievi,
2184 1492 2296 1537 nec

217 1557 456 1619 abiecte
498 1573 614 1618 nec
659 1557 793 1617 sine
834 1554 1041 1631 aliqua
1084 1556 1375 1632 dignitate
1416 1573 1627 1618 casum
1669 1555 1837 1617 illum
1867 1564 2210 1633 temporum
2240 1568 2297 1621 ei

222 1642 496 1703 dolorem
526 1642 651 1703 tuli.
699 1641 869 1699 Hanc
900 1656 1048 1700 vero
1082 1639 1486 1701 taeterrimam
1518 1641 1761 1701 beluam
1796 1641 1934 1716 quis
1974 1643 2132 1701 serre
2166 1651 2297 1717 pot-.

216 1734 315 1786 est
357 1733 464 1786 aut
504 1742 627 1801 quo
672 1724 900 1785 modo?
954 1723 1109 1799 Quid
1155 1723 1358 1796 estin
1389 1723 1658 1786 Antonio
1693 1733 1939 1800 praeter
1969 1724 2296 1799 libidinem,

216 1810 655 1882 crudelitatem,
689 1808 1101 1883 petulantiam,
1132 1807 1497 1868 audaciam?
1553 1808 1648 1867 Ex
1683 1808 1779 1867 his
1807 1815 1972 1870 totus
2005 1808 2299 1883 congluti-

217 1902 397 1954 natus
446 1900 559 1953 est.
614 1890 771 1951 Nihil
810 1901 1067 1968 apparet
1107 1891 1171 1950 in
1213 1907 1289 1951 eo
1324 1892 1685 1967 ingenuum,
1728 1890 1875 1951 nihil
1903 1893 2302 1969 moderatum,

216 1976 365 2036 nihil
397 1977 657 2052 pudens,
694 1975 843 2035 nihil
876 1976 1185 2050 pudicum.
1273 1975 1375 2037 29.
1423 1977 1836 2053 Quapropter,
1870 1977 2159 2052 quoniam
2194 1993 2297 2037 res

215 2059 281 2120 in
322 2059 386 2119 id
436 2059 763 2120 discrimen
800 2059 1065 2120 adducta
1095 2069 1219 2133 est,
1264 2068 1467 2121 utrum
1494 2060 1594 2121 ille
1625 2076 1861 2136 poenas
1889 2063 1977 2120 rei
2021 2059 2299 2136 publicae

218 2147 348 2204 luat
372 2159 448 2202 an
479 2159 596 2203 nos
627 2141 1001 2216 serviamus,
1032 2142 1381 2218 aliquande,
1414 2160 1525 2219 per
1555 2144 1710 2204 deos
1739 2142 2143 2206 immortales!
2190 2161 2297 2220 pa-

218 2236 347 2290 tres
390 2225 753 2302 conscripti,
792 2225 1053 2301 patrium
1094 2227 1360 2294 animum
1404 2226 1808 2302 virtutemque
1842 2227 2190 2304 capiamuS‚
2232 2235 2299 2289 ut

218 2318 326 2371 aut
353 2309 691 2371 libertatem
724 2309 1036 2386 propriam
1068 2310 1329 2372 Romani
1358 2319 1417 2371 et
1449 2310 1693 2386 generis
1736 2320 1797 2372 et
1828 2311 2094 2373 nominis
2122 2328 2296 2373 recu-

214 2409 506 2469 peremus
534 2402 640 2454 aut
667 2404 923 2455 mortem
953 2392 1227 2474 servituti
1256 2402 1719 2470 anteponamus.
1775 2394 1996 2470 Multa,
2041 2411 2202 2472 quae
2235 2395 2296 2455 in

216 2477 410 2538 libera
439 2475 681 2538 civitate
718 2478 972 2538 ferenda
993 2494 1117 2540 non
1142 2487 1371 2551 essent,
1393 2478 1639 2540 tulimus
1660 2486 1721 2539 et
1745 2479 2031 2555 perpessi
2053 2495 2297 2539 sumus:

216 2560 321 2621 alii
356 2577 472 2635 spe
516 2559 770 2622 forsitan
810 2563 1272 2636 recuperandae
1318 2561 1639 2634 libertatiS,
1687 2561 1791 2621 alii
1839 2561 2084 2622 vivendi
2116 2560 2301 2621 nimia

219 2643 570 2720 cupiditate.
628 2643 783 2718 Sed,
827 2645 881 2705 si
921 2645 1022 2704 illa
1066 2645 1344 2719 tulimus,
1391 2662 1551 2721 quae
1599 2661 1714 2716 nos
1755 2646 2098 2706 necessitas
2144 2646 2301 2704 ferre

218 2725 439 2803 coegit,
466 2744 627 2804 quae
651 2727 745 2789 vis
771 2729 1075 2804 quaedam
1105 2745 1303 2804 paene
1334 2729 1552 2802 fataliS,
1585 2743 1747 2804 quae
1773 2737 1975 2789 tamen
2004 2726 2143 2803 ipsa
2175 2743 2300 2788 non

219 2811 496 2887 tulimus,
536 2811 797 2873 etiamne
838 2811 1020 2873 huius
1051 2811 1277 2887 impuri
1305 2813 1559 2874 latronis
1594 2813 1859 2875 feremus
1890 2812 2300 2873 taeterrimum

218 2894 835 2971 crudelissimumque
870 2895 1285 2957 dominatum?
1366 2896 1495 2956 XII.
1525 2895 1628 2958 30.
1674 2894 1831 2970 Quid
1860 2895 1961 2956 hic
1992 2894 2200 2970 faciet,
2246 2895 2300 2956 si

217 2976 477 3054 poterit,
504 2976 765 3047 iratus,
815 2978 921 3054 qui
955 2997 1145 3056 quum
1180 2996 1553 3041 suscensere
1584 2978 1809 3040 nemini
1838 2988 2071 3055 posset,
2109 2980 2298 3042 omni·

217 3063 336 3123 bus
364 3060 544 3124 bonis
576 3062 757 3124 suerit
781 3062 1104 3124 inimicus?
1158 3062 1309 3138 quid
1348 3062 1448 3123 liic
1491 3061 1686 3125 victor
1716 3080 1839 3125 non
1869 3063 2149 3133 audebit,
2195 3062 2299 3139 qui

214 3146 444 3208 nullam
485 3146 747 3222 adeptus
790 3145 1104 3208 victoriam
1139 3155 1307 3208 tanta
1347 3148 1584 3208 scelera
1615 3156 1759 3223 post
1789 3147 2070 3208 Caesaris
2098 3146 2298 3207 interi·

215 3240 343 3291 tum
378 3228 629 3291 fecerit?
668 3232 953 3291 refertam
989 3229 1125 3290 eius
1179 3231 1433 3292 domum
1457 3229 1850 3291 exhauserit?
1891 3231 2103 3292 hortos
2135 3245 2298 3289 com-

216 3310 547 3389 pilaverit?
575 3314 658 3373 ad
687 3329 760 3374 se
790 3330 869 3375 ex
898 3314 973 3372 iis
1000 3312 1202 3374 omnia
1245 3323 1604 3374 ornamenta
1635 3314 2044 3374 transtulerit?
2088 3309 2298 3369 caedis

218 3405 283 3456 et
320 3394 743 3457 incendiorum
791 3412 1039 3457 causam
1093 3397 1426 3472 quaesierit
1474 3413 1552 3479 ex
1604 3398 1858 3458 funere?
1911 3394 2154 3453 duobus
2197 3398 2302 3448 aut

218 3475 415 3543 tribus
465 3489 715 3542 senatus
755 3481 1053 3542 consultis
1086 3481 1244 3540 bene
1287 3489 1349 3541 et
1377 3497 1411 3540 e
1440 3497 1507 3539 re
1544 3478 1790 3555 publica
1825 3474 2001 3534 raetis
2030 3471 2299 3544 reliquas
