2514 3928
131 247 283 323 “1111
482 354 488 359 .
856 264 1019 324 CAP.
1058 277 1253 329 1-2.
1298 275 1350 335 s.
1383 278 1575 332 1—4.
2129 275 2256 338 409

169 411 499 497 obierunt,
532 413 613 473 ad
648 412 939 475 incertum
972 414 1129 477 vitae
1158 416 1497 492 periculum
1529 420 1663 482 sine
1697 425 1823 484 ullo
1853 426 2063 487 mortis
2094 435 2255 489 metu

171 494 654 569 profecti-sunu
697 496 827 555 Ser.
860 496 1167 573 Sulpicius
1209 516 1348 561 cum
1388 500 1594 577 aliqua
1634 506 2031 579 perveniendi
2063 510 2143 569 ad
2172 511 2254 571 M.

169 576 513 637 Antonium
544 594 660 653 spe
691 581 1003 653 profectus
1035 590 1147 655 est,
1178 584 1344 643 nulla
1370 588 1734 646 revertendi.
1812 590 1924 663 Qui
1957 609 2140 665 quum
2173 593 2256 655 ita

170 660 463 721 adfectus
494 669 693 735 esset,
725 670 808 734 ut,
840 663 893 722 si
928 665 1004 723 ad
1034 681 1283 739 gravem
1314 668 1720 729 valetudinem
1752 672 1923 733 labor
1949 675 2252 737 accessis-

171 749 297 815 set,
330 742 446 804 sibi
475 743 612 819 ipse
640 744 961 817 diffideret,
994 764 1115 809 non
1144 749 1454 811 recusavit
1490 769 1612 827 quo
1638 752 1838 814 minus
1862 756 1956 815 vel
1984 764 2253 821 extremo

171 824 433 900 spiritu,
463 827 516 887 si
552 844 733 903 quam
764 846 945 904 opem
977 832 1061 891 rei
1091 833 1371 907 publicae
1405 836 1562 895 serre
1596 845 1828 911 posset,
1858 839 2252 914 experiretur.

170 909 394 983 Itaque
422 926 543 971 non
567 909 732 971 illum
760 910 851 974 vis
878 912 1111 988 hiemiS‚
1143 932 1264 978 non
1293 916 1486 991 niveS,
1518 935 1640 979 non
1664 919 1978 995 longitudo
2002 920 2256 999 itineriS,

172 1008 302 1052 non
327 996 694 1069 asperitates
724 998 975 1067 viarum,
1011 1015 1134 1059 non
1161 1003 1413 1062 morbus
1440 996 1878 1076 ingravescens
1908 1006 2254 1081 retardavit,

170 1091 494 1150 quumque
541 1076 657 1135 iam
691 1077 769 1135 ad
800 1092 1200 1152 congressum
1234 1084 1732 1160 colloquiumque
1769 1085 1903 1147 eius
1941 1089 2253 1162 pervenis-

170 1166 292 1253 set,
323 1158 404 1217 ad
435 1175 615 1254 quem
639 1166 770 1219 erat
791 1159 1035 1255 missuS,
1062 1163 1120 1221 in
1144 1163 1282 1240 ipsa
1304 1181 1449 1225 cura
1471 1183 1544 1228 ac
1569 1169 1958 1232 meditatione
1985 1170 2256 1233 obeundi

173 1257 274 1300 sui
306 1256 575 1300 muneris
603 1248 874 1301 excessit
900 1259 935 1302 e
965 1243 1106 1305 vita.

276 1329 334 1387 3.
360 1327 442 1387 Ut
463 1326 643 1400 igitur
658 1328 795 1396 alia,
820 1326 910 1387 sic
929 1327 1067 1397 hoc,
1093 1326 1155 1385 C.
1171 1327 1392 1395 Pansa,
1417 1329 1753 1400 praeclare,
1776 1328 1945 1401 quod
1965 1343 2033 1387 es
2053 1335 2114 1387 et
2133 1345 2250 1389 nos

173 1410 262 1469 ad
283 1409 712 1469 honorandum
738 1409 870 1469 Ser.
898 1408 1235 1485 Sulpicium
1270 1409 1630 1469 cohortatus
1667 1417 1729 1470 et
1758 1409 1895 1485 ipse
1930 1412 2118 1470 multa
2149 1427 2251 1472 co-

176 1493 363 1569 piose
386 1493 466 1552 dc
492 1493 651 1553 itlius
676 1494 858 1553 laude
891 1493 1116 1554 dixisti.
1192 1491 1424 1566 Quibus
1460 1509 1494 1551 a
1518 1499 1580 1552 te
1614 1491 1792 1552 dictis
1830 1492 1975 1551 nihil
2009 1502 2254 1567 praeter

177 1575 547 1637 sententiam
573 1576 861 1648 dicerem,
897 1576 1013 1636 nisi
1036 1575 1100 1637 P.
1126 1574 1407 1646 Servilio,
1441 1575 1781 1635 clarissimo
1810 1574 1960 1645 viro,
1994 1593 2251 1651 respon-

178 1661 452 1720 dendum
487 1668 786 1734 putarem,
826 1659 931 1734 qui
953 1660 1115 1721 hunc
1141 1660 1441 1719 honorem
1464 1665 1708 1740 statuae
1739 1657 1963 1718 nemini
1989 1660 2251 1720 tribuen-

179 1745 328 1804 dum
360 1743 601 1804 censuit
628 1743 747 1803 nisi
774 1741 862 1815 ei,
906 1744 1011 1818 qui
1049 1746 1211 1804 ferro
1245 1751 1417 1803 esset
1447 1744 1505 1801 in
1539 1744 1845 1817 legatione
1875 1741 2250 1803 interfectus.

178 1828 315 1903 Ego
346 1837 579 1898 autem,
628 1835 836 1903 patres
876 1826 1238 1902 conscripti,
1283 1827 1375 1886 sic
1415 1826 1785 1900 interpretor
1822 1826 2101 1886 sensisse
2132 1843 2253 1886 ma«

181 1912 350 1972 iores
383 1919 652 1981 nostroS,
688 1917 755 1972 ut
784 1927 1035 1972 causam
1067 1910 1280 1972 mortis
1317 1910 1687 1984 censuerint,
1721 1925 1844 1970 non
1875 1925 2072 1985 genus
2108 1925 2254 1972 esse

183 1996 629 2070 quaerendum.
694 1995 928 2055 Etenim
957 1996 1055 2055 cui
1079 1994 1304 2070 legatio
1331 1995 1467 2069 ipsa
1494 1993 1673 2054 morti
1700 1993 1934 2064 fuisset,
1969 1995 2102 2056 eius
2124 2010 2252 2054 mo·

183 2078 521 2138 nimentum
555 2086 802 2137 exstare
835 2082 1190 2148 volucrunt,
1226 2085 1296 2137 ut
1331 2078 1388 2137 in
1418 2077 1594 2137 bellis
1619 2076 1983 2151 periculosis
2014 2078 2254 2138 obirent

186 2159 468 2222 homines
514 2158 836 2235 legationis
891 2177 1112 2222 munus
1161 2159 1478 2221 audacius.
1561 2161 1695 2222 Non
1746 2157 1927 2234 igitur
1976 2161 2255 2234 exempla

185 2243 485 2305 maiorum
527 2244 911 2318 quaerenda,
967 2243 1081 2303 sed
1111 2242 1431 2304 consilium
1468 2252 1563 2304 est
1599 2258 1840 2315 eorum,
1891 2259 1929 2302 a
1959 2260 2080 2318 quo
2117 2242 2258 2318 ipsa

185 2328 470 2402 exempla
510 2334 653 2386 nata
698 2336 867 2397 sunt,
921 2325 1369 2401 explicandum.
1455 2327 1527 2385 ΙΙ.
1571 2325 1632 2388 4.
1689 2327 1838 2386 Lars
1883 2325 2256 2398 TolumniuS‚

185 2425 298 2470 rex
326 2410 699 2480 Veientium,
747 2417 1034 2485 quattuor
1077 2411 1312 2484 legatos
1355 2409 1565 2486 populi
1605 2410 1861 2471 Romani
1887 2409 2133 2469 Fidenis
2167 2408 2255 2467 in-

192 2494 452 2554 teremit:
513 2508 774 2567 quorum
819 2501 1055 2554 statuae
1095 2500 1391 2554 steterunt
1427 2509 1627 2568 usque
1669 2494 1748 2552 ad
1789 2509 1984 2552 meam
2029 2507 2254 2552 memo·

191 2575 339 2635 riam
366 2575 428 2635 in
459 2574 705 2637 rostris:
751 2575 949 2657 iustus
983 2575 1210 2637 honos=
1266 2578 1339 2636 iis
1371 2577 1529 2636 enim
1572 2575 1834 2635 maiores
1875 2572 2098 2643 nostri,
2152 2573 2255 2648 qui

171 2659 275 2720 ob
301 2675 428 2718 rem
453 2658 760 2734 publicam
789 2667 1043 2720 mortem
1078 2659 1374 2733 obierant,
1408 2676 1517 2735 pro
1546 2657 1716 2719 brevi
1753 2656 1878 2737 vita
1912 2655 2257 2716 diuturnam

191 2741 541 2806 memoriam
571 2741 991 2803 reddiderunt.
1058 2742 1162 2802 Cn.
1197 2741 1460 2813 Octavii,
1491 2741 1638 2801 clari
1667 2739 1779 2798 viri
1811 2746 1872 2799 et
1899 2736 2121 2812 magni,
2154 2736 2258 2812 qui

192 2823 425 2902 primus
472 2825 531 2885 in
573 2842 707 2885 eam
753 2824 1067 2899 familiam,
1116 2842 1276 2902 quae
1319 2833 1538 2901 postea
1578 2821 1724 2883 viris
1767 2820 2114 2882 fortissimis
2144 2819 2258 2880 sso-

194 2906 337 2980 ruit‚
370 2908 563 2969 attulit
592 2910 1005 2981 consulatum,
1050 2916 1308 2969 statuam
1337 2907 1620 2968 videmus
1648 2906 1708 2966 in
1742 2906 1977 2966 rostris,
2062 2905 2256 2964 Nemo

199 3002 319 3052 tum
349 2992 597 3053 novitati
639 2990 980 3051 invidebat=
1023 3005 1201 3052 nemo
1244 2990 1524 3052 virtutem
1566 3007 1687 3049 non
1730 2988 2089 3050 honorabat.
2180 2990 2260 3048 At

198 3089 274 3134 ea
313 3074 421 3134 suit
458 3074 679 3149 legatio
713 3073 976 3147 Octavii,
1021 3072 1082 3134 in
1121 3089 1249 3148 ‘qua
1293 3073 1546 3149 periculi
1580 3070 1839 3147 suspitio
1888 3089 2010 3133 non
2043 3072 2259 3132 subes-

199 3164 310 3218 set.
392 3157 541 3217 Nam
593 3174 776 3232 quum
829 3164 998 3217 esset
1049 3157 1279 3217 missus
1325 3174 1363 3217 a
1411 3164 1627 3216 senatu
1669 3156 1749 3215 ad
1779 3157 2018 3215 animos
2046 3166 2258 3228 regum

199 3239 661 3317 perspiciendos
697 3239 1147 3314 liberorumque
1192 3241 1561 3314 populorum
1602 3239 2018 3314 maximeque,
2063 3244 2130 3296 ut
2156 3251 2256 3294 ne·

202 3331 401 3401 potem
437 3321 601 3398 regis
630 3322 948 3395 Antiochi,
991 3323 1155 3395 eiuS,
1206 3321 1313 3398 qui
1343 3338 1480 3382 cum
1509 3320 1843 3382 maioribus
1876 3316 2103 3380 nostris
2131 3317 2254 3376 bel·

206 3407 322 3465 lum
363 3414 671 3480 gesserat,
723 3408 959 3466 classes
1002 3406 1260 3478 habere,
1310 3405 1669 3480 elephantos
1702 3405 1865 3462 alere
1896 3398 2260 3476 prohiberet,

204 3489 542 3550 Laudiceae
578 3489 635 3550 in
683 3488 1008 3566 gymnasio
1053 3506 1090 3549 a
1132 3489 1397 3563 quodam
1441 3486 1695 3563 Leptine
1747 3491 1842 3542 est
1886 3480 2262 3540 interfectus.
