2514 3928
193 178 359 217 mn
641 159 1031 213 PROOEMIUM
1068 160 1396 213 EDITIONIS
1431 156 1799 211 SECUNDAE.

197 315 329 362 quae
364 298 418 351 C.
453 298 513 352 L.
548 298 805 362 Kayser-us
840 298 1179 362 suppositicia
1223 309 1312 347 aut
1355 298 1425 347 ita
1468 294 1770 359 corrigenda
1814 308 1930 344 esse
1969 295 2282 345 existimavit

196 369 389 418 nomine
422 373 476 416 ut
509 372 663 417 notet.
734 364 898 413 Locus
944 366 1076 413 enim
1119 363 1389 414 facillimus
1432 371 1511 412 est
1552 360 1619 410 ad
1663 359 2038 424 explicandum.
2107 361 2281 411 Verba

197 431 477 482 Ciceronis:
538 432 812 481 Accusatio
855 433 1041 480 crimen
1083 432 1370 489 desiderat,
1413 444 1519 479 rem
1560 435 1614 477 ut
1657 428 1890 489 definiat,
1942 428 2182 478 hominem
2224 435 2282 478 ut

199 507 334 549 notet
369 509 462 548 etc.
515 499 586 546 ita
628 506 919 561 comparata
965 506 1110 556 suut,
1158 507 1212 546 ut
1256 510 1358 545 res
1401 505 1449 545 et
1483 494 1664 543 homo
1700 494 1830 544 inter
1863 509 1920 544 se
1956 504 2281 559 opponantur

197 567 389 614 maiore
438 565 655 626 quadam
718 564 796 622 vi,
872 564 923 612 id
977 563 1115 626 quod
1166 564 1284 628 ipsa
1327 563 1594 612 verborum
1636 559 1969 611 collocatione
2011 561 2278 610 indicatur.

198 648 298 682 res
335 642 439 681 tum
473 630 727 688 definitur,
764 631 808 679 si
844 630 1146 680 maleficium
1179 631 1500 696 proponitur,
1539 627 1678 689 quod
1719 636 1855 678 certa
1898 628 2121 690 quadam
2164 626 2278 692 lege

197 699 554 749 vindicandum
590 706 683 756 est,
720 697 904 746 homo
939 708 1106 747 autem
1144 706 1366 760 notatur,
1402 696 1450 745 si
1484 695 1546 744 de
1580 707 1800 758 persona
1840 695 1914 744 rei
1951 694 2088 745 omni
2125 693 2277 743 modo

197 765 491 823 detrahitur,
529 775 584 814 ut
617 773 827 829 propter
860 765 972 814 eius
998 777 1175 813 mores
1209 763 1446 812 maleficii
1479 762 1698 825 suspitio
1742 761 1792 809 in
1840 775 1955 810 eum
1990 761 2169 810 cadere
2202 760 2278 808 vi-

196 833 389 883 deatur.
460 832 581 880 Mox
620 831 668 894 §-
693 830 743 883 8.
779 845 880 879 non
925 841 1058 880 recte
1103 828 1160 880 C.
1206 829 1488 880 Halmius
1534 837 1585 878 et
1628 825 1683 877 C.
1728 826 1787 878 L.
1831 828 2150 890 Kayserus
2202 824 2278 875 of—

196 899 326 949 fensi
364 909 483 948 sunt
517 899 569 946 in
605 896 796 946 verbis:
859 896 980 956 Quis
1014 899 1142 946 enim
1176 904 1254 946 est
1288 922 1353 933 —
1389 899 1476 962 qai
1506 897 1595 945 isti
1625 896 1787 946 aetati
1820 902 1971 962 atque
2006 895 2154 943 etiam
2193 894 2281 942 isti

198 966 436 1031 dignitati
467 980 566 1014 non
600 965 764 1026 possit
796 980 940 1028 quam
973 965 1092 1013 velit
1121 966 1425 1027 petulanter,
1450 965 1599 1013 etiam
1630 964 1680 1012 si
1708 966 1819 1014 sine
1851 964 1953 1014 ulla
1984 961 2277 1029 suspitione·

197 1039 254 1083 at
289 1048 388 1082 non
421 1033 530 1081 sine
566 1038 855 1094 aryumento
889 1034 1015 1081 male
1050 1031 1257 1079 dicere?
1314 1040 1381 1089 et,
1416 1030 1555 1091 quod
1589 1030 1642 1078 in
1676 1026 1825 1084 codd.
1858 1031 2094 1080 Parisino
2129 1026 2277 1082 7794.

198 1110 245 1147 et
281 1097 660 1162 Salisburgensi
693 1097 843 1146 verba
877 1104 1029 1162 atque
1063 1097 1215 1147 etiam
1244 1098 1334 1146 isti
1364 1097 1605 1161 dignitati
1637 1099 1830 1147 omissa'
1864 1108 1997 1158 sunt,
2032 1111 2092 1147 ea
2124 1098 2278 1146 verba

199 1165 345 1229 quasi
379 1179 413 1214 a
447 1160 704 1216 Ciceronis
780 1177 963 1212 ersoua
996 1162 1161 1212 aliena
1197 1164 1340 1212 uncis
1375 1163 1825 1214 circumdederunt.
1882 1163 1975 1212 Hic
2000 1173 2166 1212 autem
2198 1162 2279 1213 lo·

197 1247 286 1281 cus
331 1240 507 1298 aperte
548 1230 698 1280 docet
783 1267 795 1278 .
831 1230 1012 1280 Halmii
1055 1230 1119 1280 de
1162 1230 1275 1280 cod.
1311 1230 1543 1279 Parisino
1587 1232 1736 1281 7794.
1770 1231 2060 1296 opinionem
2092 1228 2279 1279 falsam

199 1315 330 1352 esse.
400 1297 526 1348 Nam
561 1297 710 1347 facile
741 1308 956 1363 apparet
988 1312 1138 1360 quem
1173 1297 1240 1346 ad
1286 1296 1492 1346 modum
1535 1310 1595 1346 ea
1639 1298 1789 1347 verba
1833 1299 2026 1348 omissa
2065 1297 2170 1347 sint
2211 1297 2278 1346 ab

199 1365 418 1416 librario.
488 1364 673 1414 Oculus
711 1367 841 1414 enim
879 1366 987 1414 eius
1023 1365 1087 1413 ab
1122 1364 1264 1413 exitu
1298 1364 1520 1413 nominis
1553 1365 1750 1415 aetati
1782 1365 2036 1414 aberravit
2067 1364 2134 1414 ad
2168 1364 2278 1413 exi-

199 1442 304 1482 tum
341 1433 560 1483 nominis
597 1433 888 1496 dignitati,
924 1433 1097 1492 itaque
1130 1445 1262 1493 quae
1295 1430 1346 1480 in
1381 1431 1549 1481 medio
1586 1440 1730 1480 erant
1765 1432 1956 1481 omissa
1990 1441 2125 1485 sunt.
2184 1429 2277 1480 Co-

200 1501 291 1548 teri
338 1509 505 1550 autem
551 1499 665 1548 libri
710 1513 773 1547 ex
819 1498 938 1562 ipso
981 1498 1155 1547 codice
1199 1496 1475 1562 archetypo
1520 1497 1645 1547 haec
1687 1498 1844 1548 verba
1877 1508 2012 1548 recte
2044 1509 2278 1548 servans

199 1577 335 1629 runt,
369 1567 423 1616 id
458 1566 596 1627 quod
630 1565 921 1629 Agroetii
958 1565 1247 1614 testimonio
1283 1565 1666 1629 comprobatur,
1712 1564 1800 1627 qui
1843 1566 2048 1628 quidem
2091 1578 2279 1614 nomen

199 1634 436 1696 dignitati
467 1641 641 1696 aperte
675 1640 865 1690 tuetur,
912 1630 1004 1679 scd
1039 1642 1097 1679 ut
1130 1629 1234 1680 fere
1269 1629 1327 1680 flt
1357 1633 1410 1680 in
1455 1632 1564 1680 eius
1604 1631 1743 1682 modi
1778 1632 1904 1683 locis
1939 1631 2190 1694 quaedam
2222 1631 2277 1680 in

199 1699 457 1748 Ciceronis
494 1699 720 1746 oratione
752 1698 1017 1746 immutata
1057 1697 1213 1746 offert.
1287 1697 1528 1747 Columna
1573 1699 1707 1747 enim
1753 1701 1901 1749 2269.
1948 1699 2027 1748 ed.
2072 1697 2275 1750 Putseh.

202 1765 324 1814 baec
344 1765 518 1813 habet:
556 1763 882 1813 Pulchr-itudo
914 1765 1115 1827 formae
1138 1768 1189 1814 in
1212 1766 1353 1827 viris,
1374 1766 1627 1829 Diynitas,
1663 1767 1797 1815 unde
1826 1765 2001 1816 Cicero
2024 1779 2125 1829 pro
2151 1764 2280 1816 Coe·

196 1833 295 1881 lio.-
362 1830 510 1892 Quis
561 1845 678 1879 non
726 1832 935 1893 possit
985 1831 1125 1880 huie
1181 1833 1391 1882 aetati
1430 1839 1615 1896 atque
1657 1833 1985 1896 diqnitati,
2033 1832 2279 1882 etiamsi

195 1900 333 1948 sine
354 1898 746 1960 suspicione,
783 1905 839 1946 at
872 1913 972 1948 non
1005 1900 1114 1947 sine
1138 1904 1427 1962 aryumento
1459 1899 1793 1949 maledicere?
1840 1897 1951 1957 Quo
1981 1899 2138 1964 igitur
2170 1899 2277 1946 iure

197 1963 339 2014 dicas
381 1964 533 2014 verba
581 1971 732 2029 atque
774 1967 922 2015 etiam
966 1967 1055 2015 isti
1086 1966 1321 2030 di9nitati
1355 1981 1419 2014 ex
1462 1964 1717 2015 Ciceronis
1751 1969 1977 2016 oratione
2010 1964 2276 2028 removeri,

197 2046 329 2092 quae
363 2041 413 2080 et
444 2031 685 2097 librorum
721 2030 1051 2096 plurimorum
1087 2034 1386 2082 auctoritate
1407 2031 1768 2082 confirmentur
1802 2046 1851 2082 et
1883 2048 1915 2083 a
1948 2033 2275 2098 grammatico

198 2108 334 2148 certo
388 2098 676 2148 testimonio
729 2099 1101 2162 agnoscantur?
1173 2098 1297 2163 Cap.
1327 2100 1378 2151 4.
1422 2100 1471 2160 ἕ.
1509 2102 1591 2151 10.
1637 2114 1771 2149 nunc
1813 2100 2054 2150 enidius
2086 2099 2277 2149 Baitori

199 2166 513 2213 coniectura:
575 2164 787 2214 Secutus
828 2172 902 2215 est
946 2181 1130 2224 annus,
1189 2183 1306 2231 quo
1349 2181 1550 2216 causam
1593 2168 1658 2216 de
1710 2168 1940 2231 pecuniis
1981 2167 2279 2231 repetundis

203 2231 420 2281 Catilina
462 2233 612 2283 dixit.
655 2246 742 2293 co,
787 2231 840 2280 id
885 2242 962 2281 est
995 2247 1124 2293 quo,
1173 2231 1323 2281 facile
1361 2244 1478 2283 ante
1511 2248 1580 2283 ca
1616 2234 1819 2283 excidit.
1891 2232 2012 2299 Cap.
2037 2237 2085 2283 5.
2121 2234 2169 2294 §-
2195 2233 2276 2282 12.

201 2312 333 2346 nunc
367 2305 418 2348 et
451 2309 567 2348 ante
599 2299 753 2347 verba
785 2299 919 2349 inter
951 2314 1008 2349 se
1039 2300 1373 2364 pugnantibus
1408 2315 1435 2348 e
1475 2300 1588 2350 cod.
1628 2299 1931 2360 Coloniensi,
1967 2313 2119 2363 quem
2152 2312 2278 2349 con-

198 2364 312 2414 tulit
347 2364 399 2414 C.
435 2364 681 2424 Halmius,
721 2365 834 2429 ipse
867 2379 1072 2427 quoque
1105 2367 1298 2416 inserui
1333 2375 1383 2416 et
1414 2380 1527 2431 cap.
1553 2369 1603 2420 6.
1627 2366 1675 2427 §-
1705 2370 1783 2418 13.
1822 2378 2047 2417 extrema
2078 2367 2276 2430 facine-

197 2433 333 2482 rosis
375 2445 469 2496 pro
510 2433 822 2496 facinorosis
864 2448 891 2479 e
934 2432 1046 2482 cod.
1091 2432 1325 2483 Parisino
1367 2433 1557 2498 accepi.
1627 2430 1751 2499 Cap.
1776 2436 1821 2484 7.
1856 2435 1907 2495 §-
1934 2437 2014 2486 16.
2055 2434 2276 2483 dubitari

197 2498 286 2545 vix
328 2506 500 2563 potest
541 2500 663 2561 quin
694 2499 848 2548 verba
881 2513 1013 2561 quae
1046 2499 1096 2547 in
1141 2500 1399 2564 plerisouo
1440 2499 1582 2549 libris
1626 2499 1872 2550 habentur
1904 2500 2054 2551 haect
2113 2508 2276 2550 tamen

197 2571 276 2614 est
316 2568 422 2616 eius
467 2568 604 2617 modi
644 2568 880 2630 cupidus,
926 2572 982 2615 ut
1015 2575 1134 2626 etc„
1181 2579 1417 2631 corrupta
1457 2567 1578 2621 sint.
1647 2565 1748 2617 Sed
1783 2578 1946 2617 tamen
1986 2581 2087 2616 non
2123 2567 2273 2616 credo

197 2630 359 2681 locum
406 2643 729 2698 persanatum
774 2633 837 2681 iri
883 2635 1075 2683 omisso
1120 2635 1275 2683 verbo
1320 2635 1554 2697 capulus,
1599 2632 1745 2685 cuius
1789 2634 1901 2683 loco
1936 2635 2189 2698 cupidinis
2221 2634 2274 2682 in

196 2699 307 2747 cod.
346 2699 693 2750 Gemblacensi
729 2700 937 2765 legitur,
980 2700 1154 2765 potius
1196 2702 1269 2749 ita
1312 2701 1549 2750 existimo
1596 2699 1715 2749 olim
1760 2701 2034 2766 scripsisse
2078 2700 2276 2751 Cicero-

198 2779 340 2814 nem:
399 2774 564 2816 tamen
597 2774 676 2817 est
708 2768 815 2817 eius
848 2768 984 2817 modi
1014 2769 1123 2817 eius
1154 2768 1433 2831 cupiditas,
1480 2775 1534 2817 ut
1568 2778 1660 2816 etc.
1698 2768 1804 2817 eius
1837 2768 1973 2829 quod
2005 2767 2277 2817 antecessit

196 2834 463 2891 eiusmodi,
509 2833 656 2882 facile
692 2833 966 2883 oblitterari
1000 2834 1193 2898 potuit,
1238 2835 1494 2897 cupiditas
1527 2843 1696 2884 autem·
1731 2833 1876 2884 facile
1911 2836 1963 2883 in
1999 2834 2275 2900 cupidum·

199 2907 249 2945 et
283 2897 512 2963 cupidus
549 2900 733 2948 mutari
770 2900 950 2963 potuit.
1025 2900 1073 2963 θ.
1099 2900 1148 2950 8.
1194 2914 1329 2949 nunc
1371 2902 1544 2951 domus
1584 2915 1679 2965 pro
1716 2903 1889 2951 domos
1922 2917 1950 2951 e
1984 2902 2100 2955 cod.
2134 2900 2276 2949 Pari-

194 2965 309 3014 sino
342 2966 531 3029 accepi,
569 2980 874 3027 quamquam
911 2966 955 3015 is
990 2966 1116 3016 liber
1150 2967 1199 3015 in
1236 2968 1346 3015 eius
1381 2968 1520 3016 modi
1556 2968 1990 3018 terminationibus
2024 2969 2277 3018 interdum

196 3031 298 3079 sibi
332 3045 435 3080 non
470 3041 668 3081 constat
708 3042 860 3094 atque
905 3034 1054 3082 etiam
1098 3033 1167 3082 ibi
1202 3048 1263 3083 us
1295 3033 1469 3099 habet,
1527 3035 1611 3084 ubi
1644 3050 1704 3085 os
1737 3036 2025 3086 necessario
2061 3034 2277 3098 requiri·

195 3109 292 3146 tur.
363 3096 485 3163 Cap.
520 3099 568 3148 8.
604 3099 652 3159 g.
706 3101 878 3148 eadem
926 3114 1059 3149 nunc
1101 3114 1264 3164 paene
1305 3101 1532 3151 adducor
1580 3101 1632 3149 in
1678 3100 1832 3150 Ennii
1871 3103 2054 3152 verbis
2105 3115 2274 3151 veram

193 3177 327 3214 esse·
349 3167 675 3231 scripturam:
735 3166 926 3216 Medea
958 3168 1121 3217 anivno
1154 3181 1314 3232 aegro
1349 3168 1467 3234 (pro
1502 3165 1704 3233 aegra),
1754 3183 1924 3219 amore
1966 3183 2117 3219 saevo
2159 3183 2275 3219 sm-

192 3231 294 3293 οἱα,
328 3241 385 3282 ut
417 3232 569 3281 verba
594 3234 758 3284 animo
792 3246 949 3297 aem-o
983 3243 1032 3282 et
1065 3247 1242 3284 amore·
1268 3249 1419 3287 saevo
1451 3234 1581 3286 inter
1616 3250 1673 3283 se
1701 3234 2063 3300 respondeant,
2097 3248 2276 3285 verum

195 3307 360 3347 tamen
405 3299 646 3361 quoniam
680 3302 732 3348 in
778 3299 917 3347 libris
954 3310 1003 3348 et
1035 3298 1280 3351 hocloco
1315 3313 1364 3351 et
1396 3300 1511 3351 aliis
1548 3301 1694 3366 locis,
1729 3301 1815 3352 ubi
1848 3302 1974 3353 haec
2006 3301 2160 3352 verba
2179 3300 2274 3351 ad·-
