2514 3928
294 278 421 341 228
745 277 993 355 Pssoxr.
1021 276 1259 337 Almo
1287 277 1572 338 MtLoNn
1612 278 1920 340 οιιΑΤιο.
2333 294 2367 343 ι

293 429 620 494 optimatibus
651 431 812 479 tutius
844 445 959 480 esse
994 446 1110 479 enm
1134 428 1395 480 consulem
1425 432 1537 480 sine
1557 431 1752 497 collega
1773 435 1953 492 creari,
1994 440 2044 482 et
2080 448 2234 496 quum
2265 440 2365 483 tra-

292 509 424 548 ctata
460 512 521 547 ea
561 512 641 546 res
678 507 813 548 essm
847 500 901 548 in
932 507 1130 564 senatu,
1170 499 1304 549 sacto
1338 499 1393 548 in
1411 498 1478 548 M.
1510 498 1676 550 Bibuli
1719 503 2014 550 sententiam
2029 499 2083 552 S.
2118 501 2194 565 C.,
2219 501 2364 552 Pom-

293 568 439 632 peius
469 567 533 616 ab
565 567 815 632 interrege
834 564 978 622 Serv.
1017 567 1245 632 Sulpicio
1279 568 1345 617 V.
1375 567 1486 617 Kal.
1513 567 1658 619 Mart.
1695 584 1868 619 mense
1901 568 2220 621 intercalario
2252 586 2365 621 con-

292 634 373 684 sul
409 643 608 685 creatus
644 645 739 694 est,
772 637 1043 699 statimque
1068 635 1388 686 consulatum
1423 636 1554 690 iniit.
1615 638 1810 688 Deinde
1844 645 1960 702 post
1993 639 2130 688 diem
2166 639 2363 690 tertium

293 705 356 753 de
384 703 583 770 legibus
620 706 764 754 novis
804 704 1024 756 ferendis
1061 704 1279 758 rettulit:
1313 705 1442 755 duas
1479 720 1545 754 ex
1582 703 1636 755 S.
1677 705 1733 761 C.
1770 705 2125 772 promulgavit,
2160 707 2365 757 alteram

292 774 357 822 de
395 774 459 832 vi,
498 787 598 834 qua
633 774 928 824 nominatim
962 774 1171 824 caedem
1197 775 1249 822 in
1271 773 1443 838 Appia
1464 773 1552 822 via
1586 772 1768 824 factam
1801 784 1849 825 et
1880 775 2168 826 incendium
2200 777 2366 826 curiae

292 852 341 890 et
378 842 584 892 domum
624 842 693 896 M.
728 843 910 907 Lepidi
945 843 1214 907 interregis
1245 849 1594 906 oppugnatam
1633 843 2034 908 comprehendit,
2064 843 2271 894 alteram
2301 846 2366 894 de

290 911 511 969 ambitu,
551 926 769 975 poenam
808 911 1093 976 graviorem
1125 920 1175 960 et
1207 911 1424 960 formam
1453 909 1762 961 iudiciorum
1800 912 2111 962 breviorem:
2155 922 2367 977 utraque

291 980 426 1028 enim
455 978 539 1029 lex
571 981 713 1043 prius
745 987 900 1028 testes
925 979 1055 1039 dari,
1093 979 1278 1029 deinde
1313 992 1415 1028 uno
1452 978 1537 1028 die
1572 987 1724 1042 atque
1761 982 1941 1031 eodem
1974 989 2023 1030 et
2059 981 2124 1032 ab
2161 995 2367 1032 accusa·

288 1059 399 1096 tore
429 1055 479 1097 et
514 1048 577 1096 ab
613 1062 699 1097 reo
738 1048 965 1112 perorari
999 1046 1219 1106 iubebat,
1256 1048 1330 1096 ita
1363 1054 1419 1096 ut
1455 1047 1588 1097 duae
1620 1047 1775 1098 horae
1813 1051 2112 1110 accusatori,
2141 1058 2242 1099 tres
2277 1065 2366 1101 reo

289 1117 542 1168 darentur.
586 1115 675 1165 His
711 1116 910 1182 legibus
946 1116 1193 1166 obsistere
1216 1116 1287 1165 M.-
1327 1112 1526 1165 Caelius
1560 1117 1793 1168 tribunus
1831 1118 1919 1183 pl„
1959 1118 2366 1169 studiosissimus

288 1183 525 1244 Milonis,
573 1193 784 1234 conatus
832 1191 936 1244 est,
979 1185 1114 1247 quod
1145 1192 1195 1234 et
1223 1182 1550 1250 privilegium
1601 1185 1792 1236 diceret
1818 1188 1869 1236 in
1897 1185 2138 1237 Milonem
2168 1186 2288 1236 ferri
2320 1196 2366 1240 et

289 1253 479 1303 iudicia
498 1254 853 1319 praecipitari:
891 1262 941 1303 et
976 1268 1131 1315 quum
1162 1254 1474 1319 pertinacius
1509 1253 1676 1319 legem
1712 1254 1911 1306 Caelius
1944 1256 2267 1320 vituperaret,
2305 1272 2369 1306 eo

286 1324 537 1387 processit
570 1323 676 1372 irae
706 1323 976 1387 Pompeius
992 1358 1006 1382 ,
1036 1330 1092 1372 ut
1116 1323 1322 1384 diceret,
1355 1323 1399 1372 si
1430 1331 1635 1373 coactus
1669 1333 1824 1384 esset,
1858 1325 2013 1374 armis
2047 1338 2104 1373 se
2141 1339 2248 1374 rem
2270 1339 2370 1390 pu·-

292 1392 476 1440 blicam
515 1391 863 1443 defensurum.
921 1392 1152 1442 Timebat
1186 1399 1358 1442 autem
1392 1389 1661 1456 Pompeius
1698 1391 1939 1443 Milonem
1973 1408 2063 1453 seu
2101 1394 2276 1443 timere
2311 1407 2370 1443 se

290 1461 587 1511 simulabat:
634 1460 931 1526 plerumque
969 1476 1070 1510 non
1114 1461 1253 1511 domi
1287 1474 1438 1518 suae,
1483 1460 1575 1509 sed
1611 1461 1663 1509 in
1698 1461 1862 1511 hortis
1906 1462 2169 1522 manebat,
2212 1462 2371 1524 idque

289 1531 458 1594 ipsum
488 1530 540 1579 in
570 1531 934 1595 superioribuS,
962 1530 1094 1580 circa
1122 1544 1250 1592 quos
1282 1530 1436 1579 etiam
1471 1543 1659 1594 magna
1690 1545 1871 1580 manus
1903 1530 2121 1579 militum
2151 1531 2373 1580 excuba-

289 1600 394 1652 bat.
461 1597 700 1648 Senatum
733 1614 935 1662 quoque
966 1598 1122 1648 semel
1154 1605 1365 1663 repente
1395 1598 1658 1647 dimiserat
1689 1601 1982 1664 Pompeiae,
2018 1600 2155 1662 quod
2184 1600 2373 1649 diceret

261 1669 465 1729 ,timere
502 1682 557 1716 se
592 1668 858 1717 adveutum
897 1667 1119 1717 Milonis.
1192 1665 1323 1715 Dein
1352 1667 1588 1731 proximo
1625 1675 1803 1718 senatu
1837 1671 1892 1719 P.
1934 1667 2231 1718 Cornificius
2270 1667 2371 1716 ser-

290 1752 404 1785 rum
436 1735 673 1785 Milonem
719 1737 848 1785 intra
882 1737 1103 1784 tunicam
1150 1734 1339 1785 habere
1369 1735 1436 1785 ad
1472 1735 1635 1784 femur
1671 1737 1951 1802 adligatum
1990 1737 2205 1789 dixerat.
2271 1736 2363 1785 Po·

289 1805 583 1862 stulaverat‚
618 1813 673 1852 ut
707 1804 873 1853 femur
900 1804 1131 1854 nudaret.
1186 1803 1251 1852 Et
1285 1803 1370 1852 ille
1408 1804 1518 1853 sine
1550 1820 1694 1854 mora
1728 1807 1952 1855 tunicam
1984 1805 2191 1854 levarat.
2240 1804 2370 1853 Tum

291 1873 357 1921 Μ.
405 1871 577 1921 Cicero
608 1872 979 1922 exclamaverat
1026 1872 1197 1922 omnia
1242 1870 1320 1921 illi
1355 1872 1538 1922 similia
1580 1874 1789 1923 crimina
1826 1889 1940 1923 esse
1972 1889 2104 1936 quae
2139 1875 2190 1922 in
2228 1872 2374 1922 Milo-

289 1956 403 1991 nem
435 1941 718 1991 dicerentur
748 1941 865 1991 alia.

426 2010 621 2060 Deinde
644 2012 899 2060 Munatius
934 2011 1150 2061 Plancus
1185 2011 1422 2062 tribunus
1461 2011 1535 2076 pl.
1573 2012 1882 2076 produxerat
1906 2012 1960 2060 iu
1990 2013 2271 2062 contionem
2296 2011 2373 2066 M.

290 2080 561 2131 Aemilium
590 2078 964 2141 Philemonem,
1011 2088 1191 2130 notum
1238 2080 1530 2143 hominem,
1581 2081 1812 2130 libertum
1861 2081 1928 2135 M.
1962 2080 2159 2145 Lepidi.
2231 2081 2280 2128 Is
2316 2095 2378 2129 se

290 2151 487 2200 dicebat
515 2150 807 2214 pariterque
839 2163 1013 2199 secum
1051 2158 1288 2211 quattuor
1317 2149 1502 2199 liberos
1535 2149 1763 2199 homines
1793 2150 1892 2199 iter
1922 2149 2163 2198 facientes
2193 2163 2379 2213 super-

288 2219 518 2278 venisse,
551 2234 706 2280 quum
743 2217 952 2268 Clodius
986 2219 1300 2268 occideretur
1317 2255 1332 2279 ,
1369 2226 1419 2266 et
1452 2220 1515 2268 ob
1546 2217 1599 2267 id
1638 2232 1793 2281 quum
1827 2217 2249 2282 proclamassent,
2284 2219 2380 2267 ab·

293 2297 463 2351 reptos
506 2296 555 2335 et
601 2302 695 2350 per
724 2287 852 2337 duos
890 2301 1089 2336 menses
1120 2288 1173 2335 in
1218 2285 1340 2335 villa
1374 2286 1572 2336 Milonis
1621 2286 1915 2351 praeclusos
1976 2286 2165 2335 misse:
2210 2300 2379 2348 eaque

290 2372 371 2403 res
408 2370 499 2403 seu
538 2371 656 2404 vera
685 2372 774 2406 seu
813 2356 945 2405 falsa
976 2370 1212 2420 magnam
1243 2356 1487 2405 invidiam
1526 2355 1702 2404 Miloni
1746 2362 2080 2405 contraxerat.
2133 2353 2382 2415 Idemque

294 2426 553 2473 Munatius
598 2435 648 2473 et
683 2426 956 2488 Pompeius
992 2426 1179 2473 tribuni
1234 2424 1306 2488 pl.
1355 2425 1407 2471 in
1452 2436 1615 2473 rostra
1660 2424 2004 2487 produxerant
2052 2423 2381 2472 triumvirum

289 2493 559 2559 capitalem
591 2508 807 2556 eumque
845 2494 1302 2558 interrogaverant,
1344 2506 1410 2540 au
1447 2492 1675 2542 Galatam
1709 2490 1914 2540 Milonis
1946 2506 2150 2542 servum
2188 2490 2385 2540 caedes

287 2564 556 2613 facientem
629 2562 1070 2628 deprehendisset.
1153 2562 1241 2611 Ille
1287 2561 1617 2609 dormientem
1673 2559 1724 2607 in
1768 2559 1973 2609 taberna
2019 2572 2109 2622 pro
2155 2555 2385 2619 fugitivo

289 2631 595 2698 prehensum
644 2641 694 2680 et
733 2631 800 2681 ad
830 2646 885 2679 se
919 2629 1220 2694 perductum
1261 2643 1374 2678 esse
1408 2627 1758 2692 responderat.
1841 2626 2269 2677 Denuntiaverant·
2299 2629 2388 2671 ta-

289 2717 403 2751 men
434 2702 717 2761 triumviro,
754 2714 819 2750 ne
852 2713 1056 2747 servum
1091 2698 1386 2751 remitteret.
1426 2694 1529 2746 Sed
1562 2703 1766 2761 postera
1803 2694 1887 2743 die
1913 2692 2108 2745 Caelius
2136 2694 2390 2740 tribunus

291 2773 363 2835 pl.
423 2782 472 2820 et
513 2769 571 2831 Q.
615 2768 853 2819 Manilius
889 2766 1144 2817 Cumanus
1189 2766 1388 2831 collega
1427 2766 1536 2815 eius
1587 2773 1814 2828 ereptum
1863 2778 1891 2812 e
1932 2764 2082 2812 domo
2118 2761 2391 2809 triumviri

293 2855 496 2889 servum
533 2837 707 2888 Miloni
744 2836 1085 2888 reddiderant.
1157 2835 1292 2884 Haec
1329 2834 1426 2883 etsi
1469 2832 1662 2882 nullam
1694 2832 1758 2881 de
1791 2831 1874 2880 his
1912 2830 2204 2881 criminibus
2236 2843 2390 2879 meu-

291 2908 478 2955 tionem
520 2907 639 2955 fecit
672 2905 875 2968 Cicero,
916 2917 1115 2965 tamen,
1164 2903 1286 2964 quia
1317 2904 1388 2951 ita
1421 2916 1794 2968 compereram,
1833 2901 2009 2964 putavi
2055 2897 2390 2963 exponenda.

290 2976 423 3022 Inter
471 2974 661 3037 primos
706 2982 755 3022 et
788 2973 848 3031 Q.
884 2971 1158 3033 Pompeius
1196 2979 1245 3019 et
1280 2968 1334 3019 C.
1374 2968 1645 3018 Sallustius
1686 2978 1734 3019 et
1767 2968 1827 3016 Τ.
1861 2968 2118 3017 Munatius
2163 2966 2394 3017 Plancus

291 3042 483 3091 tribuni
501 3041 574 3104 pl.
606 3041 990 3089 inimicissimas
1008 3038 1271 3087 contiones
1303 3040 1368 3090 de
1389 3038 1576 3089 Milone
1610 3038 1885 3096 habebant,
1921 3036 2203 3086 invidiosas
2223 3036 2392 3084 etiarn

292 3113 357 3160 de
400 3107 668 3172 Cicerone,
716 3109 804 3170 qui
835 3105 1075 3155 Milonem
1122 3112 1261 3157 tanto
1315 3108 1484 3158 studio
1532 3105 1842 3167 defenderet,
1899 3113 2108 3167 eratque
2156 3104 2396 3153 maxima

296 3192 414 3241 pars
445 3175 780 3225 multitudinis
807 3174 1007 3224 insensa
1035 3190 1136 3224 non
1173 3175 1341 3225 solum
1365 3175 1558 3236 Miloni,
1598 3176 1689 3223 sed
1725 3175 1877 3223 etiam
1916 3182 2123 3238 propter
2155 3174 2395 3221 invisum

292 3243 631 3309 patrocinium
685 3242 932 3293 Ciceroni.
1004 3244 1189 3294 Postea
1224 3245 1500 3310 Pompeius
1558 3252 1608 3292 et
1657 3241 1928 3292 Sallustius
1991 3243 2044 3291 in
2097 3240 2398 3305 suspitione

296 3315 500 3362 fuerunt
544 3312 739 3363 redisse
786 3313 836 3361 in
883 3314 1098 3377 gratiam
1143 3329 1257 3363 cum
1290 3313 1476 3363 Milone
1521 3326 1582 3361 ac
1617 3310 1873 3361 Cicerone.
1945 3309 2164 3360 Plancus
2212 3316 2399 3357 autem

294 3380 624 3431 infestissime
654 3382 872 3446 perstitit
926 3389 1079 3445 atque
1115 3383 1166 3431 in
1195 3381 1487 3432 Ciceronem
1524 3394 1728 3442 quoque
1761 3378 2138 3428 multitudinem
2167 3378 2415 3449 instiga-¹

298 3450 385 3510 vit,
438 3450 682 3515 Pompeio
720 3458 890 3500 autem
934 3459 1225 3517 suspectum
1268 3450 1484 3500 faciebat
1518 3446 1787 3510 Milonem,
1830 3448 1899 3497 ad
1940 3446 2221 3512 perniciem
2277 3447 2401 3495 eius

296 3521 573 3581 comparari
612 3521 716 3568 vim
744 3519 1080 3570 vociferatus:
1106 3520 1478 3584 Pompeiusque
1512 3516 1574 3565 ob
1611 3530 1674 3565 ea
1707 3516 1917 3581 saepius
1947 3515 2259 3579 querebatur
2282 3513 2404 3564 fleti
