2514 3928
226 280 353 346 470
490 292 573 344 IN
600 283 683 341 Μ.
713 281 1115 344 ANTONIUM
1146 282 1430 344 ORATIO
1463 284 1887 345 PHILIPPICA
1915 284 2085 343 XIV.
2228 294 2298 349 17

224 435 457 509 Quanto
502 431 661 493 enim
702 432 968 508 honore,
1017 433 1269 508 laetitia,
1314 434 1714 509 gratulatione
1756 434 1815 495 in
1848 437 1970 498 hoc
2011 439 2332 512 templum

223 515 459 592 ingredi
487 516 712 577 debent
738 515 822 576 illi
851 517 969 592 ipsi
995 518 1176 579 huius
1203 518 1372 578 urbis
1403 518 1776 593 liberatoreS,
1799 537 1986 595 quum
2014 519 2328 581 hesterno

224 602 324 661 die
349 608 602 675 propter
626 617 837 662 eorum
863 616 964 661 res
978 609 1187 677 gestas
1205 618 1303 661 me
1327 609 1611 663 ovantem
1625 610 1685 662 et
1707 619 1902 679 prope
1928 603 2328 678 triumphan-

225 695 341 745 tem
385 685 657 760 populus
690 685 1003 745 Romanus
1045 682 1103 744 in
1137 683 1497 760 Capitolium
1542 686 1725 747 domo
1767 686 1998 757 tulerit,
2057 687 2326 748 domum

223 768 366 828 inde
416 768 768 828 reduxerit?
854 766 951 829 13.
1007 769 1068 828 ls
1117 768 1278 829 enim
1307 768 1550 830 demum
1582 777 1678 830 est
1719 786 1854 830 mea
1886 770 2141 846 quidem
2176 787 2323 832 sen·

226 850 408 912 tentia
457 850 657 913 iustus
696 850 1035 927 triumphus
1075 867 1147 912 ac
1176 867 1391 924 veruS‚
1424 870 1611 927 quum
1652 853 1810 915 bene
1841 856 1919 915 de
1944 870 2026 913 ,re
2059 854 2327 929 publica

225 932 455 996 meritis
485 934 893 996 testimonium
920 952 958 994 a
986 951 1297 996 consensu
1329 935 1587 998 civitatis
1611 938 1805 997 datur..
1891 938 2046 997 Nam
2081 937 2228 998 sive
2261 938 2322 998 in

228 1016 534 1080 communi
563 1015 788 1092 gaudIO
824 1018 1039 1094 populi
1062 1017 1322 1080 Romani
1355 1019 1459 1081 uni
1492 1021 1980 1095 gratulabantur,
2015 1036 2324 1096 magnum

226 1101 535 1176 iudicium,
565 1099 698 1161 sive
728 1100 833 1161 uni
860 1103 1085 1176 gratias
1115 1104 1405 1177 agebant,
1435 1120 1510 1165 eo
1540 1102 1754 1177 maiuS,
1791 1104 1928 1165 sive
1956 1111 2322 1180 utrumque,

228 1186 373 1246 nihil
408 1184 894 1261 magnificentius
928 1185 1260 1261 excogitari
1297 1193 1517 1262 potest.
1756 1197 1765 1206 ·

348 1270 438 1330 Tu
464 1268 643 1344 igitur
673 1268 812 1344 ipse
843 1270 921 1329 de
949 1276 1049 1331 te?
1097 1269 1318 1331 dixerit
1347 1269 1670 1346 quispiam.
1724 1270 2024 1345 Equidem
2057 1272 2319 1348 invituS,

229 1354 339 1414 sed
370 1351 628 1413 iniuriae
649 1353 828 1414 dolor
855 1352 999 1415 facit
1019 1369 1116 1414 me
1146 1362 1390 1430 praeter
1410 1353 1914 1416 consuetudinem
1942 1356 2318 1431 gloriosum.

225 1437 440 1498 Nonne
472 1435 621 1498 satis
662 1445 758 1496 est
796 1436 882 1497 ab'
917 1436 1265 1498 hominibus
1312 1436 1545 1499 virtutis
1588 1436 1816 1515 ignaris
1846 1441 2106 1514 gratiam
2151 1442 2316 1503 bene

227 1521 602 1582 merentibus
637 1537 757 1582 non
788 1520 1046 1581 referri?
1129 1521 1322 1583 Etiam
1353 1520 1411 1581 in
1444 1538 1587 1600 eos,
1610 1522 1736 1597 'qui
1767 1538 1985 1584 omnes
2021 1540 2177 1586 suas
2208 1542 2312 1586 cu-

229 1603 329 1668 ras
364 1610 420 1667 in
465 1608 553 1667 rei
584 1607 873 1683 publicae
912 1610 1112 1669 salute
1143 1607 1450 1683 deligunt,
1492 1606 1832 1679 impensius
1877 1605 2109 1665 crimen
2156 1606 2314 1665 invi-

236 1690 463 1767 diaque
493 1694 867 1767 quaeretur?
940 1696 1031 1754 ¹4.
1077 1690 1261 1752 Scitis
1308 1689 1468 1750 enim
1503 1704 1620 1765 per
1662 1690 1778 1748 hos
1825 1688 1957 1748 dies
2008 1689 2314 1752 creberri-

230 1790 392 1835 mum
427 1775 619 1836 fuisse
643 1792 1009 1846 sermonem,
1034 1792 1133 1835 me
1165 1772 1486 1843 Parilibus,
1519 1772 1623 1847 qui
1647 1772 1780 1832 dies
1806 1772 1994 1831 hodie
2018 1782 2136 1845 est,
2171 1789 2313 1835 cum

230 1858 497 1919 fascibus
541 1858 1002 1919 descensurum.
1088 1857 1167 1917 In
1192 1857 1458 1933 aliquem
1503 1856 1690 1917 credo
1740 1854 1858 1915 hoc
1896 1855 2305 1951 gladiatorem

233 1950 332 2004 aut
359 1943 652 2004 latronem
686 1949 791 2002 aut
823 1940 1134 2003 Catilinam
1191 1956 1335 2001 esse
1380 1941 1697 2014 collatum,
1737 1954 1860 2000 non
1893 1940 1953 2000 in
1988 1956 2167 2013 eum,
2203 1941 2304 2015 qui

231 2043 304 2086 ae
335 2025 483 2102 quid
516 2027 636 2087 tale
672 2024 730 2085 in
761 2042 830 2086 re
861 2025 1108 2100 publica
1135 2010 1295 2085 fieri
1299 2033 1515 2100 posset
1540 2022 1829 2084 effecerit.
1916 2026 2013 2084 An
2059 2033 2126 2085 ut
2170 2041 2305 2100 ego,

232 2110 333 2186 qui
357 2108 668 2171 Catilinam
698 2109 851 2169 haec
878 2110 1226 2171 molientem
1255 2106 1633 2181 sustulerim,
1662 2106 2015 2180 everterim,
2048 2106 2306 2168 adflixe-

227 2194 372 2269 rim,
427 2192 562 2268 ipse
612 2192 976 2254 exsisterem
1037 2200 1292 2268 repente
1343 2191 1634 2252 Catilina?
1719 2190 1951 2265 Quibus
2002 2189 2305 2266 auspiciis

230 2281 382 2338 istos
416 2278 618 2338 fasces
649 2293 845 2351 augur
871 2275 1257 2352 acciperem?
1288 2283 1587 2352 quatenus
1617 2275 1947 2335 haberem?
1976 2273 2077 2334 cui
2106 2274 2305 2336 trade·

229 2366 400 2420 rem?
486 2358 943 2435 Quemquamne
974 2359 1169 2420 fuisse
1201 2369 1323 2421 tam
1348 2361 1707 2420 sceleratum
1741 2356 1846 2432 qui
1875 2357 1996 2419 hoc
2024 2359 2303 2433 fingeret,

230 2456 349 2504 tam
392 2440 686 2503 furiosum
730 2442 835 2517 qui
882 2443 1199 2503 crederet?
1283 2443 1459 2503 Unde
1500 2441 1684 2516 igitur
1721 2441 1839 2502 ista
1876 2440 2153 2517 suspitio
2209 2440 2302 2499 vel

229 2527 436 2603 potius
463 2525 626 2586 unde
655 2527 770 2586 iste
800 2534 1045 2587 sermo?
1129 2527 1231 2586 Vl.
1281 2523 1380 2588 15.
1426 2525 1652 2598 Quum,
1695 2533 1758 2586 ut
1793 2523 1995 2597 scitiS,
2041 2525 2165 2586 hoc
2207 2522 2302 2585 tri·

230 2614 353 2673 duo
391 2611 486 2671 vel
519 2609 863 2686 quadriduo
893 2609 1081 2672 tristis
1110 2629 1147 2670 a
1174 2610 1408 2670 Mutina
1445 2611 1603 2669 fama
1633 2617 1920 2681 manaret,
1955 2607 2153 2668 inflati
2185 2608 2303 2668 lae·

229 2695 358 2756 titia
387 2702 572 2769 atque
603 2691 932 2756 insolentia
964 2692 1133 2770 impii
1165 2695 1334 2754 cives
1367 2711 1554 2754 unum
1585 2709 1656 2754 se
1684 2692 1742 2753 in
1780 2693 2001 2765 locum,
2035 2693 2116 2752 ad
2144 2690 2304 2751 illam

232 2780 463 2840 curiam
515 2776 789 2854 partibus
839 2777 1047 2853 potius
1096 2776 1229 2839 suis
1291 2794 1473 2851 quam
1520 2775 1612 2837 rei
1662 2776 1943 2852 publicae
1999 2774 2305 2836 infelicem

231 2862 702 2939 congregabant.
788 2862 879 2922 Ibi
947 2877 1136 2935 quum
1186 2861 1446 2921 consilia
1499 2859 1718 2921 inirent
1750 2861 1835 2919 de
1872 2859 2063 2919 caede
2095 2867 2309 2920 nostra

231 2947 718 3021 partirenturque
746 2945 902 3008 inter
930 2962 1000 3006 se
1030 2942 1136 3020 qui
1170 2942 1563 3020 Capitolium,
1599 2944 1703 3020 qui
1737 2950 1970 3014 rostra,
2002 2942 2110 3018 qui
2136 2940 2305 3003 urbis

230 3039 440 3104 portas
472 3037 873 3106 occuparent,
905 3029 983 3090 ad
1011 3046 1110 3089 me
1143 3045 1512 3089 concursum
1545 3029 1806 3088 futurum
1841 3025 2102 3087 civitatis
2138 3033 2307 3102 puta·

232 3113 396 3172 bant.
485 3111 660 3185 Quod
707 3122 775 3174 ut
821 3130 957 3174 cum
1000 3111 1232 3173 invidia
1269 3128 1407 3172 meo.
1452 3103 1627 3172 fieret
1667 3119 1726 3171 et
1765 3127 1903 3170 cum
1933 3109 2096 3170 vitae
2127 3109 2304 3170 etiam

237 3193 539 3269 periculo,
575 3196 793 3255 famam
817 3195 996 3258 istam
1027 3195 1282 3257 fascium
1312 3194 1801 3270 dissipaverunt:
1837 3195 2042 3254 fasces
2075 3191 2201 3268 ipsi
2231 3192 2304 3252 ad

232 3292 329 3335 me
361 3275 618 3335 delaturi
642 3277 903 3339 fuerunt.
990 3279 1166 3353 Quod
1199 3296 1384 3354 quum
1419 3285 1605 3339 esset
1619 3276 1798 3354 quasi
1827 3293 1963 3336 mea
1995 3277 2305 3338 voluntate

234 3360 486 3429 factum,
529 3366 651 3417 tum
681 3358 741 3416 in
778 3376 874 3419 me
904 3361 1167 3436 impetus
1204 3363 1646 3424 conductorum
1679 3360 1992 3423 hominum
2035 3360 2218 3437 quasi
2246 3358 2303 3418 ia

236 3449 556 3516 tyrannum
588 3440 942 3513 parabatur=
994 3460 1071 3503 ex
1109 3461 1232 3520 quo
1266 3445 1493 3506 caedes
1533 3453 1702 3505 esset
1735 3451 2007 3503 vestrum
2038 3442 2306 3502 omnium

236 3527 587 3578 consecuta.
676 3520 843 3593 Quae
885 3540 988 3584 res
1028 3527 1342 3600 patefecit,
1382 3536 1586 3603 patres
1619 3525 1978 3602 conscripti,
2032 3530 2147 3586 sed
2193 3541 2303 3585 suo
