2514 3928
201 190 283 258 58
454 192 533 250 ιΝ
574 188 1054 250 P.VAT1N1UM
1087 167 1397 248 TESTEM
1426 184 2019 248 INTERROGATIO.

369 344 440 403 ll.
471 341 530 403 4.
571 340 829 401 Nimium
862 357 930 400 es
963 341 1298 402 vehemens
1330 341 1629 416 feroxque
1662 347 1905 401 natura:
1939 359 2060 403 non
2096 353 2275 419 putus

201 431 295 490 fas
343 445 487 489 esse
534 425 786 486 verbum
835 441 912 484 ex
962 441 1068 486 ore
1113 425 1288 495 exire
1314 425 1677 501 cuiusquam
1709 425 1876 500 quod
1910 443 2031 486 non
2064 425 2271 488 iucun-

198 514 344 575 dum
384 520 443 573 et
483 508 890 571 honorificum
930 509 1007 569 ad
1052 526 1234 571 aures
1288 517 1422 570 tuas
1472 510 1729 570 accidat.
1793 509 2033 572 Venisti
2085 511 2276 572 iratus

201 596 518 657 omnibusz
569 594 736 670 quod
779 610 929 668 ego,
971 592 1150 655 simul
1196 610 1273 653 ac
1308 603 1368 654 te
1396 591 1644 668 aspexi,
1692 592 1860 668 prius
1893 611 2075 670 quam
2108 596 2276 671 loqui

197 679 480 758 coepisti,
514 696 700 755 quum
731 687 872 739 ante
902 677 1152 752 GelliuS,
1183 679 1484 739 nutricula
1520 676 1954 739 seditiosorum
1988 679 2275 755 omnium,

198 765 616 839 testimonium
646 761 911 835 diceret,
954 761 1124 823 sensi
1154 772 1339 836 atque
1369 760 1633 837 providi.
1695 762 1974 838 Repente
2004 763 2164 823 enim
2196 772 2273 838 te,

197 860 509 926 tamquam
530 863 790 922 serpens
816 863 852 906 e
874 845 1160 921 latibulis,
1182 845 1379 907 oculis
1400 844 1825 918 eminentibuS,
1858 845 2069 908 inflato
2096 849 2276 921 collO,

197 933 446 995 tumidis
483 930 828 992 cervicibus
859 929 1140 1004 intulisti,
1177 939 1244 991 ut
1273 930 1418 991 mihi
1450 939 1785 990 renovatus
1817 931 1916 992 ille
1933 937 2079 992 tuus
2102 929 2159 989 in
2188 937 2277 990 to·

202 1062 415 1078 .......
475 1016 532 1075 5.
564 1024 834 1076 veterem
867 1031 1069 1076 meum
1105 1013 1365 1075 amicum
1390 1060 1404 1084 ‚
1438 1015 1549 1075 sed
1582 1023 1781 1075 tamen
1815 1023 1982 1076 tuum
2019 1015 2272 1095 familia-

197 1118 355 1173 rem,
400 1097 816 1171 defenderim,
859 1117 1045 1175 quum
1089 1098 1148 1159 in
1196 1099 1312 1159 hac
1354 1097 1597 1160 civitate
1640 1098 2016 1174 oppugnatio
2054 1101 2270 1170 soleat,

201 1189 323 1264 qua
364 1195 426 1246 tu
459 1201 623 1246 nunc
658 1183 880 1256 uteriS‚
927 1201 1047 1253 non
1093 1200 1456 1258 numquam,
1507 1182 1787 1243 defensio
1827 1200 2151 1258 numquam
2186 1183 2271 1243 vi·

197 1273 485 1346 tuperari.
548 1269 673 1330 Sed
718 1284 949 1344 quaero
989 1286 1028 1328 a
1073 1277 1131 1330 te
1180 1285 1290 1329 cur
1331 1268 1392 1328 C.
1427 1266 1771 1328 Cornelium
1816 1283 1934 1328 non
1980 1268 2271 1329 defende-

196 1372 356 1417 rem:
404 1372 543 1415 num
588 1355 785 1429 legem
833 1353 1098 1429 aliquam
1132 1352 1452 1414 Cornelius
1483 1361 1696 1413 contra
1728 1351 2008 1428 auspicia
2041 1352 2273 1413 tulerit:

196 1457 339 1501 num
370 1441 627 1513 Aeliam,
658 1455 798 1499 num
827 1438 1059 1498 Fufiam
1094 1438 1290 1512 legem
1322 1435 1685 1512 neglexerite
1716 1454 1859 1496 num
1889 1439 2127 1497 consuli
2156 1436 2273 1496 vim

195 1523 489 1587 attulerit=
520 1540 662 1584 num
695 1522 942 1582 armatis
979 1521 1327 1583 hominibus
1358 1523 1648 1596 templum
1686 1521 1976 1582 tenuerit:
2008 1538 2149 1581 num
2185 1521 2271 1581 in-

197 1620 605 1670 tercessorem
636 1605 697 1665 vi
727 1605 1044 1666 deiecerit:
1085 1624 1225 1667 num
1260 1605 1587 1680 religiones
1626 1604 1937 1679 polluerit,
1969 1605 2271 1666 aerarium
2343 1652 2350 1661 .

196 1691 580 1764 exhauserit,
627 1706 757 1750 rem
810 1688 1117 1765 publicam
1165 1690 1527 1764 compilarit.
1593 1690 1720 1748 Tua
1768 1699 1941 1762 sunt,
1987 1699 2087 1750 tua
2130 1698 2272 1751 sunt

197 1778 350 1836 haec
392 1775 612 1835 omnia.
684 1773 964 1834 Cornelio
1012 1773 1146 1835 eius
1196 1774 1361 1836 modi
1391 1774 1537 1834 nihil
1572 1773 1876 1834 obiectum
1913 1782 2024 1834 est.
2092 1773 2272 1834 Codi-

195 1876 330 1920 cem
361 1858 588 1933 legisse
623 1857 970 1920 dicebatur:
1007 1859 1378 1919 defendebat
1406 1857 1665 1920 testibus
1701 1857 1956 1932 collegis
1986 1857 2117 1918 suis
2148 1874 2269 1918 non

198 1961 267 2005 se
297 1942 593 2004 recitandi
626 1959 814 2003 causa
846 1944 1091 2019 legisse,
1123 1944 1234 2005 sed
1264 1941 1773 2019 recognoscendi.
1820 1942 2152 2004 Constabat
2186 1952 2272 2004 ta-

196 2045 332 2089 men
381 2027 727 2089 Cornelium
767 2028 1091 2089 concilium
1137 2027 1240 2089 illo
1296 2027 1395 2089 die
1451 2025 1789 2099 dimisisse,
1841 2026 2272 2088 intercessioni

198 2111 498 2189 paruisse.
562 2112 651 2172 Tu
695 2128 872 2187 vero,
925 2112 1022 2174 cui
1068 2111 1331 2172 Cornelii
1383 2110 1665 2172 defensio
1719 2110 2036 2185 displicet,
2088 2129 2270 2188 quam

197 2197 446 2257 causam
471 2196 550 2256 ad
585 2206 879 2271 patronos
910 2206 1049 2257 tuos
1081 2204 1186 2257 aut
1216 2196 1385 2271 quod
1434 2212 1506 2257 os
1553 2196 1843 2256 adferes?
1884 2196 2109 2271 quibus
2143 2194 2271 2255 iam

197 2279 568 2358 praescribis
602 2289 829 2355 quanto
857 2279 976 2341 illis
1011 2280 1236 2356 probro
1269 2280 1533 2341 futurum
1567 2278 1663 2353 sit,
1696 2280 1748 2339 si
1777 2288 1836 2339 te
1866 2278 2267 2351 defenderint,

199 2381 388 2441 quum
432 2373 494 2425 tu
536 2364 679 2424 mihi
714 2364 979 2425 Cornelii
1018 2364 1441 2426 defensionem
1488 2365 1546 2423 in
1593 2363 1933 2424 maledictis
1980 2362 2270 2424 obiicien-

197 2452 338 2510 dam
382 2450 637 2524 putaris.
702 2448 762 2507 6.
813 2452 908 2509 Ac
936 2457 1136 2510 tamen
1180 2449 1331 2521 hoc,
1381 2448 1613 2520 Vatini,
1673 2457 2005 2518 memento,
2061 2447 2269 2522 paullo

200 2542 340 2609 post
381 2533 560 2594 istam
604 2533 1028 2594 defensionem
1068 2550 1298 2608 meam,
1344 2550 1526 2609 quam
1557 2541 1620 2592 tu
1655 2531 1835 2592 bonis
1874 2530 2020 2590 viris
2052 2530 2268 2605 displi-

196 2621 402 2679 cuisse
448 2617 633 2691 dicis,
679 2634 776 2696 me
827 2633 1011 2694 quum
1040 2616 1312 2679 universi
1346 2615 1557 2693 populi
1588 2616 1847 2676 Romani
1891 2631 2128 2675 summa
2162 2630 2269 2674 vo·

195 2705 423 2764 luntate
466 2711 588 2765 turn
632 2702 843 2780 optimi
883 2702 1187 2778 cuiusque
1229 2700 1522 2777 singulari
1552 2699 1757 2761 studio
1792 2697 2268 2774 magnificentis-

196 2786 349 2847 sime
395 2796 534 2861 post
575 2787 887 2847 bominum
932 2786 1282 2849 memoriam
1329 2786 1648 2845 consulem
1680 2784 1905 2844 factum
1937 2782 2272 2858 omniaque

194 2888 270 2930 ea
313 2886 410 2929 me
457 2872 757 2945 pudenter
799 2872 1062 2931 vivendo
1106 2878 1507 2931 consecutum
1553 2885 1724 2941 esse,
1770 2864 1929 2942 quae
1975 2876 2039 2928 tu
2072 2866 2259 2940 impu·

194 2956 411 3014 denter
440 2953 828 3015 vaticinando
866 2972 1119 3031 sperare
1153 2964 1212 3015 te
1242 2970 1432 3030 saepe
1468 2951 1696 3013 dixisti.

363 3039 461 3097 111.
520 3039 668 3097 Nam
711 3040 877 3114 quod
911 3039 1053 3099 mihi
1086 3038 1431 3099 discessum
1465 3035 1745 3098 obiecisti
1778 3053 1979 3096 meum
2012 3043 2073 3096 et
2101 3034 2269 3109 quod

194 3123 443 3197 horum,
476 3123 700 3199 quibus
732 3123 832 3183 ille
863 3124 998 3185 dies
1027 3121 1464 3183 acerbissimus
1496 3120 1634 3193 fuit,
1680 3121 1783 3195 qui
1819 3118 1979 3180 idem
2011 3116 2118 3179 tibi
2148 3119 2272 3177 lae-

194 3205 498 3279 tissimuS,
543 3209 769 3268 luctum
807 3216 868 3288 et
899 3207 1189 3283 gemitum
1226 3222 1530 3268 renovare
1561 3204 1839 3277 voluisti,
1887 3211 2117 3264 tantum
2164 3199 2270 3261 tibi

195 3292 619 3366 respondebo,
667 3306 794 3363 me,
843 3308 1031 3365 quum
1075 3299 1152 3371 tu¹
1188 3299 1561 3363 ceteraeque
1593 3288 1682 3348 rei
1730 3288 2013 3364 publicae
2057 3295 2272 3362 pestes

193 3392 498 3436 armorum
546 3392 796 3436 causam
841 3374 1252 3450 quaereretis,
1309 3381 1370 3435 et
1411 3389 1598 3449 quum
1642 3389 1753 3447 per
1791 3387 1990 3432 meum
2046 3384 2269 3429 nomen

194 3460 469 3523 fortunas
499 3459 893 3535 locupletium
925 3459 1209 3535 diripere,
1241 3456 1599 3533 sanguinem
1632 3456 1976 3533 principum
2008 3452 2274 3515 civitatis
