2514 3928
356 211 479 277 ³78
647 212 728 273 IN
757 211 838 274 M.
870 209 1275 271 ANTONIUM
1298 208 1582 274 ORATIO
1612 208 2036 270 PHILIPPICA
2062 210 2139 270 V.
2362 220 2432 274 m

358 361 581 429 neficio
610 360 749 438 quis
790 369 887 423 est
917 368 1120 423 tantus
1156 361 1358 423 honos
1393 360 1495 436 qui
1534 377 1657 421 non
1691 359 2025 421 debeatur?
2080 360 2238 421 Nam
2267 360 2326 422 si
2351 362 2428 423 M.

353 444 624 509 Antonio
656 442 960 521 patuisset
987 444 1208 518 Gallia,
1252 445 1305 505 si
1352 444 1675 520 oppressis
1703 442 2046 519 municipiis
2075 452 2137 504 et
2165 444 2429 507 coloniis

354 529 667 607 imparatis
689 527 748 588 in
781 527 943 588 illam
962 527 1231 590 ultimam
1252 527 1505 588 Galliam
1534 535 1853 604 penetrare
1876 525 2217 603 potuisset,
2244 546 2429 606 quan·

354 622 455 675 tus
484 611 575 673 rei
603 609 884 687 publicae
912 619 1109 673 terror
1135 611 1556 686 impenderet?
1607 610 1951 683 Dubitaret,
1983 611 2203 683 credo,
2247 610 2429 674 homo

356 693 809 758 amantissimis
839 695 1116 771 atque-in
1148 693 1430 755 omnibus
1473 692 1744 755 consiliis
1776 709 2078 770 praeceps
2114 700 2178 755 et
2211 694 2429 758 devius

356 795 481 840 non
511 781 709 841 solum
740 794 878 838 cum
907 780 1180 839 exercitu
1207 794 1354 849 suo,
1398 778 1511 838 sed
1553 776 1732 839 etiam
1776 793 1912 838 cum
1954 775 2120 837 omni
2150 776 2430 840 immani·

358 870 481 924 tate
520 860 841 923 barbariae
879 862 1105 923 bellum
1145 861 1371 921 inferre
1401 860 1606 934 nobis,
1649 870 1718 921 ut
1748 859 1882 923 eius
1915 862 2183 922 furorem
2214 879 2305 924 ne
2334 866 2432 925 Al·

358 946 525 1023 pium
558 946 805 1021 quidem
832 961 1005 1005 muro
1040 943 1331 1005 cohibere
1352 960 1702 1019 possemus.
1751 944 1919 1004 Haec
1942 942 2125 1019 igitur
2145 944 2435 1008 habenda

358 1028 550 1105 gratia
586 1035 681 1089 est
713 1028 786 1088 D.
814 1028 1037 1099 Bruto,
1083 1026 1191 1104 qui
1221 1027 1419 1102 illum,
1459 1028 1730 1088 nondum
1762 1025 2124 1103 interposita
2163 1028 2433 1091 auctori-

357 1120 476 1174 tate
509 1119 744 1185 vestra,
787 1126 903 1171 suo
935 1109 1193 1172 consilio
1224 1119 1410 1186 atque
1438 1110 1697 1182 iudicio,
1740 1126 1865 1171 non
1891 1118 1957 1172 ut
1983 1112 2317 1173 consulem
2345 1130 2432 1174 re·

357 1192 545 1270 cepit,
575 1194 688 1254 sed
719 1200 785 1254 ut
817 1192 1055 1255 hostem
1087 1193 1283 1255 arcuit
1309 1193 1500 1255 Gallia
1531 1210 1726 1270 seque
1750 1192 2020 1254 obsideri
2049 1211 2244 1272 quam
2280 1196 2433 1257 haue

355 1277 569 1338 urbem
599 1274 826 1338 maluit.
911 1277 1148 1338 Habeat
1192 1293 1339 1353 ergo
1377 1276 1558 1338 huius
1592 1278 1738 1339 tanti
1783 1277 1922 1338 facti
1955 1285 2213 1353 tamque
2264 1297 2431 1357 prae·

356 1359 504 1422 clari
558 1359 805 1422 decreto
854 1368 1066 1422 nostro
1120 1360 1528 1423 testimonium
1571 1361 2034 1436 sempiternum
2089 1361 2431 1438 Galliaque,

358 1460 517 1520 quae
549 1459 794 1520 semper
822 1443 1134 1519 praesidet
1159 1452 1346 1521 atque
1375 1444 1684 1519 praesedit
1710 1443 1853 1506 huic
1892 1442 2151 1521 imperio
2183 1444 2429 1508 liberta·

357 1527 523 1602 tique
559 1525 893 1600 communi,
943 1526 1155 1588 merito
1190 1542 1459 1604 vereque
1487 1528 1794 1603 laudetur,
1852 1528 2021 1605 quod
2049 1544 2125 1589 se
2153 1546 2434 1608 suasque

359 1609 523 1671 vires
560 1626 677 1672 non
718 1609 991 1684 tradidit,
1022 1611 1133 1672 sed
1167 1611 1460 1688 opposuit
1485 1609 1775 1672 Antonio.
1923 1610 1929 1615 ’

413 1753 417 1758 ,
479 1694 639 1755 XIV.
702 1692 805 1755 38.
850 1696 1055 1769 Atque
1095 1695 1272 1755 etiam
1313 1694 1395 1755 M.
1433 1694 1668 1770 Lepido
1711 1711 1824 1769 pro
1869 1693 2004 1756 eius
2050 1696 2333 1773 egregiis
2381 1697 2434 1757 in

353 1792 482 1837 rem
518 1775 822 1853 publicam
863 1775 1090 1838 meritis
1133 1777 1558 1838 decernendos
1600 1776 1869 1840 honores
1904 1794 2087 1854 quam
2119 1780 2434 1856 amplissi-

353 1875 490 1919 mos
520 1875 770 1920 censeo.
832 1859 1090 1935 Semper
1121 1859 1220 1921 ille
1251 1864 1549 1938 populum
1577 1862 1918 1923 Romanum
1947 1860 2209 1922 liberum
2244 1864 2437 1926 voluit

357 1940 807 2020 maximumque
850 1942 1089 2019 signum
1133 1942 1236 2005 illo
1281 1944 1380 2006 die
1422 1945 1591 2006 dedit
1618 1943 1946 2008 voluntatis
1975 1952 2037 2008 et
2062 1943 2292 2008 iudicii
2326 1946 2435 2021 sui,

355 2044 542 2103 quum
566 2026 832 2089 Antonio
861 2027 1143 2089 diadema
1172 2028 1417 2090 Caesari
1444 2026 1794 2106 imponente
1826 2045 1898 2091 se
1924 2027 2146 2091 avertit
2174 2031 2436 2105 gemitu·

356 2126 478 2185 que
521 2117 584 2175 et
622 2109 923 2172 maestitia
953 2111 1290 2173 declaravit
1324 2121 1615 2188 quantum
1645 2111 1896 2174 haberet
1924 2111 2136 2172 odium
2166 2115 2439 2177 servitu·

351 2193 462 2269 tis,
515 2194 1032 2270 quampopulum
1067 2196 1405 2257 Romanum
1445 2196 1699 2257 liberum
1743 2203 2023 2272 cuperet,
2076 2212 2280 2270 quam
2324 2198 2438 2271 illa,

354 2291 512 2350 quae
546 2277 791 2350 tulerat,
830 2283 1171 2352 temporum
1213 2278 1408 2354 magis
1452 2279 1818 2341 necessitate
1856 2295 2037 2356 quam
2077 2277 2328 2343 iudicio
2358 2291 2440 2344 tu·

352 2359 543 2419 iisset.
631 2358 867 2433 Quanta
897 2375 1042 2420 vero
1076 2358 1131 2421 is
1174 2362 1590 2423 moderatione
1624 2379 1777 2424 usus
1812 2362 1892 2423 sit
1920 2363 1980 2424 in
2014 2361 2119 2423 illo
2152 2370 2441 2442 tempore

351 2439 640 2521 civitatiS,
686 2442 853 2518 quod
888 2452 1031 2519 post
1058 2452 1312 2506 mortem
1343 2445 1623 2515 caesaris
1668 2453 2067 2509 consecutum
2109 2455 2248 2524 est,
2301 2447 2438 2525 quis

350 2532 626 2587 nostrum
655 2524 937 2587 oblivisci
965 2535 1211 2604 potest?
1265 2528 1487 2606 Magna
1518 2528 1703 2603 haec,
1754 2529 1869 2591 sed
1908 2529 1988 2590 ad
2018 2527 2270 2595 maiora
2303 2549 2440 2610 pro·

350 2617 523 2686 perat
552 2609 766 2672 oratio.
841 2609 943 2673 39.
990 2610 1145 2686 Quid
1175 2613 1366 2685 enim,
1409 2628 1446 2673 o
1477 2611 1540 2673 di
1566 2613 1966 2679 immortales!
2007 2612 2445 2677 admirabilius

349 2691 633 2756 omnibus
666 2693 986 2773 gentibuS‚
1033 2693 1179 2770 quid
1220 2694 1488 2772 optatius
1530 2697 1764 2771 populo
1812 2697 2089 2757 Romano
2137 2697 2445 2761 accidere

348 2778 580 2853 potuit,
610 2794 793 2854 quam
825 2794 1010 2853 quum
1039 2778 1265 2841 bellum
1289 2776 1466 2841 civile
1496 2779 1823 2840 maximum
1852 2787 2049 2853 esset,
2076 2778 2272 2845 cuius
2304 2779 2445 2845 belli

346 2858 575 2922 exitum
606 2877 821 2923 omnes
855 2860 1236 2934 timeremus,
1287 2859 1590 2936 sapientia
1632 2863 1718 2942 [et
1750 2860 2090 2941 clementia]
2120 2861 2190 2924 id
2222 2866 2449 2940 potius

346 2942 656 3019 exstingui
699 2961 884 3021 quam
922 2945 1108 3009 armis
1152 2954 1213 3006 et
1253 2945 1413 3005 ferro
1455 2961 1585 3006 rem
1624 2944 1686 3007 in
1719 2944 2043 3007 discrimen
2073 2945 2452 3017 adducere?

346 3022 522 3097 Quod
553 3025 606 3087 si
636 3026 851 3087 eadem
879 3026 1033 3088 ratio
1060 3027 1341 3089 Caesaris
1377 3027 1596 3090 fuisset
1624 3027 1687 3089 in
1715 3027 1819 3090 illo
1854 3037 2045 3091 taetro
2069 3027 2453 3109 miseroque

344 3105 537 3176 bello,
583 3115 648 3169 ut
679 3108 947 3171 omittam
976 3118 1207 3189 patrem
1228 3156 1244 3184 ,
1288 3112 1446 3174 duos
1480 3110 1585 3172 Cn.
1613 3110 1918 3188 Pompeii,
1958 3111 2181 3175 summi
2219 3122 2297 3178 et
2326 3114 2453 3181 sin·

344 3187 572 3260 gular1s
604 3187 744 3261 viri,
775 3190 937 3252 filios
968 3194 1306 3255 incolumes
1342 3194 1735 3271 haberemusz
1771 3195 1994 3271 quibus
2031 3204 2202 3257 certe
2236 3197 2453 3273 pietas

347 3269 544 3328 fraudi
588 3287 731 3331 esse
770 3288 892 3332 non
935 3275 1163 3337 debuit.
1247 3274 1491 3339 Utinam
1521 3293 1738 3340 omnes
1765 3278 1846 3340 Μ.
1869 3276 2145 3353 Lepidus
2175 3295 2449 3342 servare

348 3351 679 3426 potuissett
730 3355 1025 3417 facturum
1079 3358 1274 3420 fuisse
1323 3360 1657 3424 declaravit
1707 3361 1769 3421 in
1818 3376 1925 3435 eu,
1977 3361 2149 3436 quod
2211 3363 2450 3439 potuit,

345 3451 527 3507 quum
575 3433 720 3496 Sex.
764 3435 1119 3519 Pompeium
1153 3442 1415 3516 restituit
1443 3442 1698 3520 civitati,
1741 3443 2065 3507 maximum
2099 3459 2448 3515 ornamen-
