2514 3928
342 237 476 301 ³84
611 239 688 299 IN
714 240 794 298 Μ.
826 236 1228 298 ANTONIUM
1260 237 1545 298 ORATIO
1582 237 2006 298 PHILIPPICA
2035 240 2137 298 VI.
2365 250 2443 304 86

919 441 1019 554 Μ.
1076 472 1349 554 mm
1404 469 1827 553 clcssssoms

464 615 562 713 IN
621 619 725 713 M.
787 615 1705 855 ANTONIUZIEJKIRRTIO
1765 615 2310 713 PHILIPPICA

1409 764 1469 856 T
1540 823 1561 853 .

1039 1071 1861 1175 ARGUMENTUM.‘'

453 1250 528 1300 Eo
578 1248 689 1307 die,
755 1262 855 1310 quo
901 1247 968 1301 Μ.
1010 1247 1182 1298 Cicero
1223 1250 1539 1313 superiorem
1583 1246 1865 1297 orationem
1908 1245 1964 1295 in
2007 1252 2190 1297 senatu
2231 1246 2435 1309 habuit,

349 1320 475 1373 nihil
513 1317 796 1384 perfectum
828 1323 934 1380 est,
971 1316 1107 1380 quod
1137 1316 1199 1367 1..
1230 1318 1348 1368 Piso
1381 1317 1576 1383 legatos
1604 1316 1776 1381 potius
1809 1314 1877 1365 ad
1900 1312 1970 1364 Μ.
1995 1314 2279 1366 Antonium
2318 1317 2435 1367 mit·

350 1389 532 1440 teudos
573 1386 788 1437 censuit.
837 1385 1087 1436 Postridie
1123 1387 1231 1436 eius
1279 1387 1381 1437 diei
1415 1386 1555 1448 quod
1578 1384 1648 1436 Μ.
1682 1382 1858 1434 Cicero
1901 1382 1965 1433 de
2009 1383 2298 1435 honoribus
2348 1387 2435 1435 tri-

351 1457 568 1510 buendis
603 1461 870 1506 censuerat
907 1461 1168 1520 acceptum
1201 1463 1305 1516 ost,
1354 1454 1446 1505 sed
1478 1468 1635 1518 quum
1670 1453 1735 1504 de
1770 1452 1991 1503 Antonio
2025 1459 2328 1520 rogaretur,
2373 1469 2435 1505 ue

352 1526 597 1578 discessio
633 1539 692 1574 eo
729 1524 813 1574 die
850 1523 990 1574 fieret
1026 1538 1057 1572 a
1082 1521 1250 1575 Salvio
1277 1524 1478 1576 tribuno
1514 1522 1680 1588 plebis
1723 1521 2023 1587 impeditum
2049 1529 2146 1576 est.
2204 1522 2282 1573 Eo
2306 1538 2434 1587 quo-

347 1611 452 1659 que
486 1594 588 1654 die,
624 1595 711 1656 qui
745 1592 881 1642 hunc
914 1593 1241 1656 sequebatur,
1278 1608 1360 1643 res
1396 1593 1464 1644 ad
1492 1592 1646 1642 finem
1677 1592 1921 1657 perducta
1950 1605 2052 1641 nou
2085 1598 2181 1646 est.
2243 1591 2433 1652 Quarto

351 1667 555 1717 demum
587 1662 672 1712 die
705 1676 786 1712 res
817 1663 891 1713 ita
920 1666 1174 1712 transacta
1206 1670 1311 1724 est,
1344 1669 1401 1712 ut
1432 1669 1640 1713 senatus
1676 1661 1872 1726 legatos
1902 1658 1970 1709 ad
1992 1660 2277 1711 Antonium
2316 1662 2435 1711 mit·

348 1733 530 1784 teudos
561 1732 866 1785 decerneret.
941 1732 1014 1781 Eo
1044 1731 1130 1781 die
1162 1729 1232 1781 Μ.
1264 1729 1442 1782 Cicero
1480 1747 1512 1782 a
1547 1731 1603 1780 P.
1639 1727 1895 1794 Appuleio
1931 1729 2130 1779 tribuno
2167 1728 2346 1794 plebis
2383 1733 2435 1780 iu

350 1801 637 1853 contionem
678 1800 954 1865 productus
995 1800 1159 1865 hanc,
1201 1815 1333 1863 quae
1379 1798 1514 1851 infra
1555 1800 1746 1863 scripta
1795 1804 1872 1847 est
1889 1832 1905 1858 ,
1969 1798 2252 1850 orationem
2291 1799 2437 1864 apud

349 1868 600 1937 populum
635 1868 847 1930 habuit,
897 1868 949 1917 iu
997 1882 1097 1932 qua
1137 1869 1260 1932 quid
1292 1871 1404 1934 ipse
1440 1869 1503 1919 de
1529 1868 1777 1934 legatione
1814 1865 1880 1917 ad
1910 1866 1980 1920 Μ.
2020 1867 2305 1918 Antonium
2349 1868 2437 1919 de-

352 1937 844 1991 cretassexistimaret
890 1938 1125 2002 exposuit
1177 1938 1524 2005 populumque
1567 1939 1849 1988 Romanum
1903 1935 1971 1987 ad
2023 1938 2437 2003 recuperandam

352 2008 690 2070 tuendamque
718 2005 1002 2058 libertatem
1031 2007 1327 2058 adhortatus
1358 2014 1452 2058 est.
1944 2038 1952 2047 -

472 2145 520 2204 1.
566 2141 621 2205 1.
656 2142 883 2205 Audita
916 2143 1095 2207 vobis
1125 2160 1269 2206 esse
1305 2145 1591 2217 arbitror,
1625 2144 1917 2218 Quirites,
1950 2159 2109 2220 quae
2136 2143 2264 2205 siut
2293 2153 2436 2206 acta

351 2246 411 2292 tu
443 2233 686 2299 senatu,
727 2242 886 2302 quae
921 2226 1100 2288 suerit
1124 2227 1427 2306 cuiusque
1457 2230 1775 2291 sententia.
1846 2230 1972 2289 Res
2003 2226 2163 2288 euim
2193 2242 2280 2288 ex
2307 2228 2436 2289 Ka-

351 2311 551 2373 lendis
591 2309 888 2371 Ianuariis
944 2309 1199 2386 agitata,
1262 2314 1467 2388 paullo
1515 2319 1655 2374 ante
1697 2313 1980 2376 conlecta
2020 2320 2147 2374 est=
2221 2310 2435 2375 minus

352 2393 599 2470 quidem
630 2392 732 2453 illa
756 2408 974 2454 severe
999 2412 1181 2470 quam
1208 2396 1431 2473 decuit,
1461 2413 1582 2458 non
1607 2403 1807 2459 tamen
1829 2394 2076 2457 omnino
2098 2393 2434 2459 dissolute.

346 2479 522 2543 Mora
570 2484 666 2538 est
710 2479 912 2539 adlata
955 2478 1141 2554 bello,
1186 2497 1309 2540 non
1350 2496 1542 2543 causa
1582 2482 1838 2543 sublata.
1911 2479 2099 2554 Quam
2144 2478 2228 2541 ob
2277 2496 2430 2548 rem.

352 2562 520 2640 quod
564 2560 866 2639 quaesivit
901 2577 981 2622 ex
1017 2580 1116 2624 me
1159 2563 1224 2623 P.
1268 2564 1602 2639 Apuleius,
1643 2567 1829 2628 homo
1873 2572 1933 2626 et
1960 2561 2163 2625 multis
2195 2562 2435 2627 officiis

348 2645 495 2708 mihi
523 2654 585 2708 et
613 2663 848 2708 summa
881 2645 1281 2708 familiaritate
1310 2646 1670 2711 coniunctus
1701 2657 1763 2710 et
1791 2646 1970 2710 vobis
1993 2644 2435 2722 amicissimuS,

347 2732 430 2793 ita
457 2731 871 2807 respondebo,
909 2739 975 2792 ut
1003 2746 1093 2804 ea,
1128 2731 1350 2807 quibus
1375 2748 1498 2793 non
1523 2732 1901 2808 interfuistiS,
1931 2748 2119 2793 nosse
2145 2731 2434 2807 possitis.

348 2815 550 2877 Causa
589 2812 936 2877 fortissimis
981 2812 1354 2891 optimisque
1397 2817 1755 2879 consulibus
1795 2816 2089 2878 Kalendis
2116 2815 2431 2878 Ianuariis

349 2900 427 2958 de
461 2915 530 2958 re
562 2899 806 2972 publica
833 2896 1093 2973 primum
1122 2900 1427 2961 referendi
1463 2900 1572 2964 luit
1602 2918 1681 2961 ex
1703 2917 1810 2974 eo,
1844 2901 2014 2977 'quod
2037 2900 2435 2962 x111.Kalen·

349 2981 462 3042 das
490 2981 799 3041 lanuarias
842 2991 1093 3044 senatus
1140 3000 1236 3043 me
1282 2991 1531 3046 auctore
1566 2985 1856 3047 decrevit.
1942 2985 2002 3047 2.
2039 2985 2129 3045 Eo
2163 2985 2268 3045 die
2304 2984 2433 3061 pri-

349 3079 541 3135 mum,
603 3062 892 3139 Quirites,
947 3067 1338 3129 fundamenta
1386 3077 1529 3131 sunt
1565 3068 1723 3132 iacta
1765 3069 1853 3129 rei
1894 3069 2194 3146 publicae.
2288 3068 2435 3132 Fuit

348 3145 509 3205 enim
549 3145 735 3219 longo
776 3145 1094 3211 intervallo
1125 3150 1207 3212 ita
1235 3152 1388 3213 liber
1418 3161 1698 3228 senatuS‚
1743 3162 1812 3216 ut
1843 3170 1957 3215 vos
1986 3153 2326 3228 aliquando
2357 3154 2433 3215 li-

344 3224 476 3285 beri
518 3229 758 3288 essetis.
833 3229 984 3302 Quo‘
1010 3235 1252 3308 quidem
1294 3243 1598 3314 tempore,
1641 3237 1819 3300 etiam
1862 3236 1915 3299 si
1963 3236 2064 3298 ille
2092 3236 2232 3299 dies
2266 3238 2433 3300 vitae

346 3307 531 3368 finem
560 3309 704 3369 mihi
733 3311 1044 3392 adlaturus
1076 3326 1273 3393 esset,
1318 3320 1468 3383 satis
1500 3338 1780 3397 magnum
1816 3337 2097 3398 ceperam
2136 3321 2429 3397 fructum,

346 3407 530 3464 quum
576 3407 692 3452 vos
736 3393 1007 3456 universi
1043 3416 1166 3459 una
1205 3411 1407 3465 mente
1435 3412 1619 3481 atque
1652 3422 1808 3467 voce
1834 3404 2047 3468 iterum
2077 3422 2112 3465 a
2142 3421 2244 3467 me
2275 3422 2431 3469 con·

347 3479 649 3534 servatam
689 3490 831 3536 esse
879 3494 1007 3539 rem
1049 3483 1356 3557 publicam
1399 3488 1849 3550 conclamastiS.
1920 3490 2054 3552 Hoc
2084 3496 2297 3551 vestro
2334 3490 2426 3552 iu·
