2514 3928
292 205 416 273 256
717 203 896 269 „pao
927 201 1254 262 T.ANN10
1284 169 1587 262 ΜιιοΝΕ’
1605 199 1909 262 οιιΑτιο.
2305 211 2389 266 aa

298 373 502 434 neque
523 365 645 420 tam
675 356 1020 417 diuturnam
1053 351 1248 415 attulit
1277 351 1562 415 laetitiam
1591 367 1707 413 nec
1745 360 1987 414 tantam.
2063 351 2164 415 78.
2194 353 2381 413 Man-

296 443 438 503 date
478 439 600 501 hoc
639 437 1000 514 memoriae,
1042 437 1301 499 iudices.
1392 436 1589 512 Spero
1631 438 1821 497 multa
1867 452 1982 497 vos
2005 434 2384 512 liberosque

295 531 537 584 vestros
580 521 641 582 in
681 539 749 584 re
788 520 1033 598 publica
1072 522 1237 581 bona
1281 535 1426 580 esse
1454 518 1735 581 visuros=
1780 518 1842 579 in
1883 517 1961 580 iis
1993 518 2251 595 singulis
2289 519 2382 582 ita

294 622 538 675 semper
564 604 1018 679 existimabitiS,
1054 604 1196 666 vivo
1228 604 1293 662 P.
1326 602 1537 665 Clodio
1565 602 1711 663 nihil
1740 619 1953 664 eorum
1984 618 2098 664 vos
2121 602 2383 665 visuros

295 689 507 751 fuisse.
594 690 661 748 In
690 705 866 765 spem
897 687 1219 748 maximam
1250 696 1329 759 et,
1362 702 1544 761 quem
1573 688 1653 747 ad
1682 687 1934 748 modum
1963 686 2233 761 confido,
2261 702 2385 747 ve-

294 772 594 834 rissimam
615 790 827 834 sumus
851 771 1116 846 adducti,
1139 771 1300 831 hunc
1321 768 1526 849 ipsum
1557 786 1802 845 annum,
1823 770 1944 832 hoc
1966 770 2105 846 ipso
2131 787 2385 834 summo

293 859 425 918 viro
456 857 727 931 consule,
755 871 1113 930 compressa
1136 853 1447 915 hominum
1476 852 1752 926 licentia,
1785 852 2219 929 cupiditatibus
2251 855 2385 915 fra-

296 939 439 1013 ctiS,
488 939 723 1015 legibus
765 946 826 1000 et
871 936 1114 998 iudiciis
1145 934 1520 1012 constitutis,
1565 939 1893 999 santarem
1944 937 2172 999 civitati
2218 939 2383 998 fore.

293 1024 447 1083 Num
478 1022 617 1098 quis
648 1029 744 1083 est
770 1022 950 1096 igitur
978 1029 1098 1080 tam
1127 1020 1380 1080 demens
1423 1018 1529 1094 qui
1556 1020 1678 1081 hoc
1703 1020 1771 1078 P.
1804 1019 2018 1082 Clodio
2048 1020 2190 1082 vivo
2226 1037 2384 1082 con-

293 1106 525 1180 tingere
556 1102 838 1180 potuisse
870 1103 1233 1164 arbitretur?
1281 1101 1481 1176 Quid?
1523 1120 1631 1179 ea,
1675 1120 1836 1179 quae
1865 1104 2099 1178 tenetiS,
2133 1103 2387 1178 privata

294 1195 479 1264 atque
508 1192 746 1248 vestra
761 1186 1110 1248 dominante
1140 1186 1385 1247 homine
1428 1185 1693 1250 furioso
1710 1186 1925 1262 quod
1907 1204 2007 1248 ms
2034 1194 2384 1263 perpetuae

294 1271 716 1347 possessionis
744 1270 973 1331 habere
1001 1269 1392 1345 potuissent?
1492 1322 1495 1325 .

412 1354 620 1416 XXIX.
650 1354 784 1415 Non
814 1353 1028 1429 timeo,
1057 1353 1315 1429 iudices,
1343 1369 1423 1414 ne
1451 1351 1593 1415 odio
1618 1307 2065 1414 inimicitiarum
2098 1367 2380 1414 mearum

293 1436 702 1499 inflammatus
727 1437 1008 1500 libentius
1040 1436 1237 1498 haec
1219 1454 1282 1498 m
1313 1436 1480 1497 illum
1502 1451 1789 1498 evomere
1814 1436 2025 1496 videar
2047 1451 2231 1511 quam
2264 1452 2376 1496 ve·

301 1521 450 1582 rius.
537 1519 774 1583 Etenim
804 1521 919 1583 etsi
947 1520 1348 1597 praecipuum
1377 1535 1521 1582 esse
1551 1518 1832 1593 debebat,
1863 1528 2061 1581 tamen
2089 1518 2174 1579 ita
2203 1534 2381 1579 com—

297 1606 495 1666 munis
535 1612 668 1666 erat
711 1604 978 1666 omnium
1021 1604 1122 1664 ille
1162 1603 1390 1677 hostiS‚
1438 1611 1505 1664 ut
1546 1602 1607 1662 in
1650 1602 1958 1664 communi
1996 1603 2138 1663 odio
2169 1617 2377 1677 paene

294 1686 634 1764 aequaliter
676 1697 1022 1748 versaretur
1063 1686 1269 1747 odium
1310 1703 1528 1747 meum.
1613 1686 1749 1747 Non
1795 1694 2002 1762 potest
2041 1684 2161 1745 dici
2195 1684 2375 1757 satis,

294 1787 371 1831 ne
400 1769 651 1845 cogitari
684 1769 960 1846 quidem,
1004 1778 1298 1844 quantum
1334 1768 1395 1829 in
1426 1769 1529 1830 illo
1563 1768 1850 1843 sceleriS,
1881 1776 2172 1845 quantum
2200 1766 2375 1828 exitii

298 1852 492 1913 luerit.
530 1850 633 1914 79.
664 1851 818 1926 Quin
852 1851 942 1914 sic
971 1851 1279 1928 attendite,
1311 1850 1566 1913 iudices.
1608 1853 1844 1928 Nempe
1871 1852 2026 1914 haec
2055 1860 2151 1913 est
2180 1867 2376 1927 quae-

294 1935 410 1998 stio
451 1935 530 1996 de
584 1933 825 1997 interitu
864 1937 928 1998 P.
971 1934 1183 1998 Clodii.
1282 1935 1515 2013 Fingite
1561 1934 1780 1999 animis
1828 1974 1915 1985 —
1959 1935 2187 1997 liberae
2230 1941 2377 1997 sunl

300 2021 461 2083 enim
505 2032 757 2085 nostrae
801 2022 1207 2099 cogitationes
1248 2031 1312 2084 et
1339 2040 1502 2100 quae
1528 2026 1749 2085 volunt
1789 2020 1882 2083 sic
1917 2020 2245 2095 intuentur,
2291 2030 2369 2084 ut

301 2122 376 2166 ea
416 2106 754 2179 cernimus,
813 2123 972 2182 quae
1014 2106 1296 2168 videmus
1338 2141 1454 2173 -.
1509 2107 1720 2181 fingite
1761 2104 1947 2181 igitur
1989 2105 2362 2181 cogitatione

294 2189 618 2265 imaginem
647 2190 827 2251 huius
860 2189 1243 2252 condicionis
1275 2206 1479 2250 meae·
1512 2190 1564 2250 si
1596 2188 1830 2264 possim
1865 2190 2114 2251 efficere
2156 2196 2222 2249 ut
2252 2188 2365 2247 Mi·

295 2274 498 2334 lonem
528 2272 894 2348 absolvatiS,
935 2273 1047 2334 sed
1080 2274 1191 2346 ita,
1237 2272 1290 2332 si
1317 2273 1381 2332 Ρ.
1415 2271 1662 2335 Clodius
1691 2271 2026 2336 revixerit.
2150 2267 2373 2345 .Quid

294 2358 461 2416 vultu
475 2353 883 2417 extimuistis?
910 2372 1174 2431 quonam
1203 2357 1391 2417 modo
1418 2355 1519 2416 ille
1540 2375 1580 2415 v
1583 2374 1656 2418 os
1672 2358 1854 2419 vivus
1869 2357 2177 2430 adficeret,
2211 2371 2377 2429 quos

295 2446 569 2500 mortuus
598 2437 763 2499 inani
788 2438 1156 2515 cogitatione
1191 2438 1542 2514 percussit?
1576 2440 1775 2514 Quid?
1809 2440 1862 2502 si
1890 2440 2029 2516 ipse
2058 2440 2162 2502 Cn.
2193 2438 2376 2499 Pom-

291 2521 499 2599 peiuS,
545 2521 650 2598 qui
680 2538 756 2583 ea
783 2522 1004 2585 virtute
1036 2538 1110 2583 ac
1140 2523 1381 2584 fortuna
1415 2531 1539 2598 est,
1582 2532 1651 2585 ut
1683 2540 1757 2585 ea
1801 2523 2067 2599 potuerit
2104 2538 2377 2599 semper,

293 2622 456 2683 quae
483 2622 665 2668 nemo
702 2616 947 2683 praeter
974 2606 1172 2683 illum,
1204 2606 1257 2669 si
1287 2605 1373 2684 is,
1402 2606 1683 2683 inquam,
1713 2607 2017 2683 potuisset
2050 2615 2152 2669 aut
2181 2621 2378 2682 quae·
2406 2643 2413 2650 ·

292 2688 550 2752 stionem
593 2692 671 2751 de
713 2699 906 2754 morte
944 2690 1005 2749 P.
1045 2691 1238 2751 Clodii
1283 2692 1442 2753 ferre
1484 2699 1590 2753 aut
1616 2691 1818 2768 ipsum
1846 2692 1925 2753 ab
1959 2690 2172 2753 inferis
2201 2689 2378 2752 exci-

289 2783 447 2850 tare,
487 2782 686 2835 utrum
716 2775 942 2851 putatis
968 2774 1174 2849 potius
1205 2776 1501 2836 facturum
1537 2775 1775 2838 fuisse?
1811 2774 2009 2837 Etiam
2037 2776 2091 2838 si
2115 2783 2379 2851 propter

288 2857 609 2918 amicitiam
638 2859 822 2921 vellet
847 2856 1013 2918 illum
1043 2858 1121 2919 ab
1150 2855 1362 2918 inseris
1407 2874 1688 2930 evocare,
1716 2867 1970 2936 propter
2001 2875 2130 2921 rem
2163 2854 2371 2934 publi—

290 2955 424 2999 cam
457 2956 578 3001 non
613 2939 884 3003 fecisset.
969 2940 1118 3002 Eius
1150 2940 1333 3015 igitur
1366 2940 1576 3004 mortis
1608 2942 1837 3007 sedetis
1878 2945 2141 3018 ultoreS,
2188 2940 2371 3003 cuius

285 3024 471 3083 vitam
497 3021 551 3082 si
573 3023 797 3098 putetis
830 3040 943 3099 per
966 3040 1080 3085 vos
1102 3022 1339 3086 restitui
1369 3041 1581 3100 posse,
1612 3026 1835 3101 nolitis,
1866 3035 1927 3089 et
1949 3028 2028 3088 de
2051 3024 2185 3088 eius
2210 3041 2373 3087 nece

286 3107 409 3166 lata
431 3105 707 3180 quaestio
739 3114 863 3180 est,
906 3107 1009 3182 qui
1039 3106 1093 3168 si
1124 3107 1341 3169 eadem
1372 3110 1510 3185 lege
1543 3109 1918 3172 reviviscere
1948 3119 2199 3186 posset,
2241 3111 2372 3173 lata

287 3189 389 3249 lex
417 3205 745 3264 numquam
775 3196 961 3250 esset.
1037 3189 1233 3253 Huius
1266 3208 1412 3268 ergo
1444 3192 1795 3267 interfector
1824 3193 1878 3255 si
1908 3202 2096 3266 esset,
2125 3192 2187 3254 in
2219 3209 2375 3255 con-

285 3270 517 3334 fitendo
541 3272 618 3333 ab
641 3270 797 3334 iisne
820 3288 1081 3348 poenam
1107 3273 1360 3350 timeret,
1395 3293 1555 3352 quos
1576 3277 2001 3339 liberavisset?
2027 3276 2130 3341 80.
2151 3276 2375 3338 Graeci

285 3353 564 3416 homines
594 3355 847 3417 deorum
880 3357 1150 3420 honores
1183 3359 1450 3421 tribuunt
1478 3358 1554 3421 iis
1584 3360 1731 3421 viris
1750 3407 1766 3436 ,
1803 3361 1907 3437 qui
1935 3369 2232 3438 tyrannos
2262 3375 2378 3420 ne—

288 3446 595 3501 caverunt.
644 3438 810 3514 Quae
832 3457 947 3517 ego
977 3440 1102 3502 vidi
1127 3443 1416 3505 Athenis!
1449 3461 1608 3520 quae
1639 3443 1775 3505 aliis
1805 3444 1862 3504 in
1893 3442 2146 3505 urbibus
2182 3443 2377 3504 Grae-
