<?xml version="1.0" encoding="UTF-8"?>
<!DOCTYPE html PUBLIC "-//W3C//DTD XHTML 1.0 Transitional//EN"
    "http://www.w3.org/TR/xhtml1/DTD/xhtml1-transitional.dtd">
<html xmlns="http://www.w3.org/1999/xhtml" xml:lang="en" lang="en">
 <head>
  <title>
</title>
<meta http-equiv="Content-Type" content="text/html;charset=utf-8" />
  <meta name='ocr-system' content='tesseract 3.04.00' />
  <meta name='ocr-capabilities' content='ocr_page ocr_carea ocr_par ocr_line ocrx_word'/>
</head>
<body>
  <div class='ocr_page' id='page_1' title='image "./scriptaquaemans02cicegoog_0113.png"; bbox 0 0 2514 3928; ppageno 0'>
   <div class='ocr_carea' id='block_1_1' title="bbox 872 158 2362 251">
    <p class='ocr_par' dir='ltr' id='par_1_1' title="bbox 872 158 2362 251">
     <span class='ocr_line' id='line_1_1' title="bbox 872 158 2362 251; baseline 0.004 -8"><span class='ocrx_word' id='word_1_1' title='bbox 872 160 1037 244; x_wconf 70' lang='lat' dir='ltr'>c&#39;Ar.</span> <span class='ocrx_word' id='word_1_2' title='bbox 1069 193 1334 248; x_wconf 83' lang='lat'><strong>67—69.</strong></span> <span class='ocrx_word' id='word_1_3' title='bbox 1380 190 1432 251; x_wconf 74' lang='lat' dir='ltr'>s.</span> <span class='ocrx_word' id='word_1_4' title='bbox 1474 192 1802 247; x_wconf 60' lang='lat' dir='ltr'>iau—146.</span> <span class='ocrx_word' id='word_1_5' title='bbox 1909 158 1919 165; x_wconf 73' lang='grc'><strong>’</strong></span> <span class='ocrx_word' id='word_1_6' title='bbox 2105 174 2108 183; x_wconf 72' lang='grc'><strong>“</strong></span> <span class='ocrx_word' id='word_1_7' title='bbox 2273 184 2362 249; x_wconf 82' lang='grc'>55</span> 
     </span>
    </p>
   </div>
   <div class='ocr_carea' id='block_1_2' title="bbox 261 334 2356 3502">
    <p class='ocr_par' dir='ltr' id='par_1_2' title="bbox 286 334 2355 495">
     <span class='ocr_line' id='line_1_2' title="bbox 286 334 2355 413; baseline -0 -15"><span class='ocrx_word' id='word_1_8' title='bbox 286 335 566 398; x_wconf 74' lang='lat' dir='ltr'>auxerint</span> <span class='ocrx_word' id='word_1_9' title='bbox 591 346 696 397; x_wconf 89' lang='lat' dir='ltr'>aut</span> <span class='ocrx_word' id='word_1_10' title='bbox 725 334 1112 397; x_wconf 77' lang='lat' dir='ltr'>defenderint</span> <span class='ocrx_word' id='word_1_11' title='bbox 1138 343 1240 396; x_wconf 89' lang='lat' dir='ltr'>aut</span> <span class='ocrx_word' id='word_1_12' title='bbox 1271 337 1588 409; x_wconf 77' lang='lat' dir='ltr'>servarint,</span> <span class='ocrx_word' id='word_1_13' title='bbox 1624 351 1766 396; x_wconf 88' lang='lat' dir='ltr'>esse</span> <span class='ocrx_word' id='word_1_14' title='bbox 1797 336 2193 398; x_wconf 86' lang='lat' dir='ltr'>immortalem</span> <span class='ocrx_word' id='word_1_15' title='bbox 2225 339 2355 413; x_wconf 87' lang='lat' dir='ltr'>glo-</span> 
     </span>
     <span class='ocr_line' id='line_1_3' title="bbox 286 423 2123 495; baseline -0.005 -14"><span class='ocrx_word' id='word_1_16' title='bbox 286 423 436 482; x_wconf 85' lang='lat' dir='ltr'>riam</span> <span class='ocrx_word' id='word_1_17' title='bbox 467 429 859 481; x_wconf 78' lang='lat' dir='ltr'>consecutos,</span> <span class='ocrx_word' id='word_1_18' title='bbox 2117 484 2123 495; x_wconf 76' lang='lat'>,</span> 
     </span>
    </p>

    <p class='ocr_par' dir='ltr' id='par_1_3' title="bbox 261 501 2356 3091">
     <span class='ocr_line' id='line_1_4' title="bbox 360 501 2354 578; baseline 0.001 -14"><span class='ocrx_word' id='word_1_19' title='bbox 360 516 381 549; x_wconf 77' lang='lat'>&#39;·</span> <span class='ocrx_word' id='word_1_20' title='bbox 453 505 654 564; x_wconf 81' lang='lat' dir='ltr'>Lxlx.</span> <span class='ocrx_word' id='word_1_21' title='bbox 686 501 828 564; x_wconf 83' lang='lat'>144.</span> <span class='ocrx_word' id='word_1_22' title='bbox 871 504 995 565; x_wconf 87' lang='lat' dir='ltr'>Sed</span> <span class='ocrx_word' id='word_1_23' title='bbox 1029 520 1126 564; x_wconf 89' lang='lat' dir='ltr'>me</span> <span class='ocrx_word' id='word_1_24' title='bbox 1156 512 1440 578; x_wconf 92' lang='lat' dir='ltr'>repente,</span> <span class='ocrx_word' id='word_1_25' title='bbox 1477 502 1742 575; x_wconf 87' lang='lat' dir='ltr'>iudices,</span> <span class='ocrx_word' id='word_1_26' title='bbox 1777 505 1857 565; x_wconf 86' lang='lat' dir='ltr'>de</span> <span class='ocrx_word' id='word_1_27' title='bbox 1887 504 2354 566; x_wconf 87' lang='lat' dir='ltr'>fortissimorum</span> 
     </span>
     <span class='ocr_line' id='line_1_5' title="bbox 285 587 2354 664; baseline 0.001 -18"><span class='ocrx_word' id='word_1_28' title='bbox 285 598 346 648; x_wconf 90' lang='lat' dir='ltr'>et</span> <span class='ocrx_word' id='word_1_29' title='bbox 373 587 850 648; x_wconf 78' lang='lat' dir='ltr'>clarissimorum</span> <span class='ocrx_word' id='word_1_30' title='bbox 885 587 1106 648; x_wconf 88' lang='lat' dir='ltr'>civium</span> <span class='ocrx_word' id='word_1_31' title='bbox 1137 587 1428 662; x_wconf 78' lang='lat' dir='ltr'>dignitate</span> <span class='ocrx_word' id='word_1_32' title='bbox 1461 598 1522 648; x_wconf 89' lang='lat' dir='ltr'>et</span> <span class='ocrx_word' id='word_1_33' title='bbox 1547 587 1741 662; x_wconf 86' lang='lat' dir='ltr'>gloria</span> <span class='ocrx_word' id='word_1_34' title='bbox 1770 587 2071 648; x_wconf 84' lang='lat' dir='ltr'>dicentem</span> <span class='ocrx_word' id='word_1_35' title='bbox 2095 599 2159 650; x_wconf 92' lang='lat' dir='ltr'>et</span> <span class='ocrx_word' id='word_1_36' title='bbox 2180 591 2354 664; x_wconf 89' lang='lat' dir='ltr'>plura</span> 
     </span>
     <span class='ocr_line' id='line_1_6' title="bbox 283 671 2350 747; baseline 0.001 -15"><span class='ocrx_word' id='word_1_37' title='bbox 283 672 464 732; x_wconf 89' lang='lat' dir='ltr'>etiam</span> <span class='ocrx_word' id='word_1_38' title='bbox 501 671 706 732; x_wconf 82' lang='lat' dir='ltr'>dicere</span> <span class='ocrx_word' id='word_1_39' title='bbox 738 680 1050 746; x_wconf 88' lang='lat' dir='ltr'>parantem</span> <span class='ocrx_word' id='word_1_40' title='bbox 1082 672 1296 732; x_wconf 88' lang='lat' dir='ltr'>horum</span> <span class='ocrx_word' id='word_1_41' title='bbox 1327 680 1620 747; x_wconf 89' lang='lat' dir='ltr'>aspectus</span> <span class='ocrx_word' id='word_1_42' title='bbox 1647 672 1707 731; x_wconf 90' lang='lat' dir='ltr'>in</span> <span class='ocrx_word' id='word_1_43' title='bbox 1739 672 1877 747; x_wconf 89' lang='lat' dir='ltr'>ipso</span> <span class='ocrx_word' id='word_1_44' title='bbox 1910 689 2095 732; x_wconf 86' lang='lat' dir='ltr'>cursu</span> <span class='ocrx_word' id='word_1_45' title='bbox 2130 674 2350 734; x_wconf 87' lang='lat' dir='ltr'>oratio·</span> 
     </span>
     <span class='ocr_line' id='line_1_7' title="bbox 284 754 2350 831; baseline 0.001 -16"><span class='ocrx_word' id='word_1_46' title='bbox 284 757 381 816; x_wconf 88' lang='lat' dir='ltr'>nis</span> <span class='ocrx_word' id='word_1_47' title='bbox 414 755 739 831; x_wconf 66' lang='lat' dir='ltr'>repressit·</span> <span class='ocrx_word' id='word_1_48' title='bbox 798 756 998 816; x_wconf 87' lang='lat' dir='ltr'>Video</span> <span class='ocrx_word' id='word_1_49' title='bbox 1026 755 1089 815; x_wconf 91' lang='grc' dir='ltr'>Ρ.</span> <span class='ocrx_word' id='word_1_50' title='bbox 1135 754 1435 830; x_wconf 86' lang='lat' dir='ltr'>Sestium,</span> <span class='ocrx_word' id='word_1_51' title='bbox 1479 771 1653 816; x_wconf 89' lang='lat' dir='ltr'>meae</span> <span class='ocrx_word' id='word_1_52' title='bbox 1684 755 1929 829; x_wconf 82' lang='lat' dir='ltr'>salutiS,</span> <span class='ocrx_word' id='word_1_53' title='bbox 1977 765 2217 817; x_wconf 85' lang='lat' dir='ltr'>vestrae</span> <span class='ocrx_word' id='word_1_54' title='bbox 2246 774 2350 818; x_wconf 89' lang='lat' dir='ltr'>au-</span> 
     </span>
     <span class='ocr_line' id='line_1_8' title="bbox 280 839 2353 916; baseline 0.001 -16"><span class='ocrx_word' id='word_1_55' title='bbox 280 839 594 915; x_wconf 76' lang='lat' dir='ltr'>ctoritatiS,</span> <span class='ocrx_word' id='word_1_56' title='bbox 625 839 904 914; x_wconf 88' lang='lat' dir='ltr'>publicae</span> <span class='ocrx_word' id='word_1_57' title='bbox 927 855 1153 900; x_wconf 88' lang='lat' dir='ltr'>causae</span> <span class='ocrx_word' id='word_1_58' title='bbox 1179 840 1587 913; x_wconf 76' lang='lat' dir='ltr'>defensorem,</span> <span class='ocrx_word' id='word_1_59' title='bbox 1617 848 2155 916; x_wconf 79' lang='lat' dir='ltr'>propugnatorem,</span> <span class='ocrx_word' id='word_1_60' title='bbox 2187 848 2353 902; x_wconf 88' lang='lat' dir='ltr'>acto-</span> 
     </span>
     <span class='ocr_line' id='line_1_9' title="bbox 282 922 2346 1000; baseline 0.001 -18"><span class='ocrx_word' id='word_1_61' title='bbox 282 941 438 995; x_wconf 87' lang='lat' dir='ltr'>rem,</span> <span class='ocrx_word' id='word_1_62' title='bbox 483 940 687 984; x_wconf 85' lang='lat' dir='ltr'>reum=</span> <span class='ocrx_word' id='word_1_63' title='bbox 741 922 922 984; x_wconf 89' lang='lat' dir='ltr'>video</span> <span class='ocrx_word' id='word_1_64' title='bbox 971 924 1133 984; x_wconf 89' lang='lat' dir='ltr'>hunc</span> <span class='ocrx_word' id='word_1_65' title='bbox 1176 931 1620 1000; x_wconf 86' lang='lat' dir='ltr'>praetextatum</span> <span class='ocrx_word' id='word_1_66' title='bbox 1651 923 1788 985; x_wconf 91' lang='lat' dir='ltr'>eius</span> <span class='ocrx_word' id='word_1_67' title='bbox 1817 922 2007 984; x_wconf 86' lang='lat' dir='ltr'>filium</span> <span class='ocrx_word' id='word_1_68' title='bbox 2040 923 2237 985; x_wconf 84' lang='lat' dir='ltr'>oculis</span> <span class='ocrx_word' id='word_1_69' title='bbox 2266 925 2346 984; x_wconf 91' lang='lat' dir='ltr'>la·</span> 
     </span>
     <span class='ocr_line' id='line_1_10' title="bbox 283 1006 2351 1081; baseline 0.001 -15"><span class='ocrx_word' id='word_1_70' title='bbox 283 1007 675 1068; x_wconf 80' lang='lat' dir='ltr'>criniantibus</span> <span class='ocrx_word' id='word_1_71' title='bbox 704 1024 801 1066; x_wconf 91' lang='lat' dir='ltr'>me</span> <span class='ocrx_word' id='word_1_72' title='bbox 831 1007 1190 1068; x_wconf 80' lang='lat' dir='ltr'>intuentcm=</span> <span class='ocrx_word' id='word_1_73' title='bbox 1226 1007 1410 1068; x_wconf 90' lang='lat' dir='ltr'>video</span> <span class='ocrx_word' id='word_1_74' title='bbox 1432 1008 1739 1081; x_wconf 89' lang='lat' dir='ltr'>Milonem,</span> <span class='ocrx_word' id='word_1_75' title='bbox 1770 1006 2073 1069; x_wconf 86' lang='lat' dir='ltr'>vindicem</span> <span class='ocrx_word' id='word_1_76' title='bbox 2108 1017 2351 1069; x_wconf 85' lang='lat' dir='ltr'>vestrae</span> 
     </span>
     <span class='ocr_line' id='line_1_11' title="bbox 281 1090 2347 1161; baseline 0.001 -11"><span class='ocrx_word' id='word_1_77' title='bbox 281 1090 609 1161; x_wconf 57' lang='lat' dir='ltr'>libertam,</span> <span class='ocrx_word' id='word_1_78' title='bbox 669 1091 988 1151; x_wconf 84' lang='lat' dir='ltr'>custodem</span> <span class='ocrx_word' id='word_1_79' title='bbox 1034 1090 1250 1151; x_wconf 88' lang='lat' dir='ltr'>salutis</span> <span class='ocrx_word' id='word_1_80' title='bbox 1293 1107 1497 1161; x_wconf 91' lang='lat' dir='ltr'>meae,</span> <span class='ocrx_word' id='word_1_81' title='bbox 1550 1092 1890 1152; x_wconf 89' lang='lat' dir='ltr'>subsidium</span> <span class='ocrx_word' id='word_1_82' title='bbox 1929 1091 2232 1153; x_wconf 79' lang='lat' dir='ltr'>adflictae</span> <span class='ocrx_word' id='word_1_83' title='bbox 2261 1093 2347 1153; x_wconf 93' lang='lat' dir='ltr'>rei</span> 
     </span>
     <span class='ocr_line' id='line_1_12' title="bbox 285 1173 2346 1250; baseline 0.003 -20"><span class='ocrx_word' id='word_1_84' title='bbox 285 1175 584 1248; x_wconf 82' lang='lat' dir='ltr'>publicae,</span> <span class='ocrx_word' id='word_1_85' title='bbox 612 1173 1043 1233; x_wconf 83' lang='lat' dir='ltr'>exstinctorem</span> <span class='ocrx_word' id='word_1_86' title='bbox 1069 1173 1389 1233; x_wconf 87' lang='lat' dir='ltr'>domestici</span> <span class='ocrx_word' id='word_1_87' title='bbox 1413 1174 1727 1246; x_wconf 88' lang='lat' dir='ltr'>latrocinii,</span> <span class='ocrx_word' id='word_1_88' title='bbox 1758 1191 2179 1250; x_wconf 88' lang='lat' dir='ltr'>repressorem</span> <span class='ocrx_word' id='word_1_89' title='bbox 2210 1193 2346 1237; x_wconf 86' lang='lat' dir='ltr'>cae-</span> 
     </span>
     <span class='ocr_line' id='line_1_13' title="bbox 284 1255 2347 1334; baseline 0.002 -19"><span class='ocrx_word' id='word_1_90' title='bbox 284 1257 380 1315; x_wconf 89' lang='lat' dir='ltr'>dis</span> <span class='ocrx_word' id='word_1_91' title='bbox 413 1255 776 1327; x_wconf 80' lang='lat' dir='ltr'>cotidianae,</span> <span class='ocrx_word' id='word_1_92' title='bbox 809 1256 1198 1330; x_wconf 73' lang='lat' dir='ltr'>defensorem</span> <span class='ocrx_word' id='word_1_93' title='bbox 1230 1256 1591 1329; x_wconf 89' lang='lat' dir='ltr'>templorum</span> <span class='ocrx_word' id='word_1_94' title='bbox 1624 1265 1805 1332; x_wconf 90' lang='lat' dir='ltr'>atque</span> <span class='ocrx_word' id='word_1_95' title='bbox 1830 1267 2141 1331; x_wconf 89' lang='lat' dir='ltr'>tectorum,</span> <span class='ocrx_word' id='word_1_96' title='bbox 2175 1276 2347 1334; x_wconf 86' lang='lat' dir='ltr'>prae-</span> 
     </span>
     <span class='ocr_line' id='line_1_14' title="bbox 286 1337 2350 1410; baseline 0.002 -12"><span class='ocrx_word' id='word_1_97' title='bbox 286 1340 508 1399; x_wconf 88' lang='lat' dir='ltr'>sidium</span> <span class='ocrx_word' id='word_1_98' title='bbox 541 1337 763 1408; x_wconf 89' lang='lat' dir='ltr'>curiae‚</span> <span class='ocrx_word' id='word_1_99' title='bbox 795 1338 1172 1399; x_wconf 88' lang='lat' dir='ltr'>sordidatum</span> <span class='ocrx_word' id='word_1_100' title='bbox 1205 1347 1266 1397; x_wconf 92' lang='lat' dir='ltr'>et</span> <span class='ocrx_word' id='word_1_101' title='bbox 1285 1354 1485 1398; x_wconf 83' lang='lat' dir='ltr'>reum=</span> <span class='ocrx_word' id='word_1_102' title='bbox 1514 1338 1699 1399; x_wconf 90' lang='lat' dir='ltr'>video</span> <span class='ocrx_word' id='word_1_103' title='bbox 1720 1339 1785 1397; x_wconf 90' lang='lat' dir='ltr'>P.</span> <span class='ocrx_word' id='word_1_104' title='bbox 1808 1340 2146 1410; x_wconf 86' lang='lat' dir='ltr'>Lentulum,</span> <span class='ocrx_word' id='word_1_105' title='bbox 2176 1341 2350 1403; x_wconf 90' lang='lat' dir='ltr'>cuius</span> 
     </span>
     <span class='ocr_line' id='line_1_15' title="bbox 281 1424 2349 1499; baseline 0 -15"><span class='ocrx_word' id='word_1_106' title='bbox 281 1440 400 1498; x_wconf 86' lang='lat' dir='ltr'>ego</span> <span class='ocrx_word' id='word_1_107' title='bbox 442 1431 675 1499; x_wconf 86' lang='lat' dir='ltr'>patrem</span> <span class='ocrx_word' id='word_1_108' title='bbox 719 1424 902 1483; x_wconf 90' lang='lat' dir='ltr'>deum</span> <span class='ocrx_word' id='word_1_109' title='bbox 949 1438 1023 1482; x_wconf 91' lang='lat' dir='ltr'>ac</span> <span class='ocrx_word' id='word_1_110' title='bbox 1062 1429 1377 1499; x_wconf 85' lang='lat' dir='ltr'>parentem</span> <span class='ocrx_word' id='word_1_111' title='bbox 1422 1431 1621 1484; x_wconf 89' lang='lat' dir='ltr'>statuo</span> <span class='ocrx_word' id='word_1_112' title='bbox 1666 1424 1949 1484; x_wconf 81' lang='lat' dir='ltr'>fortunae</span> <span class='ocrx_word' id='word_1_113' title='bbox 1976 1439 2050 1483; x_wconf 88' lang='lat' dir='ltr'>ac</span> <span class='ocrx_word' id='word_1_114' title='bbox 2088 1424 2349 1485; x_wconf 90' lang='lat' dir='ltr'>nominis</span> 
     </span>
     <span class='ocr_line' id='line_1_16' title="bbox 281 1503 2352 1583; baseline 0.001 -17"><span class='ocrx_word' id='word_1_115' title='bbox 281 1507 400 1567; x_wconf 89' lang='lat' dir='ltr'>mei</span> <span class='ocrx_word' id='word_1_116' title='bbox 414 1514 476 1567; x_wconf 87' lang='lat' dir='ltr'>et</span> <span class='ocrx_word' id='word_1_117' title='bbox 498 1503 702 1566; x_wconf 85' lang='lat' dir='ltr'>fratris</span> <span class='ocrx_word' id='word_1_118' title='bbox 727 1504 1187 1578; x_wconf 62' lang='lat' dir='ltr'>liberorumque</span> <span class='ocrx_word' id='word_1_119' title='bbox 1199 1515 1573 1580; x_wconf 89' lang='lat' dir='ltr'>nostrorum,</span> <span class='ocrx_word' id='word_1_120' title='bbox 1597 1508 1655 1568; x_wconf 90' lang='lat' dir='ltr'>in</span> <span class='ocrx_word' id='word_1_121' title='bbox 1681 1508 1803 1570; x_wconf 90' lang='lat' dir='ltr'>hoc</span> <span class='ocrx_word' id='word_1_122' title='bbox 1818 1506 2045 1568; x_wconf 89' lang='lat' dir='ltr'>misero</span> <span class='ocrx_word' id='word_1_123' title='bbox 2062 1509 2352 1583; x_wconf 80' lang='lat' dir='ltr'>squalore</span> 
     </span>
     <span class='ocr_line' id='line_1_17' title="bbox 278 1589 2352 1667; baseline -0 -15"><span class='ocrx_word' id='word_1_124' title='bbox 278 1600 341 1652; x_wconf 91' lang='lat' dir='ltr'>et</span> <span class='ocrx_word' id='word_1_125' title='bbox 387 1589 706 1650; x_wconf 77' lang='lat' dir='ltr'>sordibus:</span> <span class='ocrx_word' id='word_1_126' title='bbox 752 1590 851 1650; x_wconf 89' lang='lat' dir='ltr'>cui</span> <span class='ocrx_word' id='word_1_127' title='bbox 895 1589 1182 1665; x_wconf 84' lang='lat' dir='ltr'>superior</span> <span class='ocrx_word' id='word_1_128' title='bbox 1219 1605 1419 1649; x_wconf 91' lang='lat' dir='ltr'>annus</span> <span class='ocrx_word' id='word_1_129' title='bbox 1461 1589 1622 1649; x_wconf 92' lang='lat' dir='ltr'>idem</span> <span class='ocrx_word' id='word_1_130' title='bbox 1672 1596 1733 1651; x_wconf 87' lang='lat' dir='ltr'>et</span> <span class='ocrx_word' id='word_1_131' title='bbox 1782 1589 2015 1651; x_wconf 88' lang='lat' dir='ltr'>virilem</span> <span class='ocrx_word' id='word_1_132' title='bbox 2058 1589 2250 1667; x_wconf 87' lang='lat' dir='ltr'>patris</span> <span class='ocrx_word' id='word_1_133' title='bbox 2277 1601 2352 1651; x_wconf 84' lang='lat' dir='ltr'>et</span> 
     </span>
     <span class='ocr_line' id='line_1_18' title="bbox 280 1673 2348 1750; baseline 0.001 -18"><span class='ocrx_word' id='word_1_134' title='bbox 280 1682 654 1750; x_wconf 81' lang='lat' dir='ltr'>praetextam</span> <span class='ocrx_word' id='word_1_135' title='bbox 698 1673 909 1749; x_wconf 89' lang='lat' dir='ltr'>populi</span> <span class='ocrx_word' id='word_1_136' title='bbox 954 1673 1178 1734; x_wconf 90' lang='lat' dir='ltr'>iudicio</span> <span class='ocrx_word' id='word_1_137' title='bbox 1210 1682 1416 1748; x_wconf 80' lang='lat' dir='ltr'>togam</span> <span class='ocrx_word' id='word_1_138' title='bbox 1448 1673 1713 1748; x_wconf 84' lang='lat' dir='ltr'>dederit,</span> <span class='ocrx_word' id='word_1_139' title='bbox 1757 1675 1918 1734; x_wconf 81' lang='lat' dir='ltr'>hunc</span> <span class='ocrx_word' id='word_1_140' title='bbox 1948 1675 2067 1736; x_wconf 88' lang='lat' dir='ltr'>hoc</span> <span class='ocrx_word' id='word_1_141' title='bbox 2095 1691 2265 1735; x_wconf 19' lang='lat' dir='ltr'>anno,</span> <span class='ocrx_word' id='word_1_142' title='bbox 2287 1674 2348 1735; x_wconf 87' lang='lat' dir='ltr'>in</span> 
     </span>
     <span class='ocr_line' id='line_1_19' title="bbox 278 1757 2348 1834; baseline 0.001 -16"><span class='ocrx_word' id='word_1_143' title='bbox 278 1760 391 1818; x_wconf 85' lang='lat' dir='ltr'>hac</span> <span class='ocrx_word' id='word_1_144' title='bbox 439 1768 596 1832; x_wconf 86' lang='lat' dir='ltr'>toga·</span> <span class='ocrx_word' id='word_1_145' title='bbox 627 1758 967 1832; x_wconf 85' lang='lat' dir='ltr'>rogationis</span> <span class='ocrx_word' id='word_1_146' title='bbox 1007 1757 1444 1818; x_wconf 86' lang='lat' dir='ltr'>iniustissimae</span> <span class='ocrx_word' id='word_1_147' title='bbox 1491 1757 1751 1819; x_wconf 86' lang='lat' dir='ltr'>subitam</span> <span class='ocrx_word' id='word_1_148' title='bbox 1801 1759 2190 1820; x_wconf 88' lang='lat' dir='ltr'>acerbitatem</span> <span class='ocrx_word' id='word_1_149' title='bbox 2235 1776 2348 1834; x_wconf 89' lang='lat' dir='ltr'>pro</span> 
     </span>
     <span class='ocr_line' id='line_1_20' title="bbox 285 1840 2348 1920; baseline 0.001 -20"><span class='ocrx_word' id='word_1_150' title='bbox 285 1851 454 1916; x_wconf 87' lang='lat' dir='ltr'>patre</span> <span class='ocrx_word' id='word_1_151' title='bbox 488 1841 822 1903; x_wconf 87' lang='lat' dir='ltr'>fortissimo</span> <span class='ocrx_word' id='word_1_152' title='bbox 856 1850 917 1903; x_wconf 92' lang='lat' dir='ltr'>et</span> <span class='ocrx_word' id='word_1_153' title='bbox 945 1841 1286 1902; x_wconf 88' lang='lat' dir='ltr'>clarissimo</span> <span class='ocrx_word' id='word_1_154' title='bbox 1312 1842 1447 1901; x_wconf 92' lang='lat' dir='ltr'>cive</span> <span class='ocrx_word' id='word_1_155' title='bbox 1471 1843 1920 1917; x_wconf 88' lang='lat' dir='ltr'>deprecantem.</span> <span class='ocrx_word' id='word_1_156' title='bbox 1967 1840 2108 1909; x_wconf 80' lang='lat'><strong>145.</strong></span> <span class='ocrx_word' id='word_1_157' title='bbox 2142 1846 2348 1920; x_wconf 90' lang='lat' dir='ltr'>Atque</span> 
     </span>
     <span class='ocr_line' id='line_1_21' title="bbox 278 1923 2346 2001; baseline 0.001 -15"><span class='ocrx_word' id='word_1_158' title='bbox 278 1928 376 1986; x_wconf 83' lang='lat' dir='ltr'>bic</span> <span class='ocrx_word' id='word_1_159' title='bbox 407 1934 496 1986; x_wconf 92' lang='lat' dir='ltr'>tot</span> <span class='ocrx_word' id='word_1_160' title='bbox 529 1933 591 1986; x_wconf 92' lang='lat' dir='ltr'>et</span> <span class='ocrx_word' id='word_1_161' title='bbox 621 1925 827 1986; x_wconf 90' lang='lat' dir='ltr'>talium</span> <span class='ocrx_word' id='word_1_162' title='bbox 861 1924 1088 1988; x_wconf 88' lang='lat' dir='ltr'>civium</span> <span class='ocrx_word' id='word_1_163' title='bbox 1122 1925 1397 2001; x_wconf 86' lang='lat' dir='ltr'>squalor,</span> <span class='ocrx_word' id='word_1_164' title='bbox 1427 1923 1526 1985; x_wconf 90' lang='lat' dir='ltr'>hic</span> <span class='ocrx_word' id='word_1_165' title='bbox 1555 1927 1775 1996; x_wconf 82' lang='lat' dir='ltr'>luctuS,</span> <span class='ocrx_word' id='word_1_166' title='bbox 1811 1926 1926 1986; x_wconf 88' lang='lat' dir='ltr'>hae</span> <span class='ocrx_word' id='word_1_167' title='bbox 1958 1927 2177 1988; x_wconf 89' lang='lat' dir='ltr'>sordes</span> <span class='ocrx_word' id='word_1_168' title='bbox 2207 1944 2346 1988; x_wconf 90' lang='lat' dir='ltr'>sus·</span> 
     </span>
     <span class='ocr_line' id='line_1_22' title="bbox 275 2009 2347 2086; baseline 0 -17"><span class='ocrx_word' id='word_1_169' title='bbox 275 2019 493 2086; x_wconf 88' lang='lat' dir='ltr'>ceptae</span> <span class='ocrx_word' id='word_1_170' title='bbox 534 2017 679 2069; x_wconf 91' lang='lat' dir='ltr'>sunt</span> <span class='ocrx_word' id='word_1_171' title='bbox 721 2018 971 2084; x_wconf 87' lang='lat' dir='ltr'>propter</span> <span class='ocrx_word' id='word_1_172' title='bbox 1010 2026 1195 2070; x_wconf 90' lang='lat' dir='ltr'>unum</span> <span class='ocrx_word' id='word_1_173' title='bbox 1239 2026 1368 2081; x_wconf 89' lang='lat' dir='ltr'>me,</span> <span class='ocrx_word' id='word_1_174' title='bbox 1415 2009 1554 2083; x_wconf 88' lang='lat' dir='ltr'>quia</span> <span class='ocrx_word' id='word_1_175' title='bbox 1598 2027 1693 2069; x_wconf 90' lang='lat' dir='ltr'>me</span> <span class='ocrx_word' id='word_1_176' title='bbox 1723 2010 2156 2083; x_wconf 89' lang='lat' dir='ltr'>defenderunt,</span> <span class='ocrx_word' id='word_1_177' title='bbox 2204 2010 2347 2085; x_wconf 89' lang='lat' dir='ltr'>quia</span> 
     </span>
     <span class='ocr_line' id='line_1_23' title="bbox 277 2093 2344 2170; baseline -0 -17"><span class='ocrx_word' id='word_1_178' title='bbox 277 2110 480 2153; x_wconf 86' lang='lat' dir='ltr'>meum</span> <span class='ocrx_word' id='word_1_179' title='bbox 513 2108 722 2152; x_wconf 89' lang='lat' dir='ltr'>casum</span> <span class='ocrx_word' id='word_1_180' title='bbox 755 2095 1107 2169; x_wconf 90' lang='lat' dir='ltr'>luctumque</span> <span class='ocrx_word' id='word_1_181' title='bbox 1142 2094 1498 2164; x_wconf 86' lang='lat' dir='ltr'>doluerunt,</span> <span class='ocrx_word' id='word_1_182' title='bbox 1538 2093 1679 2170; x_wconf 89' lang='lat' dir='ltr'>quia</span> <span class='ocrx_word' id='word_1_183' title='bbox 1709 2111 1807 2154; x_wconf 88' lang='lat' dir='ltr'>me</span> <span class='ocrx_word' id='word_1_184' title='bbox 1836 2094 2063 2168; x_wconf 89' lang='lat' dir='ltr'>lugenti</span> <span class='ocrx_word' id='word_1_185' title='bbox 2096 2095 2344 2168; x_wconf 88' lang='lat' dir='ltr'>patriae,</span> 
     </span>
     <span class='ocr_line' id='line_1_24' title="bbox 280 2175 2346 2251; baseline 0 -16"><span class='ocrx_word' id='word_1_186' title='bbox 280 2175 576 2251; x_wconf 81' lang='lat' dir='ltr'>flagitanti</span> <span class='ocrx_word' id='word_1_187' title='bbox 603 2175 876 2250; x_wconf 88' lang='lat' dir='ltr'>senatui,</span> <span class='ocrx_word' id='word_1_188' title='bbox 928 2176 1206 2251; x_wconf 89' lang='lat' dir='ltr'>poscenti</span> <span class='ocrx_word' id='word_1_189' title='bbox 1238 2176 1477 2247; x_wconf 89' lang='lat' dir='ltr'>Italiae,</span> <span class='ocrx_word' id='word_1_190' title='bbox 1513 2176 1687 2237; x_wconf 87' lang='lat' dir='ltr'>vobis</span> <span class='ocrx_word' id='word_1_191' title='bbox 1720 2177 2000 2237; x_wconf 90' lang='lat' dir='ltr'>omnibus</span> <span class='ocrx_word' id='word_1_192' title='bbox 2033 2177 2346 2239; x_wconf 90' lang='lat' dir='ltr'>orantibus</span> 
     </span>
     <span class='ocr_line' id='line_1_25' title="bbox 277 2259 2350 2336; baseline 0 -17"><span class='ocrx_word' id='word_1_193' title='bbox 277 2259 689 2321; x_wconf 87' lang='lat' dir='ltr'>reddiderunt.</span> <span class='ocrx_word' id='word_1_194' title='bbox 735 2260 909 2334; x_wconf 84' lang='lat' dir='ltr'>Quod</span> <span class='ocrx_word' id='word_1_195' title='bbox 940 2269 1168 2321; x_wconf 88' lang='lat' dir='ltr'>tantum</span> <span class='ocrx_word' id='word_1_196' title='bbox 1198 2261 1376 2323; x_wconf 90' lang='lat' dir='ltr'>estin</span> <span class='ocrx_word' id='word_1_197' title='bbox 1401 2277 1498 2319; x_wconf 91' lang='lat' dir='ltr'>me</span> <span class='ocrx_word' id='word_1_198' title='bbox 1521 2262 1767 2321; x_wconf 68' lang='lat' dir='ltr'>scelus?</span> <span class='ocrx_word' id='word_1_199' title='bbox 1797 2260 1943 2336; x_wconf 88' lang='lat' dir='ltr'>quid</span> <span class='ocrx_word' id='word_1_200' title='bbox 1968 2269 2131 2322; x_wconf 90' lang='lat' dir='ltr'>tanto</span> <span class='ocrx_word' id='word_1_201' title='bbox 2157 2277 2350 2336; x_wconf 91' lang='lat' dir='ltr'>opere</span> 
     </span>
     <span class='ocr_line' id='line_1_26' title="bbox 278 2343 2343 2420; baseline -0 -16"><span class='ocrx_word' id='word_1_202' title='bbox 278 2343 509 2420; x_wconf 80' lang='lat' dir='ltr'>deliqui</span> <span class='ocrx_word' id='word_1_203' title='bbox 540 2343 643 2403; x_wconf 91' lang='lat' dir='ltr'>illo</span> <span class='ocrx_word' id='word_1_204' title='bbox 679 2343 807 2414; x_wconf 91' lang='lat' dir='ltr'>die,</span> <span class='ocrx_word' id='word_1_205' title='bbox 842 2361 1026 2419; x_wconf 88' lang='lat' dir='ltr'>quum</span> <span class='ocrx_word' id='word_1_206' title='bbox 1057 2344 1136 2404; x_wconf 89' lang='lat' dir='ltr'>ad</span> <span class='ocrx_word' id='word_1_207' title='bbox 1167 2361 1283 2405; x_wconf 92' lang='lat' dir='ltr'>vos</span> <span class='ocrx_word' id='word_1_208' title='bbox 1312 2343 1567 2417; x_wconf 90' lang='lat' dir='ltr'>indicia,</span> <span class='ocrx_word' id='word_1_209' title='bbox 1609 2343 1867 2418; x_wconf 82' lang='lat' dir='ltr'>litteraS‚</span> <span class='ocrx_word' id='word_1_210' title='bbox 1914 2347 2343 2405; x_wconf 90' lang='lat' dir='ltr'>confessiones</span> 
     </span>
     <span class='ocr_line' id='line_1_27' title="bbox 277 2426 2344 2504; baseline -0 -17"><span class='ocrx_word' id='word_1_211' title='bbox 277 2428 619 2488; x_wconf 90' lang='lat' dir='ltr'>communis</span> <span class='ocrx_word' id='word_1_212' title='bbox 648 2426 817 2488; x_wconf 85' lang='lat' dir='ltr'>exitii</span> <span class='ocrx_word' id='word_1_213' title='bbox 846 2427 1064 2500; x_wconf 86' lang='lat' dir='ltr'>detuli,</span> <span class='ocrx_word' id='word_1_214' title='bbox 1099 2445 1285 2503; x_wconf 85' lang='lat' dir='ltr'>quum</span> <span class='ocrx_word' id='word_1_215' title='bbox 1314 2426 1492 2504; x_wconf 89' lang='lat' dir='ltr'>parui</span> <span class='ocrx_word' id='word_1_216' title='bbox 1524 2427 1748 2489; x_wconf 68' lang='lat' dir='ltr'>vobis?</span> <span class='ocrx_word' id='word_1_217' title='bbox 1792 2431 1887 2489; x_wconf 87' lang='lat' dir='ltr'>Ac</span> <span class='ocrx_word' id='word_1_218' title='bbox 1918 2428 1970 2489; x_wconf 86' lang='lat' dir='ltr'>si</span> <span class='ocrx_word' id='word_1_219' title='bbox 2013 2429 2344 2489; x_wconf 86' lang='lat' dir='ltr'>scelestum</span> 
     </span>
     <span class='ocr_line' id='line_1_28' title="bbox 276 2510 2347 2587; baseline -0.001 -16"><span class='ocrx_word' id='word_1_220' title='bbox 276 2518 373 2571; x_wconf 90' lang='lat' dir='ltr'>est</span> <span class='ocrx_word' id='word_1_221' title='bbox 416 2526 622 2571; x_wconf 85' lang='lat' dir='ltr'>amare</span> <span class='ocrx_word' id='word_1_222' title='bbox 660 2510 946 2587; x_wconf 87' lang='lat' dir='ltr'>patriam,</span> <span class='ocrx_word' id='word_1_223' title='bbox 991 2513 1207 2587; x_wconf 86' lang='lat' dir='ltr'>pertuli</span> <span class='ocrx_word' id='word_1_224' title='bbox 1253 2528 1590 2586; x_wconf 88' lang='lat' dir='ltr'>poenarum</span> <span class='ocrx_word' id='word_1_225' title='bbox 1630 2510 1810 2571; x_wconf 78' lang='lat' dir='ltr'>satis:</span> <span class='ocrx_word' id='word_1_226' title='bbox 1863 2527 2081 2572; x_wconf 89' lang='lat' dir='ltr'>eversa</span> <span class='ocrx_word' id='word_1_227' title='bbox 2126 2513 2347 2571; x_wconf 87' lang='lat' dir='ltr'>domus</span> 
     </span>
     <span class='ocr_line' id='line_1_29' title="bbox 274 2591 2356 2670; baseline -0 -16"><span class='ocrx_word' id='word_1_228' title='bbox 274 2602 402 2667; x_wconf 91' lang='lat' dir='ltr'>est,</span> <span class='ocrx_word' id='word_1_229' title='bbox 434 2595 714 2655; x_wconf 88' lang='lat' dir='ltr'>fortunae</span> <span class='ocrx_word' id='word_1_230' title='bbox 741 2603 1031 2667; x_wconf 86' lang='lat' dir='ltr'>vexatae,</span> <span class='ocrx_word' id='word_1_231' title='bbox 1065 2594 1345 2670; x_wconf 88' lang='lat' dir='ltr'>dissipati</span> <span class='ocrx_word' id='word_1_232' title='bbox 1375 2596 1579 2669; x_wconf 88' lang='lat' dir='ltr'>liberi,</span> <span class='ocrx_word' id='word_1_233' title='bbox 1609 2604 1845 2670; x_wconf 88' lang='lat' dir='ltr'>raptata</span> <span class='ocrx_word' id='word_1_234' title='bbox 1880 2591 2133 2667; x_wconf 89' lang='lat' dir='ltr'>coniux,</span> <span class='ocrx_word' id='word_1_235' title='bbox 2165 2595 2356 2654; x_wconf 87' lang='lat' dir='ltr'>frater</span> 
     </span>
     <span class='ocr_line' id='line_1_30' title="bbox 274 2676 2350 2754; baseline -0 -17"><span class='ocrx_word' id='word_1_236' title='bbox 274 2678 578 2753; x_wconf 79' lang='lat' dir='ltr'>optimuS,</span> <span class='ocrx_word' id='word_1_237' title='bbox 633 2676 976 2738; x_wconf 89' lang='lat' dir='ltr'>incredibili</span> <span class='ocrx_word' id='word_1_238' title='bbox 1026 2679 1251 2754; x_wconf 87' lang='lat' dir='ltr'>pietate</span> <span class='ocrx_word' id='word_1_239' title='bbox 1271 2725 1287 2751; x_wconf 91' lang='lat'>‚</span> <span class='ocrx_word' id='word_1_240' title='bbox 1337 2695 1546 2744; x_wconf 77' lang='lat' dir='ltr'>amore</span> <span class='ocrx_word' id='word_1_241' title='bbox 1597 2676 1903 2751; x_wconf 87' lang='lat' dir='ltr'>inaudito,</span> <span class='ocrx_word' id='word_1_242' title='bbox 1959 2677 2224 2738; x_wconf 89' lang='lat' dir='ltr'>maximo</span> <span class='ocrx_word' id='word_1_243' title='bbox 2282 2677 2350 2736; x_wconf 86' lang='lat' dir='ltr'>in</span> 
     </span>
     <span class='ocr_line' id='line_1_31' title="bbox 276 2761 2345 2839; baseline -0 -17"><span class='ocrx_word' id='word_1_244' title='bbox 276 2762 570 2836; x_wconf 86' lang='lat' dir='ltr'>squalore</span> <span class='ocrx_word' id='word_1_245' title='bbox 599 2762 906 2821; x_wconf 91' lang='lat' dir='ltr'>volutatus</span> <span class='ocrx_word' id='word_1_246' title='bbox 951 2770 1046 2822; x_wconf 91' lang='lat' dir='ltr'>est</span> <span class='ocrx_word' id='word_1_247' title='bbox 1084 2762 1165 2822; x_wconf 88' lang='lat' dir='ltr'>ad</span> <span class='ocrx_word' id='word_1_248' title='bbox 1206 2764 1401 2839; x_wconf 92' lang='lat' dir='ltr'>pedes</span> <span class='ocrx_word' id='word_1_249' title='bbox 1428 2761 2011 2823; x_wconf 80' lang='lat' dir='ltr'>inimicissimorum:</span> <span class='ocrx_word' id='word_1_250' title='bbox 2060 2778 2174 2837; x_wconf 90' lang='lat' dir='ltr'>ego</span> <span class='ocrx_word' id='word_1_251' title='bbox 2214 2763 2345 2837; x_wconf 89' lang='lat' dir='ltr'>pul-</span> 
     </span>
     <span class='ocr_line' id='line_1_32' title="bbox 273 2844 2343 2921; baseline 0 -17"><span class='ocrx_word' id='word_1_252' title='bbox 273 2861 386 2904; x_wconf 90' lang='lat' dir='ltr'>sus</span> <span class='ocrx_word' id='word_1_253' title='bbox 417 2845 570 2915; x_wconf 80' lang='lat' dir='ltr'>ariS,</span> <span class='ocrx_word' id='word_1_254' title='bbox 622 2845 810 2916; x_wconf 80' lang='lat' dir='ltr'>fociS,</span> <span class='ocrx_word' id='word_1_255' title='bbox 853 2844 948 2904; x_wconf 91' lang='lat' dir='ltr'>dis</span> <span class='ocrx_word' id='word_1_256' title='bbox 985 2845 1341 2920; x_wconf 81' lang='lat' dir='ltr'>penatibus,</span> <span class='ocrx_word' id='word_1_257' title='bbox 1389 2846 1717 2908; x_wconf 87' lang='lat' dir='ltr'>distractus</span> <span class='ocrx_word' id='word_1_258' title='bbox 1746 2864 1783 2905; x_wconf 89' lang='lat' dir='ltr'>a</span> <span class='ocrx_word' id='word_1_259' title='bbox 1814 2844 1997 2919; x_wconf 83' lang='lat' dir='ltr'>meiS,</span> <span class='ocrx_word' id='word_1_260' title='bbox 2040 2846 2208 2907; x_wconf 90' lang='lat' dir='ltr'>carui</span> <span class='ocrx_word' id='word_1_261' title='bbox 2238 2863 2343 2921; x_wconf 86' lang='lat' dir='ltr'>pa·</span> 
     </span>
     <span class='ocr_line' id='line_1_33' title="bbox 274 2926 2346 3006; baseline 0 -18"><span class='ocrx_word' id='word_1_262' title='bbox 274 2926 407 2995; x_wconf 84' lang='lat' dir='ltr'>tria,</span> <span class='ocrx_word' id='word_1_263' title='bbox 433 2942 636 3001; x_wconf 89' lang='lat' dir='ltr'>quam,</span> <span class='ocrx_word' id='word_1_264' title='bbox 663 2933 733 2987; x_wconf 90' lang='lat' dir='ltr'>ut</span> <span class='ocrx_word' id='word_1_265' title='bbox 754 2926 1071 2989; x_wconf 88' lang='lat' dir='ltr'>levissime</span> <span class='ocrx_word' id='word_1_266' title='bbox 1094 2927 1312 2999; x_wconf 88' lang='lat' dir='ltr'>dicam,</span> <span class='ocrx_word' id='word_1_267' title='bbox 1337 2936 1506 2988; x_wconf 87' lang='lat' dir='ltr'>certe</span> <span class='ocrx_word' id='word_1_268' title='bbox 1517 2929 1949 2991; x_wconf 82' lang='lat' dir='ltr'>defenderam:</span> <span class='ocrx_word' id='word_1_269' title='bbox 1972 2927 2198 3006; x_wconf 87' lang='lat' dir='ltr'>pertuli</span> <span class='ocrx_word' id='word_1_270' title='bbox 2210 2946 2346 2989; x_wconf 87' lang='lat' dir='ltr'>cru·</span> 
     </span>
     <span class='ocr_line' id='line_1_34' title="bbox 261 3008 2352 3091; baseline 0 -20"><span class='ocrx_word' id='word_1_271' title='bbox 261 3010 580 3091; x_wconf 11' lang='lat' dir='ltr'>*delitatem</span> <span class='ocrx_word' id='word_1_272' title='bbox 612 3008 1010 3085; x_wconf 88' lang='lat' dir='ltr'>inimicorum,</span> <span class='ocrx_word' id='word_1_273' title='bbox 1041 3011 1247 3071; x_wconf 91' lang='lat' dir='ltr'>scelus</span> <span class='ocrx_word' id='word_1_274' title='bbox 1277 3010 1643 3084; x_wconf 84' lang='lat' dir='ltr'>infidelium,</span> <span class='ocrx_word' id='word_1_275' title='bbox 1677 3013 1952 3073; x_wconf 88' lang='lat' dir='ltr'>fraudem</span> <span class='ocrx_word' id='word_1_276' title='bbox 1980 3012 2352 3074; x_wconf 74' lang='lat' dir='ltr'>invidorum.</span> 
     </span>
    </p>

    <p class='ocr_par' dir='ltr' id='par_1_4' title="bbox 274 3091 2350 3502">
     <span class='ocr_line' id='line_1_35' title="bbox 447 3091 2346 3169; baseline -0.001 -14"><span class='ocrx_word' id='word_1_277' title='bbox 447 3091 588 3155; x_wconf 79' lang='lat'><strong>146.</strong></span> <span class='ocrx_word' id='word_1_278' title='bbox 654 3092 721 3153; x_wconf 93' lang='lat' dir='ltr'>Si</span> <span class='ocrx_word' id='word_1_279' title='bbox 755 3093 874 3154; x_wconf 90' lang='lat' dir='ltr'>hoc</span> <span class='ocrx_word' id='word_1_280' title='bbox 904 3110 1028 3155; x_wconf 91' lang='lat' dir='ltr'>non</span> <span class='ocrx_word' id='word_1_281' title='bbox 1062 3102 1158 3155; x_wconf 93' lang='lat' dir='ltr'>est</span> <span class='ocrx_word' id='word_1_282' title='bbox 1186 3094 1372 3169; x_wconf 89' lang='lat' dir='ltr'>satis,</span> <span class='ocrx_word' id='word_1_283' title='bbox 1416 3096 1581 3168; x_wconf 88' lang='lat' dir='ltr'>quod</span> <span class='ocrx_word' id='word_1_284' title='bbox 1610 3097 1764 3156; x_wconf 88' lang='lat' dir='ltr'>haec</span> <span class='ocrx_word' id='word_1_285' title='bbox 1795 3095 1998 3157; x_wconf 88' lang='lat' dir='ltr'>omnia</span> <span class='ocrx_word' id='word_1_286' title='bbox 2028 3098 2231 3156; x_wconf 88' lang='lat' dir='ltr'>deleta</span> <span class='ocrx_word' id='word_1_287' title='bbox 2258 3094 2346 3153; x_wconf 85' lang='lat' dir='ltr'>vi·</span> 
     </span>
     <span class='ocr_line' id='line_1_36' title="bbox 274 3176 2346 3254; baseline 0 -17"><span class='ocrx_word' id='word_1_288' title='bbox 274 3178 497 3239; x_wconf 85' lang='lat' dir='ltr'>dentur</span> <span class='ocrx_word' id='word_1_289' title='bbox 543 3176 746 3237; x_wconf 88' lang='lat' dir='ltr'>reditu</span> <span class='ocrx_word' id='word_1_290' title='bbox 790 3192 959 3249; x_wconf 88' lang='lat' dir='ltr'>meo,</span> <span class='ocrx_word' id='word_1_291' title='bbox 1016 3178 1203 3237; x_wconf 89' lang='lat' dir='ltr'>multo</span> <span class='ocrx_word' id='word_1_292' title='bbox 1246 3177 1423 3251; x_wconf 87' lang='lat' dir='ltr'>mihi,</span> <span class='ocrx_word' id='word_1_293' title='bbox 1482 3181 1701 3249; x_wconf 88' lang='lat' dir='ltr'>multo,</span> <span class='ocrx_word' id='word_1_294' title='bbox 1752 3180 2031 3254; x_wconf 86' lang='lat' dir='ltr'>inquam,</span> <span class='ocrx_word' id='word_1_295' title='bbox 2086 3177 2346 3246; x_wconf 86' lang='lat' dir='ltr'>iudiceS‚</span> 
     </span>
     <span class='ocr_line' id='line_1_37' title="bbox 278 3259 2348 3334; baseline -0.001 -17"><span class='ocrx_word' id='word_1_296' title='bbox 278 3270 552 3334; x_wconf 83' lang='lat' dir='ltr'>praestat</span> <span class='ocrx_word' id='word_1_297' title='bbox 595 3259 656 3320; x_wconf 91' lang='lat' dir='ltr'>in</span> <span class='ocrx_word' id='word_1_298' title='bbox 705 3260 979 3321; x_wconf 87' lang='lat' dir='ltr'>eamdem</span> <span class='ocrx_word' id='word_1_299' title='bbox 1024 3260 1185 3321; x_wconf 87' lang='lat' dir='ltr'>illam</span> <span class='ocrx_word' id='word_1_300' title='bbox 1217 3260 1495 3321; x_wconf 87' lang='lat' dir='ltr'>recidere</span> <span class='ocrx_word' id='word_1_301' title='bbox 1525 3264 1860 3331; x_wconf 84' lang='lat' dir='ltr'>fortunam,</span> <span class='ocrx_word' id='word_1_302' title='bbox 1906 3277 2090 3334; x_wconf 89' lang='lat' dir='ltr'>quam</span> <span class='ocrx_word' id='word_1_303' title='bbox 2120 3266 2348 3318; x_wconf 86' lang='lat' dir='ltr'>tantam</span> 
     </span>
     <span class='ocr_line' id='line_1_38' title="bbox 276 3341 2350 3423; baseline -0.003 -21"><span class='ocrx_word' id='word_1_304' title='bbox 276 3342 605 3420; x_wconf 88' lang='lat' dir='ltr'>importare</span> <span class='ocrx_word' id='word_1_305' title='bbox 631 3342 785 3404; x_wconf 88' lang='lat' dir='ltr'>meis</span> <span class='ocrx_word' id='word_1_306' title='bbox 816 3344 1247 3404; x_wconf 86' lang='lat' dir='ltr'>defensoribus</span> <span class='ocrx_word' id='word_1_307' title='bbox 1282 3353 1344 3403; x_wconf 92' lang='lat' dir='ltr'>et</span> <span class='ocrx_word' id='word_1_308' title='bbox 1365 3343 1903 3418; x_wconf 79' lang='lat' dir='ltr'>conservatoribus</span> <span class='ocrx_word' id='word_1_309' title='bbox 1926 3341 2350 3423; x_wconf 76' lang='lat' dir='ltr'>calamitatem·</span> 
     </span>
     <span class='ocr_line' id='line_1_39' title="bbox 278 3415 2348 3502; baseline -0.007 -13"><span class='ocrx_word' id='word_1_310' title='bbox 278 3432 372 3489; x_wconf 86' lang='lat' dir='ltr'>An</span> <span class='ocrx_word' id='word_1_311' title='bbox 416 3444 532 3502; x_wconf 86' lang='lat' dir='ltr'>ego</span> <span class='ocrx_word' id='word_1_312' title='bbox 575 3427 636 3487; x_wconf 87' lang='lat' dir='ltr'>in</span> <span class='ocrx_word' id='word_1_313' title='bbox 677 3426 793 3487; x_wconf 90' lang='lat' dir='ltr'>hac</span> <span class='ocrx_word' id='word_1_314' title='bbox 837 3427 986 3487; x_wconf 88' lang='lat' dir='ltr'>urbe</span> <span class='ocrx_word' id='word_1_315' title='bbox 1027 3442 1172 3487; x_wconf 90' lang='lat' dir='ltr'>esse</span> <span class='ocrx_word' id='word_1_316' title='bbox 1217 3424 1458 3502; x_wconf 89' lang='lat' dir='ltr'>possim</span> <span class='ocrx_word' id='word_1_317' title='bbox 1503 3425 1597 3483; x_wconf 84' lang='lat' dir='ltr'>his</span> <span class='ocrx_word' id='word_1_318' title='bbox 1626 3422 1858 3497; x_wconf 76' lang='lat' dir='ltr'>pulsiS‚</span> <span class='ocrx_word' id='word_1_319' title='bbox 1902 3419 2006 3490; x_wconf 88' lang='lat' dir='ltr'>qui</span> <span class='ocrx_word' id='word_1_320' title='bbox 2035 3433 2133 3473; x_wconf 88' lang='lat' dir='ltr'>me</span> <span class='ocrx_word' id='word_1_321' title='bbox 2164 3415 2348 3468; x_wconf 76' lang='lat' dir='ltr'>huius</span> 
     </span>
    </p>
   </div>
  </div>
 </body>
</html>
