2514 3928
0 75 653 137 floe-
667 55 833 85 e-r-*ffl

122 146 165 157 ο·
179 139 2404 171 -WQ

1360 214 1394 245 l

756 369 919 430 CAP.
951 377 1214 433 σει-67.
1260 376 1312 436 s.
1344 377 1444 431 135
1466 404 1532 413 -
1556 377 1675 431 141.
2161 370 2243 432 53

185 524 346 584 ciant
377 523 676 597 honores,
710 539 789 582 ne
817 521 1105 597 attingant
1137 537 1266 581 rem
1295 520 1617 596 publicam,
1650 520 1949 598 patiantur
1980 523 2246 585 virorum

186 606 428 668 fortium
472 607 685 668 labore·
717 622 788 666 se
827 607 955 671 otio
1012 621 1127 666 suo
1161 605 1407 680 perfrui.
1473 604 1612 666 139.
1645 605 1759 679 Qui
1788 616 1987 667 autern
2019 607 2245 668 bonam

183 692 403 770 samam
434 690 765 763 bonorum,
798 705 957 766 quae
988 691 1122 750 sola
1159 705 1303 748 vere
1333 688 1528 765 gloria
1559 689 1855 749 nominari
1883 697 2104 765 potest,
2136 708 2246 752 ex-

185 783 426 849 petunt,
461 773 596 834 aliis
633 773 827 835 otium
867 789 1164 849 quaerere
1195 773 1421 835 debent
1452 781 1513 837 et
1538 775 1919 848 voluptates,
1948 791 2071 834 non
2104 774 2243 836 sibi.

184 856 538 918 Sudandum
569 867 664 919 est
691 857 767 918 iis
800 874 911 934 pro
937 857 1363 919 communibus
1395 856 1754 930 commodis,
1784 857 2106 918 adeundae
2133 858 2244 918 ini-

182 941 468 1014 micitiae,
499 943 859 1003 subeundae
891 958 1081 1017 saepe
1111 959 1221 1019 pro
1256 958 1324 1002 re
1357 941 1600 1017 publica·
1632 948 2059 1017 tempestatesz
2107 959 2246 1003 cum

178 1025 382 1087 multis
417 1025 786 1100 audacibuS,
816 1024 1140 1104 improbi8‚
1170 1026 1294 1088 non
1325 1042 1654 1100 numquam
1686 1025 1863 1086 etiam
1897 1026 2245 1100 potentibus

177 1110 608 1171 dimicandum.
708 1112 874 1171 Haec
924 1109 1271 1172 audivimus
1323 1110 1401 1169 de
1452 1108 1926 1172 clarissimorum
1973 1109 2243 1170 virorum

176 1194 453 1256 consiliis
501 1204 561 1256 et
604 1192 808 1255 factis:
859 1194 1012 1254 haec
1053 1195 1436 1269 accepimus,
1480 1193 1634 1254 haec
1678 1193 1955 1269 legimuS.
2025 1193 2243 1270 Neque

175 1295 289 1340 eos
334 1277 395 1337 in
442 1279 622 1338 laude
656 1277 892 1353 positos
922 1277 1232 1351 videmuS,
1277 1276 1383 1352 qui
1412 1276 1737 1338 incitarunt
1766 1277 2098 1352 aliquando
2133 1293 2243 1354 po-

102 1416 105 1419 .
179 1362 308 1436 puli
336 1361 576 1421 animos
607 1363 683 1420 ad
715 1359 1094 1431 seditionem,
1127 1369 1231 1420 aut
1260 1361 1365 1435 qui
1386 1360 1702 1434 largitione
1725 1371 2052 1422 caecarunt
2076 1378 2244 1422 men-

134 1495 140 1502 .
181 1454 276 1505 tes
307 1443 756 1518 imperitorum,
808 1452 913 1504 aut
955 1442 1059 1518 qui
1106 1444 1297 1504 fortes
1341 1451 1402 1503 et
1442 1444 1640 1503 claros
1686 1443 1856 1504 viros
1891 1453 1951 1505 et
1976 1445 2135 1505 bene
2165 1446 2245 1506 de

182 1544 251 1588 re
295 1525 544 1603 publiea
584 1527 832 1587 meritos
869 1526 930 1586 in
971 1525 1262 1586 invidiam
1292 1525 1556 1600 aliquam
1590 1534 1980 1587 vocaverunt.
2043 1529 2245 1589 Leves

182 1611 300 1673 hos
345 1627 591 1686 semper
621 1610 813 1671 nostri
842 1609 1121 1672 homines
1153 1618 1215 1671 et
1241 1609 1511 1670 audaces
1542 1617 1603 1670 et
1632 1611 1827 1669 malos
1855 1616 1916 1669 et
1944 1610 2246 1684 pernicio-

181 1712 292 1757 sos
323 1695 493 1756 cives
527 1703 906 1771 putaverunt.
967 1697 1050 1756 At
1090 1710 1238 1755 vero
1290 1692 1395 1769 qui
1428 1693 1646 1754 horum
1676 1692 1939 1769 impetus
1973 1702 2034 1754 et
2061 1710 2242 1754 cona·

181 1787 281 1840 tus
329 1788 786 1853 represserunt,
831 1778 936 1854 qui
975 1777 1367 1853 auctoritate,
1410 1778 1515 1854 qui
1542 1779 1696 1851 fide,
1747 1776 1852 1853 qui
1882 1778 2243 1851 constantia,

181 1862 286 1939 qui
315 1863 739 1938 magnitudine·
757 1862 939 1923 animi
971 1861 1244 1925 consiliis
1273 1852 1595 1923 audacium
1620 1861 1987 1937 restiterunt,
2019 1861 2080 1922 hi
2109 1879 2243 1939 gra-

182 1963 326 2021 veS‚
361 1947 422 2007 hi
448 1947 789 2024 principes,
836 1947 895 2007 hi
925 1949 1149 2018 duceS‚
1201 1946 1262 2007 hi
1290 1955 1575 2008 auctores
1607 1945 1787 2007 huius
1820 1946 2126 2022 dignitatis
2157 1956 2233 2009 αι·

182 2047 305 2107 que
346 2031 582 2107 imperii
613 2048 857 2107 semper
885 2032 1072 2093 habiti
1102 2040 1262 2092 sunt.

348 2115 584 2180 LXVII.
619 2116 759 2176 140.
814 2118 906 2175 Ac
937 2132 1016 2175 ne
1047 2116 1184 2191 quis
1215 2132 1296 2175 ex
1324 2123 1533 2176 nostro
1564 2125 1669 2176 aut
1697 2116 2037 2191 aliquorum
2068 2132 2244 2191 prae·

182 2207 350 2259 terea
379 2214 528 2259 casu
555 2199 714 2259 hanc
744 2200 904 2259 vitae
935 2198 1095 2259 viam
1131 2199 1538 2274 pertimescat,
1567 2211 1726 2260 unus
1755 2200 1813 2259 in
1847 2200 1960 2259 hac
1983 2198 2246 2274 civitate,

183 2298 367 2358 quem
398 2281 642 2357 quidem
675 2299 789 2357 ego
816 2299 1070 2358 possum
1094 2282 1321 2355 dicere,
1356 2284 1667 2357 praeclare
1697 2283 1789 2343 vir
1810 2284 1889 2342 de
1911 2299 1977 2343 re
2004 2281 2247 2357 publica

183 2365 450 2439 merituS,
481 2366 549 2424 L.
577 2365 869 2441 Opimius,
897 2365 1321 2441 indignissime
1356 2366 1651 2427 concidit=
1683 2366 1859 2427 cuius
1891 2382 2244 2427 monumen·

184 2458 306 2509 tum
350 2450 807 2511 celeberrimum
853 2450 911 2509 in
947 2451 1110 2522 soro,
1158 2452 1507 2526 sepulcrum
1544 2450 2024 2511 desertissimum
2062 2450 2121 2511 in
2152 2449 2244 2510 lit—

184 2540 316 2593 tore
349 2533 736 2609 Dyrrachino
782 2536 1059 2597 relictum
1107 2544 1222 2597 est.
1319 2536 1523 2609 Atque
1553 2534 1713 2594 hunc
1745 2542 1942 2594 tamen
1979 2534 2241 2609 flagran-

186 2626 301 2676 tem
324 2615 552 2677 invidia
578 2628 829 2693 propter
854 2617 1160 2679 interitum
1183 2618 1244 2678 C.
1262 2617 1519 2678 Gracchi
1544 2634 1789 2693 semper
1817 2618 1953 2693 ipse
1978 2618 2246 2693 populus

184 2701 496 2761 Romanus
549 2701 821 2777 periculo
867 2701 1176 2762 liberavitz
1219 2702 1336 2761 alia
1377 2703 1676 2778 quaedam
1708 2700 1905 2779 civem
1935 2702 2246 2776 egregium

183 2782 377 2859 iniqui
419 2783 625 2845 iudicii
666 2786 936 2862 procella
982 2785 1288 2860 pervertit.
1382 2785 1580 2848 Ceteri
1623 2801 1768 2845 vero
1798 2793 1902 2845 aut
1928 2784 2250 2859 repentina

182 2866 243 2926 vi
274 2868 542 2941 perculsi
571 2884 644 2928 ac
674 2877 1032 2943 tempestate
1064 2867 1348 2944 populari
1371 2886 1484 2945 per
1509 2871 1799 2944 populum
1824 2878 2018 2929 tamen
2046 2868 2249 2943 ipsum

182 2953 442 3012 recreati
485 2960 628 3013 sunt
667 2960 850 3027 atque
889 2952 1162 3014 revocati
1190 2960 1295 3014 aut
1324 2953 1569 3020 omnino
1603 2952 1963 3012 invulnerati
1992 2951 2245 3015 inviola-

186 3034 352 3110 tique
381 3034 680 3097 vixerunt.
741 3039 819 3097 At
848 3053 996 3097 vero
1031 3037 1086 3110 ii,
1119 3036 1223 3112 qui
1252 3046 1504 3098 senatus
1533 3036 1872 3108 consilium,
1907 3037 2011 3112 qui
2041 3045 2248 3097 aucto-

183 3117 420 3180 ritatem
464 3120 795 3193 bonorum,
842 3120 943 3196 qui
990 3120 1263 3182 instituta
1292 3120 1588 3181 maiorum
1619 3123 2017 3195 neglexerunt
2052 3129 2113 3182 et
2141 3120 2246 3179 im·

187 3203 418 3277 peritae
467 3212 574 3264 aut
631 3204 969 3266 concitatae
1019 3203 1386 3266 multitudini
1431 3203 1677 3265 iucundi
1723 3221 1864 3265 esse
1908 3208 2246 3273 voluerunt,

185 3302 400 3347 omnes
431 3289 558 3348 fere
587 3287 677 3348 rei
709 3287 990 3363 publicae
1020 3304 1259 3363 poenas
1288 3298 1392 3348 aut
1417 3289 1722 3363 praesenti
1746 3297 1938 3349 morte
1960 3298 2066 3348 aut
2089 3285 2250 3362 turpi

184 3369 407 3431 exsilio
441 3372 883 3446 dependerunt.
950 3369 1091 3433 141.
1151 3372 1326 3445 Quod
1371 3372 1422 3431 si
1453 3372 1618 3446 apud
1650 3371 2089 3442 AthenienseS‚
2141 3370 2248 3427 ho-

182 3453 381 3515 mines
415 3454 715 3529 GraecOS,
767 3458 947 3530 longe
991 3471 1028 3514 a
1066 3464 1414 3516 nostrorum
1461 3454 1771 3515 hominum
1802 3454 2097 3528 gravitate
2127 3450 2246 3509 dis·

181 3534 428 3599 iunctos
461 3556 580 3599 non
612 3539 868 3600 deerant
896 3536 999 3612 qui
1029 3554 1154 3596 rem
1191 3537 1489 3611 publicam
1524 3546 1735 3597 contra
1768 3537 1977 3607 populi
2015 3530 2247 3622 temeri·
2281 3563 2282 3566 =

184 3629 369 3681 tatem
400 3623 839 3695 defenderent,
863 3638 1048 3696 quum
1083 3637 1330 3690 omneS,
1365 3618 1467 3691 qui
1499 3618 1577 3676 ita
1616 3618 1907 3679 fecerant,
1946 3628 1980 3666 e
2011 3613 2250 3664 civitate
