2514 3928
657 328 1047 382 PROOEMIUM
1080 328 1408 381 EDITIONIS
1445 329 1746 382 SECUNDA
1755 333 1811 384 E.
2137 350 2277 386 xxxx

194 464 351 516 edidi.
420 461 546 530 Cap.
572 466 653 520 13.
694 466 744 529 ξ.
768 468 853 520 33.
890 466 944 515 in
978 481 1033 515 re
1064 466 1341 516 admodum
1374 467 1563 516 incerta
1596 469 1780 517 retinui
1825 468 1977 528 illud,
2023 469 2162 531 quod
2196 484 2279 519 ce-

195 533 289 583 tui
323 532 437 581 libri
472 545 647 582 omnes
687 541 890 598 praeter
929 532 1042 584 cod.
1077 533 1363 582 Parisinum
1409 535 1657 584 obtinent:
1716 551 1822 584 cum
1864 537 2157 586 clarissimis
2207 537 2279 587 ni-

193 600 270 650 ris
311 614 514 651 causam
557 605 688 649 tuam
730 615 843 650 esse
878 601 1206 650 coniunctam.
1278 597 1420 649 Nunc
1453 599 1559 651 fere
1594 602 1839 666 scriptum
1875 612 1977 653 est:
2036 619 2141 652 cum
2174 604 2279 653 cta—

193 667 382 717 rissimi
413 667 514 715 oiri
543 681 698 716 causa
731 672 864 717 tuam
897 682 1007 717 esse
1042 669 1377 723 coniunctam,
1425 668 1565 730 quod
1607 670 1659 717 in
1712 669 1825 719 cod.
1866 669 2101 719 Parisino
2135 684 2167 718 a
2202 684 2278 735 pr.

193 746 351 783 manu
397 732 642 797 scriptum
677 743 755 784 est
787 749 894 784 cum
943 735 1212 784 clarissimi
1241 736 1340 784 oiri
1370 750 1589 786 catsant.
1658 733 1781 800 Cap.
1819 737 1899 789 15.
1952 736 2000 796 §-
2039 738 2123 787 35.
2177 736 2277 785 iam

194 798 564 864 Spectarasne,
608 801 747 862 quod
781 809 832 851 et
863 800 1106 850 librorum
1148 801 1428 850 auctoritas
1473 811 1522 851 et
1563 803 1843 851 sententiae
1884 804 2014 852 ratio
2059 802 2273 867 flagitat,

195 867 413 932 reposui
439 880 534 931 pro
568 865 912 932 Sperabasne.
983 867 1030 928 §-
1055 869 1137 918 36.
1180 868 1538 934 Paelignorum
1569 878 1775 918 auctore
1809 867 1863 919 C.
1883 869 2098 928 Halmio,
2124 883 2276 931 quem

194 934 312 983 vide
344 948 395 998 p.
423 935 557 994 999„
592 935 780 1000 scripsi
815 949 910 1000 pro
945 935 1281 998 Peliqnorum,
1352 933 1475 1000 Cap.
1504 936 1583 986 16.
1619 935 1667 996 §-
1692 935 1775 986 38.
1827 950 1884 986 se
1966 945 2047 985 ost
2079 936 2276 986 dixisse

193 1000 259 1050 de
305 999 491 1050 Baiteri
532 1000 819 1051 coniectura
864 1001 1043 1061 adieci,
1080 1001 1233 1068 vulgo
1272 1002 1535 1052 omissum.
1605 1004 1654 1063 fi.
1687 1003 1771 1053 39.
1829 1003 2130 1067 ingemescat
2183 1016 2275 1065 pro

192 1069 484 1131 ingemiscat
517 1083 546 1117 e
579 1068 693 1118 cod.
727 1068 959 1118 Parisino
993 1069 1166 1132 accepi
1199 1069 1423 1130 itemque
1445 1083 1559 1133 cap.
1586 1070 1665 1118 17.
1685 1069 1732 1130 §-
1756 1071 1840 1122 40.
1873 1069 2277 1132 facinerosorum

192 1147 288 1198 pro
318 1135 738 1198 facinorosorum,
773 1135 993 1196 denique
1025 1135 1076 1196 §-
1095 1136 1177 1185 41.
1213 1145 1438 1185 extrema
1473 1137 1678 1201 negaris
1712 1151 1741 1185 e
1775 1136 1925 1189 codd.
1959 1135 2190 1185 Parisino
2227 1144 2278 1184 et

193 1199 544 1252 Gemblacensi
577 1215 672 1267 pro
700 1204 970 1267 ’negaveris
1005 1204 1226 1266 reposui.

329 1265 404 1317 Ne
437 1269 489 1317 in
527 1269 757 1322 oratioue
791 1268 1014 1331 quidem,
1050 1283 1180 1328 quae
1214 1279 1293 1318 est
1323 1285 1425 1332 pro
1471 1269 1548 1318 M.
1589 1269 1786 1332 Caelio,
1833 1268 1993 1319 multa
2032 1267 2276 1317 mutanda

193 1348 329 1385 nunc
372 1333 603 1398 fuerunt,
656 1335 750 1384 sed
793 1343 958 1383 tamen
999 1341 1117 1398 post
1150 1348 1358 1398 operam
1392 1335 1455 1382 ab
1480 1334 1766 1385 hominibus
1797 1336 1962 1386 doctis
1997 1336 2050 1384 in
2085 1349 2146 1384 ea
2180 1349 2275 1383 nn-

197 1413 291 1464 per
330 1401 553 1462 positam
587 1400 840 1460 quaedam
875 1401 1025 1448 etiam
1059 1398 1111 1447 in
1144 1399 1240 1448 hac
1274 1399 1505 1448 oratione
1545 1415 1681 1449 nunc
1719 1415 1752 1450 a
1796 1417 1874 1452 me
1906 1403 2094 1466 corrigi
2129 1410 2277 1466 pote·

197 1472 332 1514 rant.
407 1466 478 1514 Ac
519 1466 738 1529 primum
784 1465 987 1527 quidem
1030 1479 1142 1528 cap.
1169 1464 1215 1513 l.
1252 1465 1301 1524 ὃ.
1330 1466 1374 1513 1.
1424 1466 1519 1514 etsi
1561 1466 1614 1514 in
1653 1467 1844 1516 verbis:
1882 1467 2111 1517 Atratini
2143 1469 2277 1517 iltius

191 1533 438 1596 pietatem
474 1547 573 1582 non
605 1533 967 1596 reprehendat,
1003 1544 1186 1580 nomen
1207 1531 1443 1580 Atratini
1474 1545 1538 1580 ex
1572 1531 1878 1596 glossemate
1912 1542 2085 1581 natum
2118 1533 2278 1583 videri

192 1606 395 1665 potest,
441 1606 608 1648 tamen
653 1599 895 1661 quoniam
938 1599 989 1647 in
1034 1597 1174 1648 libris
1220 1598 1454 1647 omnibus
1488 1597 1673 1663 legitur
1706 1607 1757 1648 et
1788 1597 1934 1647 facile
1970 1598 2158 1648 omisso
2192 1598 2277 1650 illo

189 1664 419 1724 nomine,
457 1679 560 1727 quo
595 1666 849 1730 pertineat
880 1664 1003 1716 illud
1030 1664 1321 1714 ⁴Pronomen
1358 1666 1490 1715 illias
1523 1665 1749 1730 ignorari
1782 1673 1973 1730 potest,
2008 1677 2110 1713 non
2134 1677 2280 1729 pror-

192 1745 285 1782 sus
319 1732 649 1782 reiiciendum
685 1747 820 1783 nnnc
854 1731 1055 1796 quidem
1090 1732 1397 1781 existimavi.
1466 1730 1588 1798 Cap.
1615 1735 1664 1782 2.
1704 1732 1755 1795 §-
1771 1734 1821 1782 4.
1871 1730 2105 1781 homines
2144 1731 2281 1781 docti

193 1812 329 1849 nnnc
371 1798 477 1853 fere
519 1799 585 1849 de
628 1798 682 1849 Ο.
720 1799 902 1850 Halmii
945 1800 1233 1849 coniectura
1277 1798 1565 1849 ediderunt:
1625 1799 1756 1849 Nam
1800 1800 1939 1866 quod
1979 1800 2045 1849 de
2081 1800 2280 1862 pietate

193 1866 416 1925 dixistis,
451 1873 532 1916 est
563 1869 761 1932 quidem
793 1869 894 1917 ista
928 1874 1098 1918 vestra
1131 1867 1464 1924 existimatio,
1506 1867 1604 1916 sed
1641 1867 1875 1917 iudicium
1914 1872 2057 1917 certe
2084 1880 2277 1930 paren·

193 1934 283 1996 tis,
331 1932 518 1996 quibus
563 1935 616 1984 in
659 1935 824 1988 verbis
859 1933 973 1984 libri
1009 1939 1213 1998 nostra,
1260 1946 1364 1983 non
1408 1939 1579 1985 vestra
1618 1932 1820 1987 habent.
1890 1933 2117 1984 Halmius
2152 1931 2277 1982 haec

192 2000 489 2065 adscripsit:
548 2000 962 2053 “Discernuntur
1002 2002 1188 2051 iudicia
1246 2002 1397 2049 trium
1441 2001 1755 2051 diversarum
1797 2001 2044 2066 partium:
2097 2000 2275 2049 existi·

192 2066 349 2117 matio
384 2066 813 2133 adversariorum,
847 2068 1090 2118 iudicium
1114 2068 1419 2132 parentium,
1459 2068 1635 2133 opinio
1682 2078 2014 2133 patronorum
2026 2069 2084 2116 ²2.
2137 2065 2276 2126 Quae

194 2143 316 2185 sunt
348 2131 641 2186 falsissima.
710 2135 839 2185 Nam
882 2134 951 2185 M.
986 2134 1183 2184 Tullius
1226 2134 1425 2183 duabus
1470 2143 1662 2184 tantum
1705 2134 1858 2185 modo
1902 2135 2133 2199 partibus
2168 2146 2275 2182 rem

191 2200 521 2250 iudicandam
564 2202 779 2265 relinqui
822 2211 968 2267 putat
1012 2211 1272 2266 oportere,
1319 2199 1667 2265 familiarium,
1715 2203 1764 2252 in
1811 2214 2029 2263 quorum
2064 2212 2274 2249 numero

192 2281 251 2318 se
287 2281 494 2331 quoqne
527 2283 643 2319 esse
674 2270 961 2328 existimat,
1006 2278 1055 2317 et
1096 2268 1340 2333 parentis.
1407 2267 1482 2317 De
1523 2267 1604 2318 his
1646 2260 1812 2333 igitur'
1835 2268 2065 2333 partibus
2101 2266 2276 2315 rectis·

192 2334 326 2385 sime
358 2334 431 2384 ita
462 2334 711 2399 loquitur,
761 2346 817 2386 ut
857 2335 1403 2386 existimationem
1442 2334 1540 2383 sibi
1585 2344 1634 2385 et
1675 2336 1853 2385 ceteris
1889 2332 2066 2384 amicis
2102 2346 2162 2382 ac
2195 2330 2274 2381 fa-

190 2400 476 2451 miliaribus
510 2402 577 2455 Μ.
613 2400 766 2453 Caelii
800 2403 1046 2459 vindicet,
1091 2401 1389 2451 iudicium
1433 2411 1599 2451 autem
1635 2402 1736 2467 ipsi
1770 2402 1969 2467 parenti
2005 2399 2271 2461 relinquat,

190 2468 500 2519 adversariis
549 2477 719 2519 autem
762 2483 960 2520 omnem
1004 2478 1091 2518 aut
1134 2468 1383 2533 opinandi
1423 2479 1512 2518 aut
1559 2469 1815 2518 iudicandi
1858 2466 2149 2517 facultatem
2183 2465 2273 2514 de·

191 2534 379 2587 trahat.
448 2537 501 2585 In
537 2535 668 2586 hanc
698 2537 1000 2587 sententiam
1033 2544 1166 2585 recte
1200 2535 1281 2585 Fr.
1299 2535 1610 2585 Hotomanus
1649 2532 1909 2596 ,Ciceronis
1944 2533 2098 2583 verba
2132 2544 2275 2580 com·

187 2611 447 2653 mentatus
481 2612 576 2663 est,
613 2605 726 2666 qui:
784 2603 1222 2666 Existimatio,
1260 2601 1447 2665 inquit,
1491 2608 1569 2652 est
1602 2604 1832 2668 opinatio
1866 2609 1917 2652 et
1949 2602 2273 2652 coniectura:

189 2670 212 2718 i
220 2670 396 2720 adici
404 2686 491 2720 um
523 2685 644 2721 vero
675 2672 952 2732 sententia,
1001 2684 1101 2735 qua
1140 2685 1200 2719 re
1233 2670 1437 2733 cognita
1467 2670 1841 2733 pronuntiatur.
1897 2668 1976 2716 Ad
2011 2666 2135 2716 haee
2168 2666 2272 2714 duo

191 2736 346 2785 etiam
381 2737 675 2802 respiciunt,
712 2752 844 2800 quae
877 2745 1155 2798 sequuntur
1192 2736 1370 2786 verba:
1430 2735 1562 2797 Quid
1593 2751 1685 2787 nos
1730 2736 1807 2798 (id
1849 2743 1952 2793 est,
1998 2731 2271 2781 familiares

189 2801 258 2852 Μ.
299 2802 478 2866 Caelii)
513 2805 774 2870 opinemur
806 2805 1025 2854 audietis
1057 2818 1129 2853 ex
1161 2804 1373 2853 iuratis:
1427 2805 1551 2868 quid
1581 2808 1826 2867 parentes
1867 2801 2090 2851 sentiant
2119 2798 2274 2848 lacri-

188 2884 304 2920 mae
345 2873 522 2922 matris
563 2871 971 2936 incredibilisque
1010 2885 1238 2933 maeror,
1296 2872 1505 2935 squalor
1553 2871 1722 2934 patris
1765 2873 1816 2918 et
1859 2868 1984 2917 haec
2025 2878 2273 2929 praesens

187 2938 472 2999 maestitia,
516 2954 662 3003 quam
703 2939 938 3000 cernitis,
982 2939 1237 3003 luctusque
1290 2938 1538 2987 declarat.
1607 2937 1780 2999 Itaque
1823 2933 1922 2984 hoc
1964 2932 2061 2982 sibi
2094 2930 2273 2981 volunt

190 3000 453 3055 Ciceronis
512 3005 689 3055 verba:
771 3003 917 3064 Quod
976 3004 1040 3054 de
1099 3005 1288 3069 pietate
1337 3003 1573 3061 dixistis,
1646 3004 1758 3052 eius
1822 3001 1896 3050 rei
1962 2998 2271 3050 existimatio

190 3072 342 3122 nobis
377 3072 706 3135 relinquenda
739 3082 816 3123 est
847 3071 1025 3120 amicis
1061 3080 1110 3120 et
1141 3070 1358 3135 parenti,
1395 3070 1467 3119 ita
1501 3079 1665 3118 tamen
1691 3078 1747 3118 ut
1769 3081 1864 3118 nos
1898 3075 2094 3117 tantum
2115 3064 2269 3113 modo

193 3139 478 3205 opinemur,
515 3153 701 3205 parens
735 3150 900 3190 autem
935 3137 1136 3187 indicet.
1207 3134 1315 3185 Nos
1348 3144 1593 3198 quantum
1626 3136 1693 3185 dc
1732 3150 1788 3186 re
1822 3134 2113 3183 existimare
2144 3144 2273 3195 pos·

188 3219 373 3257 sumus
417 3206 693 3272 impietatis
737 3207 925 3255 crimen
968 3220 1000 3253 a
1043 3204 1110 3253 M.
1149 3201 1319 3254 Caelio
1365 3207 1540 3253 nostra
1597 3202 1894 3267 opinatione
1932 3211 2269 3255 removemus,

229 3282 349 3323 ater·
377 3283 546 3322 autem
589 3287 684 3324 suo
725 3272 917 3323 iudicio
962 3271 1078 3320 eum‘
1119 3269 1314 3319 liberat.
1383 3269 1505 3318 Mox
1537 3269 1587 3329 ἕ.
1612 3269 1663 3319 5.
1708 3268 1761 3316 in
1804 3282 1860 3317 re
1893 3266 2083 3315 incerta
2116 3261 2271 3311 malui

205 3353 406 3391 acunae
445 3342 596 3406 sigua
639 3339 804 3390 facere
846 3351 1001 3401 quam
1053 3347 1237 3386 temere
1280 3334 1536 3400 supplere.
1606 3335 1780 3396 Itaque
1830 3332 1966 3383 edidi
2007 3327 2273 3395 praesenti

190 3441 376 3458 .....
400 3409 502 3465 ani,
537 3420 844 3469 quamquam
878 3404 1100 3455 fortasse
1139 3402 1411 3452 Tusculani
1453 3414 1572 3451 vere
1604 3400 1887 3450 coniectum
1921 3405 2017 3447 est.
2075 3393 2199 3458 Gap.
2218 3394 2270 3442 3.

187 3473 240 3537 9.
267 3473 319 3527 6.
353 3474 507 3524 miror
548 3473 858 3536 quemquam
900 3471 954 3521 in
997 3469 1164 3520 verbis
1206 3468 1446 3519 hominem
1495 3471 1552 3516 ut
1604 3472 1744 3515 notet
1788 3462 1978 3513 offendi
2019 3460 2269 3526 potuisse.
