2514 3928
235 235 298 285 ιε
414 229 429 243 ·
827 221 989 281 CAP.
1024 229 1288 282 ιιι-22.
1331 227 1384 287 s.
1414 231 1484 282 52
1503 254 1572 265 —
1594 230 1681 283 58.
2175 225 2300 287 249

230 383 391 437 ctum
423 388 568 434 esse
600 371 860 430 diceres.
919 371 1036 430 Cur
1074 369 1256 444 igitur
1286 369 1485 433 victus
1522 379 1658 433 est?
1716 371 1868 447 Quia
1898 389 2022 435 non
2053 391 2302 453 semper

229 457 425 519 viator
451 472 490 514 a
518 456 781 526 latrone,
826 468 949 513 non
980 469 1313 528 numquam
1353 453 1534 514 etiam
1560 455 1715 516 latro
1742 457 1780 516 a
1807 456 2042 519 viatore
2071 458 2300 522 occidi·

228 550 351 603 ture
399 537 572 614 quia,
616 552 985 612 quamquam
1024 544 1277 612 paratus
1317 534 1378 596 in
1410 537 1738 612 imparatos
1769 539 2049 615 Clodius,
2098 550 2299 606 tamen

226 621 442 683 mulier
483 618 779 680 inciderat
822 619 880 680 in
927 619 1113 682 viros,
1200 617 1303 683 56.
1347 621 1473 680 Nee
1515 637 1662 682 vero
1705 623 1795 682 sic
1839 633 1968 685 erat
2011 642 2299 702 umquam

215 719 348 767 ‘non
375 713 625 781 paratus
666 703 810 785 Milo
848 711 1060 766 eontra
1090 703 1291 778 illum,
1337 711 1404 765 ut
1431 720 1554 764 non
1585 703 1737 765 satis
1772 705 1899 766 fere
1927 715 2096 769 esset
2122 726 2298 784 para-

228 800 347 852 tus.
415 787 694 862 -Semper
738 786 837 848 ille
866 795 926 848 ει
958 795 1249 863 quantum
1293 787 1620 850 interesset
1648 787 1711 847 P.
1755 788 1949 849 Clodii
1991 807 2060 851 se
2100 794 2300 867 perire

211 882 285 935 et
329 880 558 948 quanto
600 869 685 930 illi
721 869 864 933 odio
908 878 1078 933 esset
1116 879 1179 934 et
1214 880 1507 947 quantum
1548 870 1651 931 ille
1693 871 1944 934 auderet
1977 873 2300 949 cogitabat.

226 957 415 1031 Quam
445 956 524 1017 ob
550 970 682 1014 rem
718 955 900 1016 vitam
931 972 1103 1016 suam
1123 1000 1138 1029 ,
1170 973 1353 1030 quam
1383 954 1667 1017 maximis
1695 955 1983 1031 praemiis
2012 959 2299 1034 proposi-

226 1048 344 1102 tam
370 1046 431 1102 et
460 1054 658 1115 paene
690 1037 995 1099 addictam
1024 1037 1287 1115 sciebat,
1329 1055 1661 1115 numquam
1703 1039 1765 1100 in
1799 1040 2136 1115 periculum
2166 1041 2300 1103 sine

223 1119 531 1199 praesidio
580 1129 647 1183 et
684 1121 820 1183 sine
861 1120 1143 1183 custodia
1182 1121 1556 1197 proiiciebat.
1655 1124 1836 1185 Adde
1881 1140 2098 1201 caSUS,
2139 1127 2300 1187 adde

222 1208 491 1267 incertos
528 1204 729 1265 exitus
759 1220 1097 1280 pugnarum
1126 1204 1507 1280 Martemque
1537 1222 1940 1280 communem,
1972 1207 2077 1284 qui
2108 1226 2297 1286 saepe

225 1287 590 1364 spoliantem
623 1284 743 1347 iam
772 1293 833 1347 et
864 1287 1270 1348 exsultantem
1302 1290 1518 1349 evertit
1547 1297 1607 1348 et
1635 1289 1893 1363 perculit
1920 1290 1997 1349 ab
2030 1291 2295 1354 abiecto:
2359 1361 2363 1365 ,

224 1372 385 1432 adde
407 1369 711 1432 inscitiam
733 1368 964 1446 pransi,
990 1369 1140 1445 poti,
1171 1370 1487 1432 oscitantis
1512 1370 1708 1445 duciS,
1732 1371 1837 1446 qui
1860 1388 2046 1447 quum
2067 1390 2106 1433 a
2126 1382 2292 1449 tergo

223 1455 465 1516 hostem
493 1451 891 1515 interclusum
920 1451 1303 1528 reliquisset,
1335 1453 1482 1514 nihil
1518 1454 1619 1514 de
1631 1453 1764 1514 eius
1793 1454 2084 1518 extremis
2115 1457 2294 1517 comi-

225 1538 387 1612 tibus
416 1535 734 1612 cogitavit,
766 1535 826 1597 in
856 1552 1015 1613 quos
1038 1535 1331 1600 incensos
1360 1536 1452 1600 ira
1474 1536 1787 1612 vitamque
1816 1535 2043 1597 domini
2077 1539 2299 1613 despe-

225 1631 429 1684 rantes
466 1639 653 1697 quum
685 1619 1022 1695 incidisset,
1051 1620 1249 1684 haesit
1271 1619 1333 1681 in
1363 1619 1440 1683 iis
1471 1621 1710 1696 poenis,
1744 1637 1900 1696 quas
1929 1621 2006 1681 ab
2030 1636 2105 1682 eo
2135 1619 2299 1681 servi

221 1705 439 1767 fideles
474 1721 585 1780 pro
612 1703 841 1765 domini
871 1703 995 1765 vita
1024 1704 1470 1781 expetiverunt.
1512 1703 1614 1766 57.
1640 1705 1758 1766 Cur
1784 1700 1966 1779 igitur
1986 1719 2098 1771 eos
2119 1721 2300 1765 manu

220 1788 426 1850 misit?
466 1789 779 1851 Metuebat
810 1787 1046 1849 scilicet
1076 1804 1154 1848 ne
1183 1787 1573 1859 indicaretur,
1614 1802 1695 1847 ne
1720 1787 1996 1848 dolorem
2027 1789 2300 1863 perferre

219 1890 342 1934 non
377 1880 665 1948 possent,
704 1889 783 1932 ne
816 1872 1129 1933 tormentis
1165 1878 1528 1946 cogerentur
1557 1869 1829 1932 occisum
1860 1885 2004 1930 esse
2031 1887 2068 1930 a
2098 1871 2298 1934 servis

217 1955 464 2016 Milonis
504 1957 569 2015 in
603 1954 811 2031 Appia
854 1953 953 2015 via
990 1954 1055 2013 Ρ.
1100 1954 1373 2017 Clodium
1418 1953 1713 2016 confiteri.
1805 1952 1961 2028 Quid
2006 1971 2165 2030 opus
2203 1966 2300 2018 est

220 2045 493 2102 tortore?
533 2036 684 2114 quid
734 2036 1024 2113 quaeris?
1074 2036 1499 2099 occideritne?
1537 2036 1779 2102 occidit.
1867 2039 2004 2098 lure
2039 2054 2114 2096 an
2145 2037 2299 2100 iniu-

218 2121 313 2181 ria
335 2128 367 2180 ι
395 2119 541 2180 nihil
571 2122 652 2181 ad
686 2127 1005 2182 tortorem=
1042 2120 1183 2182 facti
1215 2120 1376 2182 enim
1404 2120 1466 2180 in
1498 2122 1710 2182 eculeo
1743 2120 2022 2195 quaestio
2056 2127 2180 2195 εει,
2209 2122 2300 2183 iu-

218 2203 308 2265 ris
337 2202 399 2263 in
429 2202 679 2265 iudicio.
764 2203 947 2263 XXII.
991 2202 1169 2277 Quod
1206 2202 1388 2279 igitur
1418 2204 1480 2264 in
1511 2219 1700 2265 causa
1732 2204 2150 2278 quaerendum
2182 2212 2297 2280 est,

218 2288 285 2347 ,d
327 2297 582 2363 agamus
641 2286 771 2348 hic:
830 2288 996 2363 quod
1053 2287 1366 2349 tormentis
1415 2285 1693 2350 invenire
1735 2288 1860 2361 vis,
1917 2286 1981 2348 id
2022 2288 2298 2350 fatemur.

134 2393 142 2399 -
216 2371 407 2432 Manu
448 2387 596 2432 vero
641 2386 752 2432 cur
779 2369 1037 2442 miserit,
1087 2368 1142 2432 si
1184 2372 1247 2432 id
1276 2371 1483 2448 potius
1514 2368 1793 2447 quaeris,
1837 2387 2018 2444 quam
2049 2386 2158 2431 cur
2192 2388 2299 2447 pa-

218 2471 358 2516 rum
390 2453 613 2531 amplis
647 2453 943 2515 adfecerit
968 2453 1287 2529 praemiis,
1332 2452 1538 2516 nescis
1578 2451 1806 2514 inimici
1839 2455 2062 2515 sactum
2089 2470 2298 2530 repre-

219 2539 509 2601 hendere.
596 2536 700 2600 58.
738 2537 906 2599 Dixit
945 2539 1107 2602 enim
1140 2537 1249 2598 hic
1277 2537 1470 2609 idem,
1510 2536 1616 2612 qui
1647 2535 1850 2598 omnia
1876 2552 2122 2611 semper
2153 2552 2298 2597 con-

220 2630 454 2684 stanter
481 2628 543 2682 ει
569 2620 833 2696 fortiter,
874 2621 957 2680 Μ.
1003 2621 1180 2695 Cato,
1227 2626 1288 2681 et
1316 2619 1469 2680 dixit
1505 2618 1581 2682 in
1602 2620 1948 2682 turbulenta
1982 2617 2298 2695 contione,

223 2720 384 2783 quae
411 2712 614 2766 tamen
647 2706 832 2767 huius
864 2703 1225 2767 auctoritate
1268 2704 1508 2801 placata
1547 2710 1668 2775 εει,
1713 2719 1837 2763 non
1882 2701 2158 2763 libertate
2199 2718 2300 2764 so·

215 2791 362 2862 lum,
396 2789 510 2849 sed
529 2788 719 2850 etiam
746 2787 1028 2850 omnibus
1058 2786 1347 2863 praemiis
1367 2785 1778 2883 ‚dignissimos
1808 2782 2020 2858 fuisse,
2057 2785 2161 2860 qui
2189 2785 2299 2847 do-

218 2871 368 2934 mini
398 2880 584 2949 caput
605 2870 1047 2934 defendissent.
1083 2871 1261 2945 Quod
1284 2868 1448 2931 enim
1476 2868 1810 2945 praemium
1841 2865 1992 2930 satis
2016 2885 2301 2945 magnum

220 2965 319 3018 εει
365 2964 489 3017 tam
522 2956 873 3028 benevolis,
906 2963 1027 3016 tam
1056 2952 1270 3030 bonis,
1303 2963 1422 3016 tam
1457 2952 1744 3032 fidelibus
1776 2949 2005 3025 servis,
2049 2960 2302 3029 propter

222 3057 386 3115 quos
411 3038 605 3100 vivit?
635 3040 767 3108 Etsi
789 3037 854 3101 id
884 3040 1128 3113 quidem
1157 3053 1283 3100 non
1312 3034 1461 3100 tanti
1493 3045 1606 3112 est,
1636 3052 1819 3112 quam
1851 3037 2020 3112 quod
2048 3045 2301 3112 propter

221 3124 483 3185 eosdem
504 3139 628 3184 non
658 3122 959 3199 sanguine
988 3130 1049 3184 ει
1083 3120 1438 3189 vulneribus
1470 3119 1601 3183 suis
1631 3117 2040 3181 crudelissimi
2073 3116 2301 3180 inimici

143 3201 152 3208 '
219 3216 494 3270 mentem
522 3208 869 3304 oculosque
910 3204 1169 3267 satiavit.
1259 3205 1428 3279 Quos
1472 3202 1589 3264 nisi
1616 3220 1794 3264 manu
1826 3202 2134 3274 misisset,
2179 3209 2299 3262 tor-

222 3290 445 3352 mentis
475 3290 657 3351 etiam
689 3289 956 3352 dedendi
986 3292 1227 3351 fuerunt
1267 3296 1736 3350 conservatores
1767 3284 2027 3358 domini,
2070 3285 2300 3344 ultores

224 3371 500 3444 sceleriS,
532 3374 894 3436 defensores
925 3372 1116 3437 necis.
1202 3373 1319 3433 Hic
1347 3388 1494 3433 vero
1525 3370 1670 3431 nihil
1699 3366 1926 3428 habet
1909 3383 1970 3427 tn
2001 3330 2096 3425 l’iis
2123 3357 2299 3422 malis

224 3455 400 3530 quod
433 3456 632 3517 minus
661 3459 919 3519 moleste
950 3458 1139 3532 ferat,
1174 3473 1388 3532 quam,
1423 3454 1604 3516 etiam
1633 3451 1686 3513 si
1718 3450 1883 3526 quid
1894 3447 2062 3522 ipsi⁸
2043 3441 2295 3506 accidat.
