2514 3928
327 209 452 273 412
601 211 679 269 ln
711 211 789 269 M.
826 179 1227 270 AnTonM
1256 208 1544 271 olm-10
1577 208 2000 269 ΡΗιιιΡΡιοΑ
2036 209 2141 269 tx.
2345 223 2428 272 m

327 349 443 422 bus
479 370 539 422 et
571 361 649 420 ab
695 360 824 421 iure
870 358 1062 434 civili,
1121 375 1368 434 semper
1407 361 1490 420 ad
1526 359 1869 420 facilitatem
1912 359 2429 437 aequitatemque

328 443 658 514 referebat,
715 458 918 518 neque
970 441 1287 504 instituere
1340 442 1528 503 litium
1577 442 1857 502 actiones
1908 442 2188 503 malebat
2245 461 2427 519 quam

328 526 782 588 controversias
829 527 1059 586 tollere.
1156 525 1320 599 Ergo
1377 525 1495 586 hoc
1547 533 1787 586 statuae
1854 523 2253 588 monimento
2317 544 2426 586 non

328 617 493 685 eget=
538 609 723 670 habet
749 608 869 669 alia
900 610 1150 670 maiora.
1239 608 1407 668 Haec
1443 608 1603 669 enim
1634 617 1835 669 statua
1865 610 2081 669 mortis
2111 609 2425 671 honestae

330 690 504 754 testis
536 691 677 763 erit,
707 691 811 752 illa
841 691 1134 753 memoria
1164 691 1326 753 vitae
1354 691 1694 766 gloriosae,
1726 700 1796 751 ut
1821 691 1937 751 hoc
1968 692 2178 768 magis
2242 690 2427 752 moni

329 783 597 836 mentum
626 775 777 850 grati
808 785 1061 837 senatus
1093 791 1278 850 quam
1308 774 1453 834 clari
1486 773 1600 834 viri
1631 777 1894 836 futurum
1926 774 2026 835 sit.
2125 776 2239 838 12.
2284 778 2426 836 Mul·

331 868 454 920 tum
491 859 671 919 etiam
711 856 980 920 valuisse
1008 860 1084 919 ad
1121 856 1310 933 patris
1342 857 1635 918 honorem
1679 860 1877 933 pietas
1918 857 2028 917 filii
2073 859 2423 921 videbitur:

332 940 436 1018 qui
468 958 839 1017 quamquam
867 941 1152 1002 adflictus
1182 943 1346 1002 luctu
1388 958 1508 1001 non
1552 942 1761 1013 adest,
1804 949 2002 1001 tamen
2041 941 2145 1003 sic
2168 943 2422 1004 animati

333 1042 476 1085 esse
506 1023 775 1095 debetis,
822 1032 888 1083 ut
919 1026 971 1085 si
1005 1023 1106 1084 ille
1134 1025 1405 1084 adesset.
1492 1024 1602 1085 Est
1636 1034 1836 1085 autem
1863 1023 1946 1085 ita
1973 1024 2321 1099 adrectuS‚
2374 1036 2422 1087 ut

331 1122 510 1167 nemo
550 1123 839 1182 umquam
885 1108 1044 1168 unici
1097 1107 1203 1168 lilii
1249 1115 1502 1168 mortem
1544 1107 1739 1182 magis
1782 1107 2050 1176 doluerit
2099 1127 2306 1183 quam
2336 1111 2420 1170 ille

333 1197 561 1250 maeret
591 1191 798 1270 patris.
886 1192 960 1251 Et
990 1190 1236 1267 quidem
1265 1191 1444 1251 etiam
1473 1192 1551 1250 ad
1585 1192 1803 1251 ramam
1840 1191 1971 1251 Ser.
2010 1190 2300 1267 Sulpicii
2330 1191 2418 1253 filii

331 1272 592 1333 arbitror
620 1274 955 1349 pertinere,
1002 1284 1068 1335 ut
1105 1274 1386 1335 videatur
1412 1273 1707 1336 honorem
1740 1274 2011 1334 debitum
2044 1277 2222 1349 patri
2254 1293 2416 1353 prae-

333 1355 581 1417 stitisse.
670 1357 1046 1434 Quamquam
1087 1359 1315 1419 nullum
1370 1354 1809 1418 monimentum
1844 1356 2074 1417 clarius
2114 1359 2268 1419 Ser.
2303 1359 2416 1421 Sul-

333 1438 532 1515 picius
566 1440 913 1517 relinquere
961 1440 1156 1517 potuit
1185 1457 1368 1517 quam
1399 1440 1663 1517 effigiem
1695 1457 1928 1502 morum
1959 1457 2277 1515 suorum,
2319 1444 2413 1502 vir-

336 1523 506 1596 tutiS,
539 1525 953 1597 constantiae,
987 1524 1283 1600 pietatis,‘
1304 1523 1530 1598 ingenii
1551 1570 1564 1594 ‚
1611 1524 1828 1597 filium,
1861 1521 2043 1585 cuius
2076 1527 2307 1595 luctus
2334 1532 2415 1586 aut

335 1606 455 1668 hoc
485 1607 723 1668 honore
760 1617 963 1670 vestro
996 1617 1101 1669 aut
1133 1609 1299 1670 nullo
1325 1607 1558 1668 solacio
1589 1608 1779 1667 levari
1810 1616 2038 1681 potest.

377 1723 386 1728 -
455 1691 558 1750 vl.
613 1690 710 1752 13.
769 1692 916 1752 Mihi
958 1700 1159 1751 autem
1203 1690 1550 1751 recordanti
1592 1691 1723 1751 Ser.
1769 1689 2030 1765 Sulpicii
2081 1695 2333 1755 multos
2370 1692 2411 1753 in

334 1780 545 1833 nostra
574 1773 972 1835 familiaritate
1007 1790 1322 1834 sermones
1349 1772 1577 1849 gratior
1617 1772 1700 1834 illi
1733 1773 1996 1846 videtur,
2046 1773 2102 1834 si
2153 1776 2274 1852 qui
2342 1783 2411 1836 esl

335 1872 558 1916 sensus
605 1857 663 1915 in
705 1866 926 1930 morte,
974 1860 1166 1918 aenea
1208 1866 1407 1919 statua
1452 1859 1650 1919 futura
1689 1866 1751 1918 et
1779 1874 1853 1918 ea
1884 1858 2216 1932 pedestris
2250 1877 2411 1937 quam

336 1939 612 2002 inaurata
640 1940 978 2017 equestris,
1010 1940 1209 2018 qualis
1239 1941 1305 2001 L.
1340 1940 1545 2002 Sullae
1577 1940 1834 2017 primum
1867 1949 2092 2003 statuta
2138 1953 2267 2007 est.
2324 1943 2407 2002 Mi·

335 2022 505 2084 rifice
554 2024 714 2084 enim
759 2024 1014 2086 Servius
1051 2027 1341 2087 maiorum
1379 2024 1814 2087 continentiam
1852 2024 2192 2100 diligebat,
2249 2027 2410 2088 huius

336 2105 565 2168 saeculi
608 2108 990 2170 insolentiam
1032 2109 1434 2185 vituperabat.
1521 2110 1601 2170 Ut
1643 2109 1825 2184 igitur
1862 2107 1914 2169 si
1945 2107 2162 2183 ipsum
2199 2128 2406 2171 eonsu-

335 2193 455 2251 lam
486 2189 632 2267 quid
666 2193 837 2266 velit,
895 2194 984 2253 sic
1026 2195 1371 2269 pedestrem
1414 2209 1490 2252 ex
1522 2209 1663 2252 aere
1693 2200 1952 2253 statuam
1985 2199 2323 2268 tamquam
2349 2209 2409 2252 ex

336 2273 468 2342 eius
491 2275 854 2336 auctoritate
884 2285 944 2336 et
974 2277 1285 2338 voluntate
1313 2277 1612 2337 decerno=
1645 2292 1804 2350 quae
1841 2274 2090 2349 quidem
2126 2292 2407 2352 magnum

337 2355 559 2417 civium
593 2359 867 2419 dolorem
908 2366 967 2419 et
1008 2358 1377 2420 desiderium
1418 2359 1654 2420 honore
1710 2359 2064 2418 monimenti
2095 2358 2342 2421 minuet
2363 2366 2409 2418 et

337 2441 536 2502 leniet.
626 2440 723 2502 14.
769 2442 974 2516 Atque
1016 2441 1172 2503 hanc
1213 2459 1409 2503 meam
1444 2443 1834 2515 sententiam,
1886 2449 2095 2516 patres
2142 2442 2406 2505 conscri-

340 2523 440 2599 pti,
475 2524 539 2584 P.
571 2523 812 2586 Servilii
841 2525 1139 2586 sententia
1167 2524 1555 2602 comprobari
1592 2542 1851 2586 necesse
1883 2532 2010 2586 est=
2068 2525 2182 2600 qui
2216 2527 2405 2601 sepul·

340 2625 506 2669 crum
550 2607 793 2684 publice
836 2609 1293 2669 decernendum
1327 2608 1458 2670 Ser.
1506 2608 1778 2682 Sulpicio
1820 2608 2091 2679 censuit,
2145 2619 2403 2670 statuam

339 2709 459 2753 non
494 2691 749 2753 censuit.
812 2691 962 2752 Nam
993 2690 1045 2752 si
1074 2708 1239 2752 mors
1271 2691 1448 2767 legati
1480 2691 1613 2751 sine
1644 2693 1835 2751 caede
1865 2699 2049 2765 atque
2083 2692 2260 2752 l'erro
2292 2693 2404 2752 nul·

357 2793 459 2837 um
503 2776 796 2837 honorem
841 2773 1177 2845 desiderat,
1232 2790 1340 2834 cur
1381 2774 1654 2835 decernit
1694 2775 1985 2835 honorem
2030 2776 2403 2848 sepulturae,

339 2858 442 2933 qui
476 2860 776 2919 maximus
805 2858 1015 2918 haberi
1058 2865 1261 2933 potest
1291 2864 1572 2919 mortuo?
1634 2856 1738 2917 Sin
1774 2857 1839 2917 id¹
1870 2856 2077 2917 tribuit
2107 2856 2254 2918 Ser.
2285 2858 2405 2919 Sul·
2458 2914 2459 2923 ,

341 2938 533 3013 pici0,
584 2942 751 3016 quod
781 2957 899 3001 non
934 2950 1030 3002 est
1062 2942 1267 3001 datum
1298 2940 1403 3000 Cn.
1437 2939 1716 3010 Octavio,
1749 2956 1858 3000 cur
1890 2940 2054 3015 quod
2088 2939 2177 2999 illi
2212 2942 2406 3002 datum

329 3028 435 3081 ‘est
473 3022 614 3083 huic
644 3025 909 3084 dandum
951 3041 1092 3084 esse
1127 3041 1248 3084 non
1286 3032 1540 3084 censet?
1624 3022 1889 3085 Maiores
1924 3021 2176 3098 quidem
2224 3021 2406 3084 nostri

340 3112 570 3164 statuas
618 3104 819 3166 multis
863 3109 1292 3179 decreverunt,
1352 3108 1636 3182 sepulcra
1680 3105 1912 3180 paucis.
1999 3104 2126 3165 Sed
2173 3114 2409 3168 statuae

342 3187 646 3247 intereunt
675 3196 1064 3262 tempestate,
1095 3189 1188 3261 vi,
1220 3198 1552 3262 vetustate,
1577 3191 1997 3264 sepulcrorum
2029 3197 2245 3249 autem
2276 3207 2404 3250 san-

338 3267 513 3327 ctitas
542 3266 599 3325 in
640 3267 780 3342 ipso
827 3272 961 3331 solo
992 3282 1120 3346 est,
1170 3273 1337 3348 quod
1380 3275 1543 3332 nulla
1582 3272 1640 3332 vi
1684 3273 1914 3332 moveri
1971 3287 2178 3346 neque
2223 3270 2408 3334 deleri
2454 3298 2455 3301 ¹

341 3354 571 3422 potest,
614 3358 831 3424 atque,
889 3360 958 3412 ut
1004 3362 1213 3415 cetera
1261 3356 1757 3432 exstinguuntur,
1818 3354 1908 3416 sic
1950 3355 2247 3429 sepulcra
2278 3372 2411 3418 san-
2454 3378 2455 3391 ¹

339 3428 530 3488 ctiora
562 3431 712 3492 fiunt
744 3442 1060 3497 vetustate.
1129 3437 1225 3498 15.
1269 3441 1586 3512 Augeatur
1613 3437 1793 3511 igitur
1813 3437 1930 3499 isto
1957 3436 2200 3501 honore
2233 3437 2411 3501 otiam
