2514 3928
181 235 252 284 ει
786 224 1244 285 CAP.1o-13.
1292 231 1342 288 §.
1375 231 1468 284 23·
1530 229 1641 284 ·29.
2151 221 2272 285 149

182 375 478 436 ardentes
519 377 685 435 laces
723 375 897 435 furiis
935 374 1243 448 Clodianis
1294 391 1490 450 paene
1534 375 1673 452 ipse
1709 377 1927 438 consul
1969 374 2271 436 ministra·

184 462 322 520 bas.
375 459 505 519 ΧΠ.
542 462 640 518 An
674 475 833 520 vero
862 459 1102 534 reliquo
1149 467 1421 534 tempore
1479 462 1797 521 consulem
1842 471 1901 521 tc
1944 459 2271 536 quisquam

181 543 403 604 duxit?
445 543 768 619 quisquam
811 543 917 604 tibi
960 543 1204 619 paruit?
1252 544 1580 618 quisquam
1623 543 1680 603 in
1728 545 1954 606 curiam
2006 544 2273 606 venienti

180 625 580 689 adsurrexit?
605 626 930 703 quisquam
956 628 1300 689 consulenti
1329 629 1831 704 respondendum
1856 627 2129 704 putavit?
2164 646 2272 690 nu·

179 711 515 772 merandus
546 720 642 772 est
672 710 772 772 ille
802 729 1003 772 annus
1033 710 1302 787 denique
1330 711 1387 772 in
1420 728 1486 772 re
1520 713 1795 788 publica,
1844 730 2029 788 quum
2061 714 2273 773 obmu-

184 795 414 857 tuisset
454 805 735 868 senatus,
782 795 1007 856 iudicia
1049 797 1519 872 conticuissent,
1563 805 1907 858 maererent
1955 795 2131 868 boni,
2175 796 2273 855 vis

184 878 488 942 latrocinii
535 879 722 942 vestri
763 886 888 942 tota
927 881 1079 940 urbe
1129 879 1408 942 volitaret
1455 898 1660 956 neque
1703 881 1859 942 civis
1893 897 2049 940 unus
2081 896 2160 940 ex
2191 878 2273 939 ci-

182 964 373 1026 vitate
386 1010 403 1036 ,
418 966 528 1025 sed
545 964 682 1040 ipsa
699 963 911 1026 civitas
929 974 1030 1026 tuo
1047 971 1107 1025 et
1122 964 1361 1026 Gabinii
1376 967 1594 1028 sceleri
1612 965 1924 1042 furorique
1937 963 2280 1025 cessisset?

316 1046 415 1110 27.
456 1050 549 1109 Ac
580 1056 810 1109 netum
855 1048 1100 1124 quidem
1133 1049 1471 1121 emersisti,
1518 1051 1827 1124 lutulente,
1873 1065 2143 1126 quaeso,
2196 1064 2276 1108 ex

184 1130 544 1193 miserrimis
579 1141 833 1192 naturae
863 1140 1003 1192 tuae
1034 1132 1353 1203 sordibuS‚
1402 1150 1593 1209 quum
1632 1143 1993 1209 experrecta
2029 1133 2272 1194 tandem

185 1216 387 1276 virtus
429 1214 753 1275 clarissimi
794 1214 938 1286 viri,
983 1213 1263 1274 celeriter
1302 1225 1364 1275 et
1391 1233 1601 1276 verum
1629 1217 1890 1277 amicum
1944 1226 2005 1277 et
2046 1216 2274 1291 optime

188 1299 469 1358 meritum
503 1298 698 1357 civem
735 1304 795 1356 et
825 1313 1001 1356 suum
1040 1297 1363 1372 pristinum
1407 1314 1635 1358 morem
1676 1299 2021 1375 requisivit,
2070 1316 2275 1376 neque

188 1388 291 1442 est
324 1381 423 1440 ille
453 1380 544 1438 vir
576 1397 804 1455 passus
839 1379 897 1438 in
931 1396 1004 1440 ea
1036 1397 1102 1439 re
1134 1379 1407 1455 publica,
1456 1397 1639 1456 quam
1669 1380 1806 1457 ipse
1841 1382 2161 1442 decorarat
2188 1391 2276 1442 at-

191 1481 318 1541 que
360 1474 646 1537 auxerat,
703 1463 930 1525 diutius
987 1472 1330 1525 vestrorum
1379 1466 1678 1524 scelerum
1729 1471 1965 1540 pestem
2014 1464 2261 1532 morari.

191 1566 382 1629 quum
417 1557 613 1610 tamen
646 1548 764 1621 ille,
806 1548 1272 1624 qualiscumque
1302 1556 1414 1622 est,
1446 1548 1550 1625 qui
1580 1557 1675 1609 est
1702 1548 1780 1609 ab
1806 1566 1939 1610 ‘uno
1971 1556 2029 1609 te
2053 1548 2277 1624 impro-

190 1632 378 1694 bitate
414 1632 637 1705 victuS,
667 1632 992 1706 Gabinius,
1027 1632 1273 1709 collegit
1297 1632 1441 1709 'ipse
1472 1650 1571 1704 se,
1609 1633 1740 1709 vix,
1770 1634 1882 1694 sed
1914 1632 2160 1708 collegit
2192 1640 2276 1692 ta·

189 1733 325 1777 men
359 1725 421 1779 et
449 1726 661 1778 contra
697 1734 874 1777 suum
901 1717 1175 1777 Clodium
1221 1718 1477 1794 primum
1521 1717 1838 1790 simulate,
1884 1717 2106 1778 deinde
2153 1733 2272 1776 non

190 1801 466 1877 libenter,
497 1802 575 1860 ad
601 1810 939 1862 extremum
971 1803 1308 1876 tamen'pro
1336 1803 1438 1862 Cn.
1460 1801 1751 1878 Pompeio
1782 1818 1924 1863 vere
1949 1802 2273 1862 vehemen-

189 1895 404 1960 terque
447 1885 780 1961 pugnavit?
861 1885 991 1958 Quo
1049 1885 1295 1961 quidem
1350 1885 1814 1961 inxspectaculo
1860 1887 2009 1946 mira
2060 1886 2272 1961 populi

189 1969 449 2030 Romani
478 1970 759 2046 aequitas
783 1978 930 2030 erat.
963 1971 1111 2031 Uter
1139 1986 1353 2031 eorum
1385 1970 1667 2047 perisset,
1698 1979 2006 2046 tamquam
2031 1971 2273 2042 lanista,

188 2056 247 2113 in
274 2056 408 2115 eius
431 2055 595 2113 modi
623 2055 752 2129 pari
778 2055 1008 2114 lucrum
1034 2054 1163 2114 fieri
1183 2055 1461 2130 putabat:
1487 2055 1882 2115 immortalem
1912 2071 2057 2114 vero
2086 2071 2273 2129 quae-

188 2146 379 2211 stum,
428 2137 481 2198 si
524 2146 782 2213 uterque
825 2137 1172 2199 cecidisset.
1263 2138 1362 2200 28.
1396 2138 1521 2199 Sed
1558 2137 1657 2199 ille
1688 2147 1884 2202 tamen
1916 2139 2138 2212 agebat
2167 2136 2274 2197 ali·
2366 2144 2369 2147 ’

189 2221 371 2296 quid:
421 2224 701 2282 tuebatur
740 2222 1157 2282 auctoritatem
1190 2223 1417 2283 'summi
1452 2221 1583 2298 viri.
1669 2223 1815 2283 Erat
1842 2222 1978 2297 ipse
2008 2223 2275 2282 scelera-

190 2315 316 2376 tuS,
349 2314 480 2366 erat
507 2305 835 2381 gladiator:
881 2322 1016 2365 cum
1053 2308 1353 2368 scelerato
1385 2316 1583 2367 tamen
1621 2314 1845 2367 etcum
1886 2305 2015 2382 pari
2044 2305 2273 2381 gladia-

192 2398 321 2449 tore
360 2390 684 2464 pugnabat.
760 2390 867 2461 Tu,
901 2389 1135 2451 scilicet
1165 2391 1350 2451 homo
1386 2390 1712 2465 religiosus
1743 2399 1803 2451 et
1833 2399 2113 2464 sanctuS,
2148 2391 2273 2449 loe-

190 2473 338 2545 duS‚
383 2475 549 2549 quod
591 2491 728 2534 meo
775 2473 1072 2549 sanguine
1115 2474 1173 2534 in
1221 2474 1506 2550 pactione
1551 2474 2001 2549 provinciarum
2053 2473 2271 2544 iceras,

194 2559 471 2632 frangere
501 2557 770 2619 noluisti.
818 2558 1075 2617 Caverat
1110 2558 1271 2617 enim
1307 2558 1422 2617 sibi
1454 2558 1555 2617 llle
1587 2558 1863 2618 sororius
1896 2558 2153 2630 adulter,
2186 2563 2269 2624 ut,

115 2667 119 2671 ·
191 2640 243 2700 si
280 2640 387 2701 tibi
420 2640 816 2717 provinciam,
850 2640 904 2702 si
939 2640 1294 2713 exercitum,
1326 2640 1379 2700 si
1419 2640 1739 2715 pecuniam
1770 2649 2042 2714 ereptam
2075 2656 2154 2698 ex
2186 2635 2273 2697 rei

192 2725 472 2801 publicae
509 2724 850 2786 visceribus
894 2724 1201 2798 dedisset,
1245 2724 1513 2784 omnium
1541 2720 1657 2802 [ut]
1679 2740 1927 2783 suorum
1971 2724 2272 2782 scelerum

191 2807 427 2869 socium
471 2816 528 2868 te
574 2810 1040 2884 adiutoremque
1088 2809 1439 2883 praeberes,
1527 2809 1739 2881 ltaque
1789 2806 1845 2864 in
1885 2806 1986 2867 illo
2021 2808 2271 2868 tumultu

193 2892 364 2953 fracti
392 2893 611 2967 lasceS,
637 2893 792 2954 ictus
819 2892 972 2968 ipse,
1007 2893 1232 2954 cotidie
1257 2894 1393 2966 tela,
1419 2891 1677 2966 lapides,
1704 2893 1902 2965 fugae,
1930 2892 2271 2967 deprehen·

191 2994 297 3037 sus
323 2976 587 3052 denique
615 2994 750 3037 cum
780 2979 936 3037 l'erro
964 2979 1043 3036 ad
1067 2987 1344 3038 senatum
1368 2975 1441 3050 is,
1474 2993 1654 3052 quem
1679 2977 1754 3036 ad
1786 2974 1891 3035 Cn.
1913 2976 2270 3052 Pompeium

191 3061 653 3122 interimendum
684 3062 1047 3122 collocatum
1081 3061 1275 3122 fuisse
1318 3060 1653 3122 constabat.
1724 3062 1877 3120 Xlll.
1910 3060 2008 3121 29.
2039 3061 2272 3135 Ecquis

193 3144 427 3206 audivit
456 3160 575 3205 non
615 3146 798 3205 modo
828 3144 1128 3205 actionem
1160 3144 1429 3220 aliquam
1461 3154 1565 3205 aut
1594 3144 1982 3215 relationem,
2018 3146 2129 3204 sed
2163 3161 2268 3204 vo-

194 3246 319 3290 cem
346 3229 594 3289 omnino
619 3233 1067 3305 autquerellam
1083 3238 1242 3290 tuam
1261 3236 1291 3287 ’ἒ
1321 3230 1635 3289 consulem
1673 3238 1734 3289 tu
1759 3238 1816 3289 te
1846 3227 2040 3288 ruisse
2065 3236 2267 3305 putaS,

197 3313 364 3374 cuius
391 3312 449 3373 in
490 3312 776 3387 imperio,
819 3311 923 3388 qui
955 3330 1084 3372 rem
1122 3311 1425 3388 publicam
1457 3320 1708 3373 senatus
1740 3312 2097 3372 auctoritate
2142 3312 2267 3369 ser-

196 3406 376 3467 varat,
397 3396 455 3456 in
487 3395 690 3469 ltalia,
723 3397 1020 3470 itemque,
1067 3394 1170 3472 qui
1200 3413 1415 3457 omnes
1448 3394 1714 3456 omnium
1765 3392 2029 3467 gentium
2064 3399 2267 3463 partes

197 3481 379 3543 tribus
416 3473 1152 3556 triumphis'devinxerat,
1182 3478 1236 3540 is
1270 3495 1339 3539 se
1370 3480 1424 3539 in
1459 3479 1703 3554 publico
1743 3483 1867 3536 tuto
1893 3471 2097 3531 statuit
2125 3484 2267 3525 esse
