2514 3928
244 83 445 97 ffl’*

0 95 239 115 V-p-.-.f

16 348 27 363 .
68 310 139 369 ετ
679 304 851 399 οΑΡ.
879 312 1140 366 11-12..
1193 308 1246 368 s.
1282 310 1545 366 27-32.
2031 307 2150 371 185

74 473 234 534 quos
266 452 488 516 videtis
520 463 695 515 veste
730 461 1004 515 mutata?
1034 452 1222 529 Atqui
1257 454 1412 514 haec
1441 462 1583 515 sunt
1611 453 1858 530 indicia,
1892 456 2148 529 iudices,

71 539 268 602 solida
312 547 375 600 et
417 554 741 613 expressa,
780 538 932 597 haec
975 537 1066 612 si
1033 552 1151 597 <rna
1180 537 1498 612 probitatis
1532 554 1651 599 non
1688 541 1889 600 fucata
1919 542 2149 603 sorensi

69 621 300 699 specie,
337 621 450 681 sed
481 621 837 682 domesticis
868 621 1072 682 inusta
1100 619 1263 681 notis
1293 619 1585 682 veritatis.
1667 623 1890 684 Facilis
1925 634 2022 688 est
2049 625 2151 687 illa

68 703 417 768 occursatio
453 714 515 766 et
539 704 828 766 blanditia
861 704 1225 781 popularisz.
1257 704 1584 779 aspicitur,
1615 722 1736 766 non
1768 714 2150 770 attrectatum

68 791 286 864 procul
323 796 611 864 apparet,
643 806 764 849 non
798 790 1130 861 excutitur,
1177 804 1301 848 non
1344 787 1404 848 in
1439 802 1657 850 manus
1688 790 1961 851 sumitur.
2047 792 2152 853 30.

66 871 363 934 Omnibus
394 873 779 948 igitur'rebus
809 882 1087 934 ornatum
1125 871 1462 944 hominem,
1501 879 1622 933 tam
1659 873 1931 935 externis
1966 891 2150 949 quam

63 956 440 1033 domesticis,
470 974 591 1019 non
618 957 800 1019 nullis
835 958 1021 1018 rebus
1037 955 1389 1016 inferiorem
1415 973 1597 1031 quam
1627 964 1706 1030 te,
1740 958 1985 1032 generis
2010 958 2149 1020 dico

61 1051 123 1104 et
172 1040 457 1114 nominis,
516 1041 898 1116 superiorem
952 1040 1119 1111 aliis,
1172 1038 1577 1117 municipum,
1623 1040 1995 1117 vicinorum,
2051 1059 2153 1103 so-

59 1128 348 1188 cietatum
378 1125 606 1199 studio,
628 1125 900 1186 meorum
929 1135 1274 1200 temporum
1310 1125 1635 1200 memoria,
1668 1142 1876 1200 parem
1913 1125 2152 1201 virtute,

57 1209 424 1286 integritate,
458 1208 763 1269 modestia
789 1208 1050 1286 aedilem
1082 1209 1303 1267 factum
1335 1225 1479 1269 esse
1512 1208 1795 1270 miraris?

187 1296 367 1353 Hunc
404 1301 471 1353 tu
500 1291 662 1351 vitae
706 1291 1099 1364 splendorem
1146 1290 1404 1350 maculis
1443 1292 1726 1367 aspergis
1767 1292 1947 1353 istis?
1993 1294 2151 1353 lacis

58 1374 397 1447 adulteria,
443 1389 603 1448 quae
645 1388 823 1431 nemo
857 1389 977 1432 non
1013 1373 1197 1432 modo
1234 1371 1510 1446 nomine,
1541 1375 1652 1441 sed
1683 1391 1762 1437 ne
1801 1376 2150 1449 suspitione

63 1458 315 1534 quidem
340 1457 543 1531 possit
561 1469 921 1529 agnoscere.
964 1453 1318 1514 Bimaritum
1348 1457 1646 1529 appellas,
1674 1465 1744 1517 ut
1767 1458 1952 1518 verba
1974 1458 2154 1518 etiam

63 1543 286 1616 fingaS,
318 1555 442 1599 non
468 1539 668 1599 solum
693 1536 962 1634 crimina.
1006 1538 1263 1598 Ductum
1293 1553 1438 1597 esse
1466 1537 1545 1597 ab
1575 1555 1650 1599 eo
1681 1536 1741 1598 in
1775 1539 2152 1614 provinciam

65 1708 256 1768 nilum
282 1707 339 1766 in
364 1705 688 1765 maledicto
714 1703 1117 1766 mendacium.
1164 1705 1424 1780 Raptam
1447 1721 1591 1765 esse
1615 1706 1942 1776 mimulam,
1987 1707 2151 1780 quod

66 1791 288 1851 dicitur
319 1789 542 1850 Atinae
587 1789 807 1849 factum
855 1804 892 1848 a
926 1789 988 1849 iu
1071 1796 1239 1849 ntute
1284 1797 1491 1849 vetere
1525 1789 1790 1863 quodam
1826 1788 1885 1848 in
1916 1789 2153 1851 scaeni-

62 1890 175 1937 cos
204 1873 338 1935 iure
367 1871 757 1948 maximeque
789 1871 939 1947 oppi
1066 1889 1126 1932 o.
1214 1869 1316 1933 31.
1361 1871 1408 1932 Ο
1437 1871 1917 1935 adolescentiam
1953 1874 2157 1934 tradu-

66 1967 219 2020 ctam
248 1955 723 2054 elegantem-cui
754 1955 1008 2053 quidem·
1030 1973 1216 2032 quum
1241 1956 1411 2031 quod
1439 1955 1677 2018 licuerit
1699 1955 2038 2048 obiiciatur,
2067 1967 2150 2019 ta

66 2058 202 2103 men
235 2042 297 2102 id
326 2040 529 2117 ipsum
563 2041 779 2101 salsum
809 2039 1167 2115 reperiatur.
1189 2041 1570 2102 —Emissus
1594 2041 1783 2117 aliqui
1814 2029 1850 2102 ἐ
1882 2058 2150 2103 carcere.

67 2159 154 2172 —
178 2125 255 2186 Et
271 2124 517 2198 quidem
551 2122 817 2187 emissus
849 2140 958 2199 per
988 2124 1475 2199 imprudentiam,
1508 2125 1793 2198 emissae,
1825 2135 1889 2186 ut
1922 2142 2151 2201 cogno-

67 2206 211 2279 stiS,
250 2206 584 2268 necessarii
614 2207 874 2268 hominis
898 2207 1235 2283 optimique
1264 2208 1680 2269 adolescentis
1707 2217 1957 2283 rogatuz
1989 2209 2152 2269 idem

66 2299 288 2367 p‘ostea
330 2291 784 2365 praemandatis
827 2290 1182 2365 requisitus.
1273 2292 1477 2367 Atque
1519 2292 1673 2352 haec
1719 2307 1835 2352 nec
1876 2293 2002 2352 ulla
2033 2293 2153 2352 alia

65 2383 211 2436 sunt
241 2374 518 2436 coniecta
552 2374 873 2435 maledicta
907 2374 966 2434 in
1004 2376 1138 2435 eius
1172 2374 1387 2448 vitam,
1419 2375 1497 2435 de
1528 2375 1703 2436 cuius
1738 2392 1853 2437 vos
1891 2377 2151 2451 pudore,

62 2457 379 2534 religione,
414 2456 753 2534 integritate
778 2458 1085 2520 dubitetis.
1127 2460 1284 2519 Xlll.
1326 2458 1502 2519 Pater
1525 2475 1691 2533 vero,
1727 2460 1938 2534 inquit,
1967 2459 2152 2521 etiam

61 2543 291 2603 obesse
320 2541 446 2602 filio
479 2542 678 2603 debet.
747 2540 794 2601 Ο
827 2558 1042 2604 vocem
1073 2543 1286 2603 duram
1323 2550 1509 2618 atque
1538 2543 1848 2619 indignam
1882 2552 1981 2604 tua
2008 2559 2142 2618 pro·

59 2626 280 2698 bitate,
316 2625 696 2686 Laterensis!
742 2626 917 2687 Pater
945 2633 1012 2686 ut
1041 2625 1100 2684 in
1134 2626 1360 2686 iudicio
1386 2627 1638 2700 capitis,
1671 2634 1843 2701 pater
1866 2626 2025 2686 ut'in
2060 2624 2149 2684 di-

62 2708 394 2770 micatione
428 2710 837 2780 fortunarum,
875 2718 1050 2784 pater
1091 2717 1156 2769 ut
1184 2711 1346 2784 apud
1380 2710 1533 2769 tales
1563 2708 1732 2768 viros
1765 2707 1992 2769 obesse
2023 2705 2149 2768 filio

60 2794 330 2853 debeat?
370 2791 477 2867 qui
519 2792 572 2853 si
615 2799 806 2866 esset
831 2791 1256 2867 turpissimuS,
1308 2790 1361 2851 si
1404 2791 1907 2861 sordidissimuS‚
1952 2799 2149 2849 tamen

58 2876 201 2951 ipso
234 2875 480 2936 nomine
515 2876 711 2951 patrio
742 2876 977 2937 valeret
1017 2875 1186 2951 apud
1227 2876 1560 2934 clementes
1604 2872 1840 2934 iudices
1873 2880 1941 2933 et
1970 2875 2149 2935 mise-

56 2958 374 3020 ricordes:
408 2960 656 3033 valeret,
687 2959 955 3034 inquam,
988 2958 1293 3020 communi
1320 2974 1509 3019 sensu
1532 2957 1800 3018 omnium
1832 2966 1891 3019 et
1922 2957 2149 3019 dulcis-

60 3041 220 3103 sima
271 3044 803 3104 commendatione
832 3053 1106 3103 naturae.
1205 3041 1309 3103 32.
1341 3042 1466 3103 Sed
1508 3058 1694 3116 quum
1727 3041 1807 3105 sit
1836 3042 1943 3104 Cn.
1974 3044 2148 3103 Plan-

61 3126 197 3187 cius
249 3127 303 3187 is
345 3142 540 3201 eques
576 3128 924 3210 RomanuS,
964 3142 1038 3186 ea
1081 3126 1338 3203 primum
1370 3133 1672 3188 vetustate
1702 3128 2009 3203 equestris
2039 3142 2148 3186 no-

60 3209 278 3281 minis,
312 3220 378 3271 ut
409 3218 615 3286 pater,
646 3218 714 3271 ut
747 3204 1016 3283 av1'1S,ut
1045 3211 1310 3271 maiores
1340 3211 1473 3271 eius
1505 3228 1721 3273 omnes
1757 3211 1998 3286 equites
2027 3211 2149 3269 Ro·

59 3293 229 3356 mani
264 3256 525 3366 luerint,
559 3311 860 3354 summum
915 3294 974 3354 in
1013 3296 1397 3369 praefectura
1428 3293 1865 3357 florentissima
1894 3293 2149 3367 gradum

59 3376 366 3439 tenuerint
388 3387 448 3438 et
482 3340 792 3453 dignitatis
815 3386 876 3439 et
896 3378 1155 3453 gratiae·
1189 3379 1415 3439 deinde
1448 3387 1515 3440 ut
1549 3378 1687 3453 ipse
1717 3378 1796 3436 in
1807 3374 2147 3449 legionibus

57 3461 123 3521 Ρ.
152 3461 357 3523 Crassi
379 3460 768 3536 imperatoris
800 3461 956 3523 inter
979 3462 1405 3523 ornatissimos
1435 3461 1716 3521 homines
1721 3456 2005 3531 ‚equites
2031 3455 2146 3508 Ro·

54 3560 311 3616 manoS‚
358 3555 596 3605 summo
640 3546 974 3621 splendore
1019 3545 1223 3606 fuerit·
1283 3553 1347 3605 ut
1389 3551 1606 3619 postea
1652 3539 1941 3615 princeps
1997 3532 2150 3587 inter

2393 2303 2512 2337 ἰ’
2390 2143 2514 2240 ’ῧῖ
2391 1662 2514 2081 ἴτἰἱῖῗὶῖἱζέᾒ
2411 1426 2514 1609 lma}
2419 1242 2514 1405 'nu
2432 1174 2514 1221 Q
