2514 3928
165 201 260 258 ηε»
470 173 493 275 J
786 189 954 255 CAP.
987 195 1222 247 15—17.
1257 193 1573 258 §.41-47.
1708 174 1711 177 ’
2043 223 2050 231 -
2097 188 2231 250 2223·

163 359 387 420 litatem
408 353 471 418 'in
495 374 671 430 suoS‚
695 355 1052 417 memoriam
1075 353 1377 415 amicitiae
1398 355 1649 431 reliquis
1678 355 2000 419 virtutibus
2030 356 2225 417 omni}

162 443 276 503 bus
308 450 640 516 antepono.
709 439 901 512 Quam
933 438 1181 514 quidem
1212 454 1349 511 vOS,
1380 437 1631 508 iudices,
1668 441 1800 502 eius
1830 440 1890 500 in
1922 456 2086 500 novo
2116 456 2229 516 ge*

158 541 307 586 nere
336 524 674 585 bonitatem
703 521 1052 584 inusitatam
1076 521 1260 583 claris
1289 537 1363 581 ac
1389 525 1894 598 praepotentibus
1919 523 2066 584 viris
2092 540 2226 584 non·
2302 536 2309 543 ·

159 609 345 669 modo
378 623 504 667 non
535 606 854 683 aspernari
884 623 960 668 ac
983 607 1273 677 refutare,
1310 606 1424 665 sed
1455 607 1779 681 complecti
1812 607 1992 667 etiam
2023 612 2085 667 et
2113 623 2220 668 au-

158 707 309 766 gere
346 688 615 761 debetis,
656 699 717 751 et
745 706 821 751 eo
853 690 1077 767 magis,
1122 691 1288 764 quod
1322 688 1542 763 videtis
1576 688 1692 750 hos
1727 690 1905 764 quasi
1936 697 2230 764 sumptos

161 773 293 833 dies
324 774 405 834 ad
439 773 923 836 labefactandam
952 774 1113 835 illius
1145 773 1534 850 dignitatem:
1567 789 1646 834 ex
1674 790 1797 849 qua
1824 771 1907 832 illi
1938 771 2082 832 nihil
2112 773 2228 832 de*

160 855 319 917 trahi
352 863 558 933 potest
602 861 770 934 quod
807 875 932 920 non
962 865 1068 919 aut
1096 856 1339 919 sortiter
1378 858 1535 918 serat
1571 865 1679 918 aut
1711 855 1891 917 facile
1919 854 2229 916 restituat-

160 941 611 1002 Amicissimum
640 941 946 1004 hominem
977 942 1031 1003 si
1064 942 1392 1003 honestate
1421 938 1751 1017 spoliatum
1781 937 2071 1012 audierit,
2104 954 2222 999 nec

155 1023 291 1084 sine
318 1041 542 1100 magno
574 1028 792 1087 dolore
823 1028 980 1087 feret
1005 1042 1121 1086 nec
1152 1026 1214 1085 id
1243 1024 1546 1098 amiserit,
1579 1025 1750 1100 quod
1783 1039 1977 1100 posse
2009 1029 2229 1099 speret

154 1109 530 1183 recuperari.
901 1138 905 1143 ·
1791 1155 1796 1159 .

278 1192 466 1251 XVII.
512 1191 615 1249 45.
662 1190 827 1252 Satis
870 1193 1059 1251 multa
1087 1189 1437 1250 hominibus
1471 1207 1594 1251 non
1629 1190 1854 1265 iniquis
1894 1191 2046 1250 haec
2078 1206 2230 1250 esse

159 1273 403 1344 debent,
423 1271 616 1339 nimis
648 1275 830 1334 etiam
854 1276 1044 1334 multa
1066 1271 1264 1344 vobiS,
1293 1289 1452 1347 quos
1475 1272 1886 1346 aequissimos
1911 1289 2055 1332 esse
2078 1289 2221 1333 con·

158 1354 427 1415 fidimus,
518 1354 644 1415 Sed
685 1364 752 1416 ut
797 1356 1065 1416 omnium
1102 1356 1200 1414 vel
1243 1354 1571 1429 suspitioni
1613 1357 1712 1413 vel
1755 1354 2222 1414 malevolentiae

159 1439 262 1497 vel
286 1437 631 1499 crudelitati
658 1440 811 1500 satis
839 1439 977 1510 fiat,
1014 1439 1284 1498 occultat
1305 1436 1626 1513 pecuniam
1651 1438 2000 1504 Postumus,
2032 1437 2228 1497 latent

157 1521 367 1596 regiae
390 1519 654 1582 divitiae.
716 1522 948 1597 Ecquis
981 1528 1076 1583 est
1106 1537 1185 1581 ex
1219 1526 1387 1581 tanto
1420 1523 1652 1596 populo
1686 1518 1790 1593 qui
1823 1519 1986 1578 bona
2016 1518 2077 1578 C.
2102 1520 2226 1578 Ra·

159 1604 295 1665 birii
320 1605 590 1665 Postumi
618 1622 863 1667 nummo
889 1604 1176 1666 sestertio
1200 1602 1318 1664 sibi
1341 1603 1543 1665 addici
1570 1603 1752 1664 velit?
1782 1602 1909 1662 Sed
1934 1600 2228 1663 miserum

158 1690 292 1748 me!
344 1696 574 1763 quanto
607 1689 728 1751 hoc
760 1689 885 1750 dixi
926 1705 1080 1750 cum*
1104 1689 1353 1750 dolore!
1398 1688 1581 1758 Hem,
1623 1688 1942 1758 Postume,
1972 1694 2123 1746 tune
2151 1702 2226 1746 es

161 1772 223 1831 C.
251 1771 438 1832 Curtii
460 1772 641 1841 filius,
668 1773 731 1834 C.
755 1772 983 1834 Rabirii
1006 1771 1231 1833 iudicio
1252 1779 1315 1832 et
1339 1774 1655 1833 voluntate
1676 1770 1860 1842 filius,
1884 1776 2101 1830 natura
2122 1785 2225 1830 so·

155 1855 315 1914 roris
345 1854 547 1915 filius?
590 1858 759 1917 Tune
792 1856 893 1916 ille
915 1856 977 1916 in
1016 1871 1231 1916 omnes
1255 1863 1398 1916 tuos
1432 1854 1744 1916 liberalis?
1784 1853 1959 1915 cuius
1993 1855 2226 1914 multos

156 1937 400 1997 bonitas
432 1938 875 2014 locupletavit?
918 1939 1023 2013 qui
1061 1937 1205 1999 nihil
1248 1938 1618 2014 profudisti?
1659 1936 1804 1999 nihil
1837 1940 2024 1999 ullam
2054 1936 2116 1998 in
2151 1936 2226 1998 li·

159 2017 425 2079 bidinem
447 2020 798 2082 contulisti?
831 2028 950 2091 tua,
970 2023 1282 2093 Postume,
1304 2039 1551 2084 nummo
1569 2022 1856 2083 sestertio
1881 2039 1917 2081 a
1939 2038 2037 2081 me
2052 2020 2226 2081 addi·

158 2104 420 2162 cuntur?
464 2102 567 2162 46.
609 2101 655 2163 Ο
690 2120 893 2165 meum
919 2104 1207 2165 miserum
1239 2106 1654 2180 acerbumque
1676 2104 2106 2181 praeconium!
2139 2106 2222 2163 At

157 2185 282 2244 hoc
307 2186 488 2266 etiam
507 2193 684 2261 optat
705 2187 906 2260 miser,
931 2194 1017 2259 ut,
1042 2188 1096 2248 si
1111 2190 1207 2249 vel
1226 2189 1668 2251 condemnetur
1687 2204 1726 2248 a
1740 2187 1940 2260 vobis,
1962 2188 2046 2248 ita
2056 2187 2223 2248 bona

157 2275 446 2348 veneant,
468 2275 538 2330 ut
551 2270 817 2332 solidum
839 2289 1019 2332 suum
1036 2271 1260 2348 cuique
1282 2275 1588 2334 solvatur:
1613 2271 1757 2333 nihil
1781 2272 1900 2332 iam
1922 2270 2087 2332 aliud
2104 2268 2225 2330 nisi

155 2348 343 2411 fidem
368 2359 568 2425 curat,
596 2370 711 2415 nec
736 2371 853 2417 vos
884 2356 1045 2428 huic,
1071 2354 1125 2416 si
1148 2354 1269 2417 iam
1293 2354 1575 2417 oblivisci
1598 2362 1842 2416 vestrae
1869 2359 2223 2415 mansuetu·

153 2433 317 2495 dinis
346 2437 680 2507 volueritis,
712 2438 1043 2517 quidquam
1069 2447 1397 2516 praeterea
1416 2438 1681 2516 potestis
1715 2438 1973 2515 eripere.
2022 2437 2225 2512 Quod,

150 2516 422 2591 iudiceS,
456 2534 537 2580 ne
565 2520 805 2584 faciatis
838 2538 950 2584 oro
982 2523 1387 2597 obtestorque
1417 2539 1565 2592 vos,
1596 2528 1784 2596 atque
1809 2539 1883 2583 eo
1911 2521 2133 2595 magis,
2166 2518 2224 2579 si

147 2602 502 2664 adventicia
532 2604 794 2679 pecunia
819 2606 1050 2682 petitur
1080 2605 1157 2665 ab
1182 2622 1279 2673 eo,
1312 2604 1412 2665 cui
1433 2621 1549 2666 sua
1577 2621 1702 2665 non
1731 2605 2026 2665 redditur.
2069 2602 2222 2661 Nam

146 2684 215 2744 in
248 2700 407 2757 eum,
440 2688 540 2747 cui
561 2686 985 2749 misericordia
1017 2688 1306 2765 opitulari
1345 2688 1638 2756 debebat,
1681 2687 1910 2747 invidia
1942 2683 2225 2761 quaesita

146 2773 270 2828 est.
311 2769 414 2829 47.
449 2769 575 2832 Sed
602 2769 749 2844 iam,
783 2771 1102 2848 quoniam,
1132 2779 1202 2833 ut
1222 2787 1443 2847 spero,
1477 2771 1677 2844 fidem,
1713 2786 1895 2844 quam
1923 2768 2030 2830 tibi
2056 2766 2221 2839 dedi,

147 2852 451 2927 praestiti,
480 2854 793 2927 Postume,
822 2857 1074 2917 reddam
1100 2856 1281 2916 etiam
1305 2854 1589 2915 lacrimas
1613 2870 1769 2930 quas
1793 2853 2024 2924 debeo:
2061 2867 2223 2927 quas

146 2934 407 3009 quidem
443 2953 557 3012 ego
592 2936 824 2999 tuasin
857 2955 993 2999 meo
1033 2955 1183 3000 casu
1212 2937 1508 3015 plurimas
1542 2936 1683 2999 vidi.
1745 2939 2046 3020 Versatur
2075 2942 2221 2997 anto

147 3018 376 3079 oculos
406 3021 689 3081 luctuosa
722 3037 849 3083 nox
892 3022 1044 3083 meis
1077 3022 1390 3096 omnibuS,
1433 3038 1622 3097 quum
1665 3031 1729 3083 lu
1758 3029 1954 3083 totum
1988 3029 2051 3083 te
2080 3035 2223 3080 cum,

148 3100 278 3162 tuis
312 3103 511 3178 copiis
544 3105 625 3165 ad
658 3120 756 3165 me
785 3105 1076 3168 detulisti.
1147 3110 1237 3167 Tu
1274 3105 1629 3179 comitibuS,
1675 3114 1742 3167 tu
1775 3105 2118 3182 praesidio,
2156 3111 2221 3163 tu

150 3184 339 3245 etiam
369 3193 541 3248 tanto
571 3190 851 3264 pondere
878 3189 1041 3263 auri,
1075 3197 1369 3265 quantum
1398 3197 1642 3267 tempus
1666 3189 1812 3251 illud
1848 3186 2217 3265 postulabat,

153 3268 507 3330 discessum
540 3270 709 3332 illum
751 3272 1143 3335 sustentasti:
1187 3282 1253 3335 tu
1287 3290 1617 3350 numquam
1653 3274 1803 3334 meis
1833 3288 1933 3332 me
1961 3271 2220 3330 absente

157 3348 397 3420 liberis,
444 3371 776 3430 numquam
805 3356 1051 3433 coniugi
1093 3374 1270 3419 meae
1299 3356 1568 3419 defuisti.
1652 3358 1913 3417 Possum
1950 3352 2225 3434 excitare

156 3434 388 3496 multos
412 3436 752 3513 [reductos]
777 3447 972 3504 testes
1006 3440 1382 3503 liberalitatis
1405 3449 1577 3503 tuae:
1609 3439 1779 3516 quod
1802 3452 1992 3509 saepe
2012 3423 2225 3492 audivi
