2514 3928
230 212 353 276 330
523 213 601 272 IN
626 213 706 272 M.
739 211 1139 272 ANTONIUM
1173 209 1456 272 ORATIO
1493 211 1915 271 PHILIPPICA
1946 217 2017 270 11.
2255 217 2341 271 32

215 367 324 431 dis
339 364 756 439 municipales,
770 363 1050 439 homines
1065 363 1323 435 honesti,
1351 363 1429 423 ob
1443 361 1602 422 viam
1618 360 1972 422 necessario
1992 363 2334 438 prodeun-

231 457 340 520 teS,
356 463 476 508 non
493 455 637 507 noto
664 444 766 507 illo
795 454 855 507 et
879 446 1117 506 mimico
1138 445 1397 519 nomine,
1423 447 1534 505 sed
1551 443 1937 508 Volumniam
1954 447 2329 507 consaluta-

228 529 391 590 bant.
440 528 824 604 Sequebatur
845 531 1033 589 raeda
1063 545 1199 589 cum
1232 528 1586 600 lenonibuS‚
1632 526 1884 589 comites
1915 528 2326 603 nequissimi,

229 614 454 673 reiecta
493 620 685 673 mater
729 612 984 673 amicam
1021 612 1238 686 impuri
1281 611 1388 672 filii
1416 620 1719 687 tamquam
1751 627 1964 670 nurum
1996 612 2321 686 sequeba-

232 706 341 757 tur.
433 693 479 755 Ο
512 694 773 757 miserae
811 695 1080 755 mulieris
1112 695 1538 756 secunditatem
1571 694 2018 754 calamitosam!
2064 696 2321 755 Horum

229 777 594 854 flagitiorum
636 776 753 839 iste
790 777 1065 854 vestigiis
1102 778 1305 839 omnia
1337 776 1697 852 municipia,
1729 778 2170 852 praefecturas,
2206 795 2321 839 co·

229 862 441 935 loniaS,
481 871 664 924 totam
696 862 962 936 denique
989 861 1213 921 ltaliam
1242 859 1570 937 impressit.

346 943 448 1007 59.
481 944 878 1019 Reliquorum
908 944 1200 1004 factorum
1230 945 1383 1018 eius,
1418 952 1621 1018 patres
1652 943 2004 1019 conscripti,
2029 944 2318 1005 difficilis

229 1037 324 1089 est
353 1045 503 1089 sane
532 1026 930 1102 reprehensio
979 1034 1041 1087 et
1072 1026 1323 1088 lubrica.
1413 1029 1710 1089 Versatus
1740 1026 1990 1094 inbello
2023 1036 2152 1088 est:
2202 1044 2313 1087 sa-

231 1112 453 1172 turavit
482 1127 551 1171 se
582 1111 879 1185 sanguine
903 1108 1440 1172 dissimillimorum
1483 1112 1577 1170 sui
1609 1110 1860 1171 civium:
1907 1111 2051 1170 felix
2074 1111 2221 1184 suit,
2254 1110 2313 1172 si

227 1201 433 1269 potest
460 1195 583 1253 ulla
618 1193 677 1253 in
709 1195 942 1254 scelere
971 1209 1115 1254 esse
1146 1193 1421 1256 felicitas,
1513 1194 1637 1254 Sed
1669 1192 1957 1269 quoniam
1991 1194 2311 1255 veteranis

227 1285 470 1338 cautum
501 1292 643 1337 esse
671 1278 971 1348 volumuS,
999 1294 1366 1353 quamquam
1393 1276 1706 1337 dissimilis
1729 1285 1825 1338 est
1838 1276 2088 1348 militum
2109 1293 2312 1338 causa

226 1370 286 1421 et
317 1368 416 1422 tua
443 1395 529 1407 —
569 1359 654 1420 illi
685 1360 878 1422 secuti
913 1370 1079 1422 sunt:
1110 1369 1173 1421 tu
1205 1360 1500 1436 quaesisti
1531 1360 1746 1421 ducem
1774 1394 1890 1435 —,
1946 1368 2178 1432 tamen,
2226 1377 2310 1420 ne

226 1446 393 1518 apud
423 1444 561 1506 illos
593 1461 688 1503 me
721 1443 780 1504 in
811 1444 1098 1505 invidiam
1133 1461 1339 1517 voceS,
1370 1442 1516 1503 nihil
1546 1443 1624 1503 de
1646 1460 1872 1519 genere
1902 1442 2044 1504 belli
2078 1445 2298 1503 dicam.

226 1528 438 1590 Victor
471 1545 505 1589 e
532 1527 846 1588 Thessalia
874 1527 1262 1588 Brundisium
1304 1544 1439 1587 cum
1472 1526 1812 1602 legionibus
1844 1528 2165 1589 revertisti.
2210 1526 2308 1587 lbi

226 1626 323 1670 me
349 1609 470 1673 non
510 1611 819 1672 occidistiz
850 1627 1133 1686 magnum
1155 1610 1550 1670 beneficium!
1583 1609 1865 1671 Potuisse
1893 1612 2051 1670 enim
2084 1612 2304 1671 fateor.

226 1693 602 1771 Quamquam
625 1712 803 1755 nemo
830 1703 957 1754 crat
986 1710 1211 1765 eorum,
1245 1692 1349 1768 qui
1373 1700 1495 1753 tum
1521 1702 1716 1754 tecum
1744 1695 1998 1765 fuerunt,
2027 1693 2129 1767 qui
2153 1693 2302 1754 mihi

228 1794 349 1837 non
394 1785 676 1838 censeret
708 1779 873 1852 parci
902 1786 1206 1852 oportere.
1270 1775 1372 1840 60.
1403 1778 1592 1837 Tanta
1622 1785 1718 1836 est
1746 1776 1909 1837 enim
1934 1777 2155 1837 caritas
2190 1793 2298 1853 pa·

228 1860 406 1934 triae,
449 1868 517 1921 ut
565 1860 788 1921 vestris
817 1861 995 1921 etiam
1028 1859 1369 1936 legionibus
1403 1869 1656 1920 sanctus
1687 1875 1888 1920 essem
1908 1907 1922 1932 ‚
1955 1861 2124 1935 quod
2158 1877 2295 1921 eam

224 1961 261 2005 a
304 1960 399 2006 me
442 1950 746 2006 servatam
786 1960 929 2007 esse
969 1945 1403 2006 meminissent.
1505 1943 1629 2004 Sed
1691 1944 1784 2004 fac
1827 1942 1890 2004 id
1931 1952 1989 2005 te
2045 1943 2297 2005 dedisse

225 2027 386 2102 mihi,
426 2029 590 2103 quod
624 2046 745 2090 non
776 2028 1074 2102 ademisti,
1105 2045 1327 2104 meque
1349 2045 1386 2087 a
1412 2036 1468 2088 te
1498 2026 1723 2086 habere
1756 2028 1968 2102 vitam,
1999 2027 2141 2104 quia
2172 2044 2291 2087 non

226 2131 262 2171 a
310 2120 366 2172 te
399 2113 479 2174 sit
507 2120 745 2188 erepta:
783 2111 1027 2172 licuitne
1062 2111 1203 2171 mihi
1238 2129 1348 2186 per
1377 2119 1511 2172 tuas
1546 2111 1945 2171 contumelias
1976 2111 2091 2171 hoc
2127 2120 2292 2171 tuum

225 2195 587 2256 beneficium
621 2196 711 2256 sic
748 2194 929 2266 tueri,
963 2204 1027 2257 ut
1060 2196 1290 2266 tuebar,
1322 2192 1675 2269 praesertim
1709 2211 1891 2269 quum
1925 2202 1981 2254 te
2007 2194 2160 2254 haec
2188 2211 2288 2254 au·

225 2277 486 2338 diturum
529 2277 819 2339 videres?
869 2279 1053 2337 XXV.
1094 2277 1196 2339 61.
1235 2276 1474 2338 Venisti
1505 2276 1926 2351 Brundisium,
1990 2278 2050 2336 in
2096 2276 2286 2338 sinum

227 2359 469 2434 quidem
527 2369 588 2420 et
626 2361 683 2418 in
733 2362 1119 2436 complexum
1173 2369 1312 2421 tuae
1364 2358 1666 2420 mimulae.
1764 2360 1921 2434 Quid
1968 2368 2102 2422 est?
2139 2362 2289 2421 Num

226 2442 529 2504 mentior?
571 2442 762 2517 Quam
803 2443 1089 2505 miserum
1131 2451 1226 2505 est
1253 2442 1316 2503 id
1347 2459 1573 2519 negare
1602 2460 1724 2504 non
1761 2445 2183 2519 posse,-quod
2214 2445 2287 2504 sit

226 2525 639 2603 turpissimum
685 2527 988 2589 confiteri!
1032 2527 1096 2588 Si
1138 2535 1195 2588 te
1223 2527 1693 2601 municipiorum
1729 2544 1849 2589 non
1891 2528 2183 2602 pudebat,
2215 2543 2285 2586 ne

224 2610 493 2672 veterani
537 2608 783 2686 quidem
824 2610 1173 2673 exercitus?
1215 2610 1362 2686 Quis
1398 2609 1559 2670 enim
1600 2610 1776 2670 miles
1821 2610 1931 2673 fuit
1972 2612 2075 2686 qui
2101 2611 2281 2670 Brun-

225 2694 365 2756 disii
414 2694 572 2755 illam
619 2712 738 2756 non
784 2694 1046 2756 viderit?
1086 2694 1223 2771 quis
1272 2694 1375 2770 qui
1415 2693 1705 2756 nescierit
1744 2693 1992 2755 venisse
2026 2711 2156 2755 eam
2186 2693 2280 2756 tibi

222 2784 313 2839 tot
352 2770 598 2840 dierunffi
609 2777 767 2840 viam
788 2780 1190 2854 gratulatum?
1218 2778 1357 2855 quis
1383 2777 1632 2854 quinon
1658 2777 1980 2839 indoluerit
2009 2785 2124 2838 tam
2152 2792 2279 2838 sero

223 2876 294 2920 se
334 2880 515 2936 quam
560 2880 824 2939 nequam
865 2862 1172 2924 hominem
1210 2869 1460 2923 secutus
1502 2869 1671 2922 esset
1726 2867 2163 2938 cognoscere?-
2188 2858 2278 2919 62.

224 2942 430 3003 ltaliae
459 2962 673 3006 rursus
707 2948 1084 3021 percursatio
1116 2946 1332 3006 eadem
1361 2945 1582 3006 comite
1605 2943 1814 3004 mima:
1847 2944 1908 3005 in
1934 2944 2163 3021 oppida
2183 2943 2278 3001 mi-

223 3023 388 3086 litum
420 3027 686 3088 crudelis
721 3037 782 3090 et
810 3028 1033 3090 misera
1063 3027 1379 3091 deductim
1411 3027 1471 3089 in
1499 3029 1652 3089 urbe
1685 3027 1847 3103 auri,
1886 3027 2136 3104 argenti,
2167 3043 2278 3086 ma·

222 3108 511 3183 ximeque
554 3109 680 3169 vini
725 3112 908 3171 foeda
953 3112 1232 3188 direptio.
1321 3112 1606 3173 Accessit
1647 3119 1714 3173 ut
1755 3112 2017 3173 Caesare
2059 3110 2276 3185 ignaro,

228 3206 415 3262 quum
447 3201 615 3251 esset
646 3193 744 3251 ille
775 3194 1217 3267 Alexandreae,
1252 3193 1555 3256 beneficio
1587 3192 1921 3256 amicorum
1949 3193 2083 3255 eius
2108 3190 2276 3268 magi·

226 3278 351 3330 ster
399 3273 670 3348 equitum
712 3274 1198 3356 constitueretur.
1298 3278 1448 3340 Tum
1491 3276 1862 3339 existimavit
1903 3294 1973 3339 se
2019 3294 2134 3339 suo
2162 3277 2277 3336 iure

223 3368 360 3412 cum
390 3353 611 3429 Hippia
641 3355 848 3417 vivere
878 3365 939 3417 et
968 3373 1167 3433 equos
1204 3361 1536 3438 vectigales
1573 3359 1790 3435 Sergio
1821 3362 2000 3435 mimo
2030 3359 2274 3420 tradere.

222 3433 368 3524 Tum
412 3436 523 3496 sibi
559 3453 679 3497 non
705 3439 892 3507 hanc.
938 3457 1118 3514 quam
1159 3459 1323 3504 nunc
1360 3445 1516 3504 male
1546 3451 1760 3517 tuetur,
1799 3437 2018 3504 sed'M.
2050 3439 2274 3503 Pisonis
