<?xml version="1.0" encoding="UTF-8"?>
<!DOCTYPE html PUBLIC "-//W3C//DTD XHTML 1.0 Transitional//EN"
    "http://www.w3.org/TR/xhtml1/DTD/xhtml1-transitional.dtd">
<html xmlns="http://www.w3.org/1999/xhtml" xml:lang="en" lang="en">
 <head>
  <title>
</title>
<meta http-equiv="Content-Type" content="text/html;charset=utf-8" />
  <meta name='ocr-system' content='tesseract 3.04.00' />
  <meta name='ocr-capabilities' content='ocr_page ocr_carea ocr_par ocr_line ocrx_word'/>
</head>
<body>
  <div class='ocr_page' id='page_1' title='image "./scriptaquaemans02cicegoog_0435.png"; bbox 0 0 2514 3928; ppageno 0'>
   <div class='ocr_carea' id='block_1_1' title="bbox 236 216 2306 289">
    <p class='ocr_par' dir='ltr' id='par_1_1' title="bbox 236 216 2306 289">
     <span class='ocr_line' id='line_1_1' title="bbox 236 216 2306 289; baseline 0.003 -14"><span class='ocrx_word' id='word_1_1' title='bbox 236 225 304 283; x_wconf 80' lang='grc'>77</span> <span class='ocrx_word' id='word_1_2' title='bbox 856 216 1023 277; x_wconf 81' lang='grc' dir='ltr'><strong>ΟΑΡ.</strong></span> <span class='ocrx_word' id='word_1_3' title='bbox 1051 224 1281 279; x_wconf 84' lang='lat'>9—11.</span> <span class='ocrx_word' id='word_1_4' title='bbox 1315 222 1367 283; x_wconf 77' lang='lat' dir='ltr'>S.</span> <span class='ocrx_word' id='word_1_5' title='bbox 1398 224 1665 278; x_wconf 71' lang='lat'>24—30.</span> <span class='ocrx_word' id='word_1_6' title='bbox 2182 220 2306 289; x_wconf 71' lang='grc'>375</span> 
     </span>
    </p>
   </div>
   <div class='ocr_carea' id='block_1_2' title="bbox 226 367 2310 3527">
    <p class='ocr_par' dir='ltr' id='par_1_2' title="bbox 235 367 2308 694">
     <span class='ocr_line' id='line_1_2' title="bbox 235 367 2305 449; baseline 0.002 -18"><span class='ocrx_word' id='word_1_7' title='bbox 235 368 362 445; x_wconf 89' lang='lat' dir='ltr'>puli</span> <span class='ocrx_word' id='word_1_8' title='bbox 401 367 654 441; x_wconf 81' lang='lat' dir='ltr'>Romani</span> <span class='ocrx_word' id='word_1_9' title='bbox 687 374 1046 443; x_wconf 68' lang='lat' dir='ltr'>oppugnet?</span> <span class='ocrx_word' id='word_1_10' title='bbox 1097 369 1266 428; x_wconf 89' lang='lat' dir='ltr'>Itane</span> <span class='ocrx_word' id='word_1_11' title='bbox 1297 374 1489 429; x_wconf 67' lang='lat' dir='ltr'>vero?</span> <span class='ocrx_word' id='word_1_12' title='bbox 1528 367 1646 429; x_wconf 90' lang='lat' dir='ltr'>hoc</span> <span class='ocrx_word' id='word_1_13' title='bbox 1679 385 1790 444; x_wconf 91' lang='lat' dir='ltr'>per</span> <span class='ocrx_word' id='word_1_14' title='bbox 1820 370 2058 446; x_wconf 89' lang='lat' dir='ltr'>legatos</span> <span class='ocrx_word' id='word_1_15' title='bbox 2084 388 2305 449; x_wconf 83' lang='lat' dir='ltr'>rogan-</span> 
     </span>
     <span class='ocr_line' id='line_1_3' title="bbox 236 450 2308 526; baseline 0.002 -13"><span class='ocrx_word' id='word_1_16' title='bbox 236 453 379 514; x_wconf 87' lang='lat' dir='ltr'>dum</span> <span class='ocrx_word' id='word_1_17' title='bbox 409 458 549 513; x_wconf 66' lang='lat' dir='ltr'>est?</span> <span class='ocrx_word' id='word_1_18' title='bbox 633 451 790 526; x_wconf 86' lang='lat' dir='ltr'><strong>Quid</strong></span> <span class='ocrx_word' id='word_1_19' title='bbox 824 450 1107 524; x_wconf 87' lang='lat' dir='ltr'>interest,</span> <span class='ocrx_word' id='word_1_20' title='bbox 1151 467 1262 526; x_wconf 89' lang='lat' dir='ltr'>per</span> <span class='ocrx_word' id='word_1_21' title='bbox 1292 452 1448 512; x_wconf 88' lang='lat' dir='ltr'>deos</span> <span class='ocrx_word' id='word_1_22' title='bbox 1483 452 1885 514; x_wconf 79' lang='lat' dir='ltr'>immortales!</span> <span class='ocrx_word' id='word_1_23' title='bbox 1924 463 2122 516; x_wconf 88' lang='lat' dir='ltr'>utrum</span> <span class='ocrx_word' id='word_1_24' title='bbox 2151 455 2308 519; x_wconf 86' lang='lat' dir='ltr'>hanc</span> 
     </span>
     <span class='ocr_line' id='line_1_4' title="bbox 237 532 2304 611; baseline 0.002 -15"><span class='ocrx_word' id='word_1_25' title='bbox 237 536 447 596; x_wconf 90' lang='lat' dir='ltr'>urbem</span> <span class='ocrx_word' id='word_1_26' title='bbox 491 543 811 611; x_wconf 80' lang='lat' dir='ltr'>oppugnet</span> <span class='ocrx_word' id='word_1_27' title='bbox 848 550 927 595; x_wconf 88' lang='lat' dir='ltr'>an</span> <span class='ocrx_word' id='word_1_28' title='bbox 967 532 1148 596; x_wconf 88' lang='lat' dir='ltr'>huius</span> <span class='ocrx_word' id='word_1_29' title='bbox 1182 534 1352 595; x_wconf 90' lang='lat' dir='ltr'>urbis</span> <span class='ocrx_word' id='word_1_30' title='bbox 1397 538 1950 611; x_wconf 79' lang='lat' dir='ltr'>propugnaculum,</span> <span class='ocrx_word' id='word_1_31' title='bbox 2003 538 2304 601; x_wconf 88' lang='lat' dir='ltr'>coloniam</span> 
     </span>
     <span class='ocr_line' id='line_1_5' title="bbox 237 615 2305 694; baseline 0.003 -15"><span class='ocrx_word' id='word_1_32' title='bbox 237 616 453 694; x_wconf 90' lang='lat' dir='ltr'>populi</span> <span class='ocrx_word' id='word_1_33' title='bbox 479 616 738 680; x_wconf 87' lang='lat' dir='ltr'>Romani</span> <span class='ocrx_word' id='word_1_34' title='bbox 776 615 1072 694; x_wconf 87' lang='lat' dir='ltr'>praesidii</span> <span class='ocrx_word' id='word_1_35' title='bbox 1112 632 1304 679; x_wconf 89' lang='lat' dir='ltr'>causa</span> <span class='ocrx_word' id='word_1_36' title='bbox 1334 618 1735 679; x_wconf 69' lang='lat' dir='ltr'>collocatam?</span> <span class='ocrx_word' id='word_1_37' title='bbox 1782 619 1936 681; x_wconf 91' lang='lat' dir='ltr'>Belli</span> <span class='ocrx_word' id='word_1_38' title='bbox 1967 620 2178 684; x_wconf 85' lang='lat' dir='ltr'>Punici</span> <span class='ocrx_word' id='word_1_39' title='bbox 2208 639 2305 685; x_wconf 86' lang='lat' dir='ltr'>se·</span> 
     </span>
    </p>

    <p class='ocr_par' dir='ltr' id='par_1_3' title="bbox 237 700 2309 861">
     <span class='ocr_line' id='line_1_6' title="bbox 237 700 2309 782; baseline 0.003 -20"><span class='ocrx_word' id='word_1_40' title='bbox 237 701 452 773; x_wconf 89' lang='lat' dir='ltr'>cundi,</span> <span class='ocrx_word' id='word_1_41' title='bbox 495 701 664 777; x_wconf 90' lang='lat' dir='ltr'>quod</span> <span class='ocrx_word' id='word_1_42' title='bbox 698 708 913 762; x_wconf 87' lang='lat' dir='ltr'>contra</span> <span class='ocrx_word' id='word_1_43' title='bbox 937 700 1204 762; x_wconf 90' lang='lat' dir='ltr'>maiores</span> <span class='ocrx_word' id='word_1_44' title='bbox 1234 709 1483 763; x_wconf 90' lang='lat' dir='ltr'>nostros</span> <span class='ocrx_word' id='word_1_45' title='bbox 1511 701 1812 762; x_wconf 82' lang='lat' dir='ltr'><strong>Hannibal</strong></span> <span class='ocrx_word' id='word_1_46' title='bbox 1844 703 2071 782; x_wconf 88' lang='lat' dir='ltr'>gessit,</span> <span class='ocrx_word' id='word_1_47' title='bbox 2119 722 2309 768; x_wconf 86' lang='lat' dir='ltr'>causa</span> 
     </span>
     <span class='ocr_line' id='line_1_7' title="bbox 240 782 2307 867; baseline 0.003 -23"><span class='ocrx_word' id='word_1_48' title='bbox 240 783 350 847; x_wconf 77' lang='lat' dir='ltr'>fuit</span> <span class='ocrx_word' id='word_1_49' title='bbox 379 783 631 860; x_wconf 79' lang='lat' dir='ltr'>Sagunti</span> <span class='ocrx_word' id='word_1_50' title='bbox 660 782 1058 867; x_wconf 77' lang='lat' dir='ltr'>oppugnatio.</span> <span class='ocrx_word' id='word_1_51' title='bbox 1143 786 1337 846; x_wconf 81' lang='lat' dir='ltr'>Recte</span> <span class='ocrx_word' id='word_1_52' title='bbox 1370 783 1451 845; x_wconf 88' lang='lat' dir='ltr'>ad</span> <span class='ocrx_word' id='word_1_53' title='bbox 1481 801 1618 846; x_wconf 90' lang='lat' dir='ltr'>eum</span> <span class='ocrx_word' id='word_1_54' title='bbox 1649 784 1830 861; x_wconf 89' lang='lat' dir='ltr'>legati</span> <span class='ocrx_word' id='word_1_55' title='bbox 1864 785 2056 847; x_wconf 89' lang='lat' dir='ltr'>missi.</span> <span class='ocrx_word' id='word_1_56' title='bbox 2111 788 2307 851; x_wconf 87' lang='lat' dir='ltr'>Mitte·</span> 
     </span>
    </p>

    <p class='ocr_par' dir='ltr' id='par_1_4' title="bbox 236 856 2306 946">
     <span class='ocr_line' id='line_1_8' title="bbox 236 856 2306 946; baseline 0.003 -18"><span class='ocrx_word' id='word_1_57' title='bbox 236 869 455 929; x_wconf 84' lang='lat' dir='ltr'>bantur</span> <span class='ocrx_word' id='word_1_58' title='bbox 484 868 566 928; x_wconf 88' lang='lat' dir='ltr'>ad</span> <span class='ocrx_word' id='word_1_59' title='bbox 594 868 891 938; x_wconf 88' lang='lat' dir='ltr'>Poenum,</span> <span class='ocrx_word' id='word_1_60' title='bbox 913 856 1312 930; x_wconf 82' lang='lat' dir='ltr'>mittebantur</span> <span class='ocrx_word' id='word_1_61' title='bbox 1342 884 1457 944; x_wconf 88' lang='lat' dir='ltr'>pro</span> <span class='ocrx_word' id='word_1_62' title='bbox 1477 867 1835 930; x_wconf 78' lang='lat' dir='ltr'>Hannibalis</span> <span class='ocrx_word' id='word_1_63' title='bbox 1867 868 2168 946; x_wconf 89' lang='lat' dir='ltr'>hostibus,</span> <span class='ocrx_word' id='word_1_64' title='bbox 2199 889 2306 935; x_wconf 92' lang='lat' dir='ltr'>no-</span> 
     </span>
    </p>

    <p class='ocr_par' dir='ltr' id='par_1_5' title="bbox 230 950 2310 2361">
     <span class='ocr_line' id='line_1_9' title="bbox 238 950 2303 1030; baseline 0.002 -18"><span class='ocrx_word' id='word_1_65' title='bbox 238 951 381 1013; x_wconf 84' lang='lat' dir='ltr'>stris</span> <span class='ocrx_word' id='word_1_66' title='bbox 426 950 635 1012; x_wconf 90' lang='lat' dir='ltr'>sociis.</span> <span class='ocrx_word' id='word_1_67' title='bbox 724 950 881 1025; x_wconf 81' lang='lat' dir='ltr'>Quid</span> <span class='ocrx_word' id='word_1_68' title='bbox 921 950 1117 1011; x_wconf 89' lang='lat' dir='ltr'>simile</span> <span class='ocrx_word' id='word_1_69' title='bbox 1158 953 1448 1013; x_wconf 69' lang='lat' dir='ltr'>tandem?</span> <span class='ocrx_word' id='word_1_70' title='bbox 1503 952 1631 1013; x_wconf 87' lang='lat' dir='ltr'>Nos</span> <span class='ocrx_word' id='word_1_71' title='bbox 1658 952 1738 1012; x_wconf 89' lang='lat' dir='ltr'>ad</span> <span class='ocrx_word' id='word_1_72' title='bbox 1767 951 1967 1013; x_wconf 86' lang='lat' dir='ltr'>civem</span> <span class='ocrx_word' id='word_1_73' title='bbox 1998 952 2303 1030; x_wconf 75' lang='lat' dir='ltr'>mittimuS,</span> 
     </span>
     <span class='ocr_line' id='line_1_10' title="bbox 235 1032 2307 1111; baseline 0.002 -17"><span class='ocrx_word' id='word_1_74' title='bbox 235 1052 314 1096; x_wconf 86' lang='lat' dir='ltr'>ne</span> <span class='ocrx_word' id='word_1_75' title='bbox 340 1034 765 1111; x_wconf 77' lang='lat' dir='ltr'>imperatorem</span> <span class='ocrx_word' id='word_1_76' title='bbox 796 1032 1008 1110; x_wconf 88' lang='lat' dir='ltr'>populi</span> <span class='ocrx_word' id='word_1_77' title='bbox 1035 1033 1327 1110; x_wconf 89' lang='lat' dir='ltr'>Romani,</span> <span class='ocrx_word' id='word_1_78' title='bbox 1376 1052 1453 1097; x_wconf 91' lang='lat' dir='ltr'>ne</span> <span class='ocrx_word' id='word_1_79' title='bbox 1483 1036 1845 1109; x_wconf 83' lang='lat' dir='ltr'>exercitum,</span> <span class='ocrx_word' id='word_1_80' title='bbox 1896 1052 1975 1096; x_wconf 87' lang='lat' dir='ltr'>ne</span> <span class='ocrx_word' id='word_1_81' title='bbox 2004 1038 2307 1099; x_wconf 90' lang='lat' dir='ltr'>coloniam</span> 
     </span>
     <span class='ocr_line' id='line_1_11' title="bbox 233 1117 2308 1217; baseline 0.002 -38"><span class='ocrx_word' id='word_1_82' title='bbox 233 1117 708 1192; x_wconf 75' lang='lat' dir='ltr'>circumsedent,</span> <span class='ocrx_word' id='word_1_83' title='bbox 758 1133 837 1177; x_wconf 91' lang='lat' dir='ltr'>ne</span> <span class='ocrx_word' id='word_1_84' title='bbox 876 1126 1219 1194; x_wconf 83' lang='lat' dir='ltr'>oppugnet,</span> <span class='ocrx_word' id='word_1_85' title='bbox 1271 1133 1348 1179; x_wconf 87' lang='lat' dir='ltr'>ne</span> <span class='ocrx_word' id='word_1_86' title='bbox 1378 1135 1576 1196; x_wconf 87' lang='lat' dir='ltr'>agros</span> <span class='ocrx_word' id='word_1_87' title='bbox 1617 1119 2056 1217; x_wconf 81' lang='lat' dir='ltr'>depopuletur,</span> <span class='ocrx_word' id='word_1_88' title='bbox 2106 1137 2185 1182; x_wconf 92' lang='lat' dir='ltr'>ne</span> <span class='ocrx_word' id='word_1_89' title='bbox 2229 1120 2308 1184; x_wconf 88' lang='lat' dir='ltr'>sit</span> 
     </span>
     <span class='ocr_line' id='line_1_12' title="bbox 233 1198 2306 1277; baseline 0.002 -16"><span class='ocrx_word' id='word_1_90' title='bbox 233 1199 476 1261; x_wconf 69' lang='lat' dir='ltr'>hostis?</span> <span class='ocrx_word' id='word_1_91' title='bbox 557 1201 657 1261; x_wconf 90' lang='lat' dir='ltr'>XI.</span> <span class='ocrx_word' id='word_1_92' title='bbox 701 1198 803 1263; x_wconf 82' lang='grc'>28.</span> <span class='ocrx_word' id='word_1_93' title='bbox 844 1200 1009 1275; x_wconf 88' lang='lat' dir='ltr'>Age,</span> <span class='ocrx_word' id='word_1_94' title='bbox 1042 1200 1096 1262; x_wconf 91' lang='lat' dir='ltr'>si</span> <span class='ocrx_word' id='word_1_95' title='bbox 1125 1200 1423 1277; x_wconf 86' lang='lat' dir='ltr'>paruerit,</span> <span class='ocrx_word' id='word_1_96' title='bbox 1458 1202 1576 1263; x_wconf 86' lang='lat' dir='ltr'>hoc</span> <span class='ocrx_word' id='word_1_97' title='bbox 1605 1203 1738 1263; x_wconf 90' lang='lat' dir='ltr'>cive</span> <span class='ocrx_word' id='word_1_98' title='bbox 1771 1201 1857 1264; x_wconf 93' lang='lat' dir='ltr'>uti</span> <span class='ocrx_word' id='word_1_99' title='bbox 1885 1212 1992 1265; x_wconf 88' lang='lat' dir='ltr'>aut</span> <span class='ocrx_word' id='word_1_100' title='bbox 2023 1205 2306 1267; x_wconf 87' lang='lat' dir='ltr'>volumus</span> 
     </span>
     <span class='ocr_line' id='line_1_13' title="bbox 235 1284 2305 1359; baseline 0.003 -16"><span class='ocrx_word' id='word_1_101' title='bbox 235 1290 340 1344; x_wconf 91' lang='lat' dir='ltr'>aut</span> <span class='ocrx_word' id='word_1_102' title='bbox 367 1290 744 1359; x_wconf 69' lang='lat' dir='ltr'>possumus?</span> <span class='ocrx_word' id='word_1_103' title='bbox 795 1285 953 1344; x_wconf 82' lang='lat' dir='ltr'>Ante</span> <span class='ocrx_word' id='word_1_104' title='bbox 992 1284 1153 1345; x_wconf 91' lang='lat' dir='ltr'>diem</span> <span class='ocrx_word' id='word_1_105' title='bbox 1178 1300 1316 1344; x_wconf 86' lang='lat' dir='ltr'>xm.</span> <span class='ocrx_word' id='word_1_106' title='bbox 1343 1284 1654 1346; x_wconf 86' lang='lat' dir='ltr'>Kalendas</span> <span class='ocrx_word' id='word_1_107' title='bbox 1688 1286 2001 1350; x_wconf 86' lang='lat' dir='ltr'>Ianuarias</span> <span class='ocrx_word' id='word_1_108' title='bbox 2040 1287 2305 1351; x_wconf 79' lang='lat' dir='ltr'>decretis</span> 
     </span>
     <span class='ocr_line' id='line_1_14' title="bbox 235 1365 2304 1438; baseline 0.004 -14"><span class='ocrx_word' id='word_1_109' title='bbox 235 1367 462 1427; x_wconf 89' lang='lat' dir='ltr'>vestris</span> <span class='ocrx_word' id='word_1_110' title='bbox 495 1382 634 1428; x_wconf 89' lang='lat' dir='ltr'>eum</span> <span class='ocrx_word' id='word_1_111' title='bbox 663 1365 1054 1428; x_wconf 83' lang='lat' dir='ltr'>concidistis=</span> <span class='ocrx_word' id='word_1_112' title='bbox 1100 1366 1501 1430; x_wconf 88' lang='lat' dir='ltr'>constituistis</span> <span class='ocrx_word' id='word_1_113' title='bbox 1548 1376 1615 1428; x_wconf 93' lang='lat' dir='ltr'>ut</span> <span class='ocrx_word' id='word_1_114' title='bbox 1654 1367 1808 1438; x_wconf 82' lang='lat' dir='ltr'>haec</span> <span class='ocrx_word' id='word_1_115' title='bbox 1837 1369 1916 1428; x_wconf 88' lang='lat' dir='ltr'>ad</span> <span class='ocrx_word' id='word_1_116' title='bbox 1948 1386 2060 1429; x_wconf 90' lang='lat' dir='ltr'>vos</span> <span class='ocrx_word' id='word_1_117' title='bbox 2082 1370 2304 1432; x_wconf 87' lang='lat' dir='ltr'>Kalen-</span> 
     </span>
     <span class='ocr_line' id='line_1_15' title="bbox 235 1448 2303 1526; baseline 0.003 -17"><span class='ocrx_word' id='word_1_118' title='bbox 235 1448 334 1511; x_wconf 89' lang='lat' dir='ltr'>dis</span> <span class='ocrx_word' id='word_1_119' title='bbox 359 1451 656 1512; x_wconf 87' lang='lat' dir='ltr'>Ianuariis</span> <span class='ocrx_word' id='word_1_120' title='bbox 684 1450 1056 1510; x_wconf 83' lang='lat' dir='ltr'>reserrentur</span> <span class='ocrx_word' id='word_1_121' title='bbox 1073 1496 1089 1523; x_wconf 90' lang='lat'>,</span> <span class='ocrx_word' id='word_1_122' title='bbox 1133 1467 1294 1525; x_wconf 89' lang='lat' dir='ltr'>quae</span> <span class='ocrx_word' id='word_1_123' title='bbox 1321 1451 1533 1511; x_wconf 84' lang='lat' dir='ltr'>referri</span> <span class='ocrx_word' id='word_1_124' title='bbox 1565 1449 1817 1526; x_wconf 81' lang='lat' dir='ltr'>videtis,</span> <span class='ocrx_word' id='word_1_125' title='bbox 1859 1451 1937 1512; x_wconf 91' lang='lat' dir='ltr'>de</span> <span class='ocrx_word' id='word_1_126' title='bbox 1965 1451 2303 1515; x_wconf 88' lang='lat' dir='ltr'>honoribus</span> 
     </span>
     <span class='ocr_line' id='line_1_16' title="bbox 235 1531 2303 1610; baseline -0.001 -16"><span class='ocrx_word' id='word_1_127' title='bbox 235 1541 298 1595; x_wconf 91' lang='lat' dir='ltr'>et</span> <span class='ocrx_word' id='word_1_128' title='bbox 347 1531 634 1610; x_wconf 86' lang='lat' dir='ltr'>praemiis</span> <span class='ocrx_word' id='word_1_129' title='bbox 684 1533 844 1594; x_wconf 89' lang='lat' dir='ltr'>bene</span> <span class='ocrx_word' id='word_1_130' title='bbox 893 1532 973 1593; x_wconf 90' lang='lat' dir='ltr'>de</span> <span class='ocrx_word' id='word_1_131' title='bbox 1019 1549 1086 1593; x_wconf 90' lang='lat' dir='ltr'>re</span> <span class='ocrx_word' id='word_1_132' title='bbox 1125 1533 1376 1609; x_wconf 89' lang='lat' dir='ltr'>publica</span> <span class='ocrx_word' id='word_1_133' title='bbox 1418 1532 1769 1596; x_wconf 87' lang='lat' dir='ltr'>meritorum</span> <span class='ocrx_word' id='word_1_134' title='bbox 1809 1541 1870 1595; x_wconf 92' lang='lat' dir='ltr'>et</span> <span class='ocrx_word' id='word_1_135' title='bbox 1917 1537 2303 1600; x_wconf 67' lang='lat' dir='ltr'>merentiuma</span> 
     </span>
     <span class='ocr_line' id='line_1_17' title="bbox 236 1614 2304 1696; baseline 0.001 -18"><span class='ocrx_word' id='word_1_136' title='bbox 236 1633 499 1693; x_wconf 91' lang='lat' dir='ltr'>quorum</span> <span class='ocrx_word' id='word_1_137' title='bbox 528 1616 864 1693; x_wconf 87' lang='lat' dir='ltr'>principem</span> <span class='ocrx_word' id='word_1_138' title='bbox 887 1614 1202 1680; x_wconf 87' lang='lat' dir='ltr'>iudicastis</span> <span class='ocrx_word' id='word_1_139' title='bbox 1232 1633 1403 1689; x_wconf 89' lang='lat' dir='ltr'>eum,</span> <span class='ocrx_word' id='word_1_140' title='bbox 1436 1616 1541 1693; x_wconf 90' lang='lat' dir='ltr'>qui</span> <span class='ocrx_word' id='word_1_141' title='bbox 1566 1616 1701 1689; x_wconf 77' lang='lat' dir='ltr'>ruit,</span> <span class='ocrx_word' id='word_1_142' title='bbox 1734 1617 1796 1678; x_wconf 86' lang='lat' dir='ltr'>C.</span> <span class='ocrx_word' id='word_1_143' title='bbox 1821 1618 2160 1696; x_wconf 87' lang='lat' dir='ltr'>Caesarem,</span> <span class='ocrx_word' id='word_1_144' title='bbox 2198 1619 2304 1696; x_wconf 90' lang='lat' dir='ltr'>qui</span> 
     </span>
     <span class='ocr_line' id='line_1_18' title="bbox 233 1699 2305 1776; baseline 0.002 -17"><span class='ocrx_word' id='word_1_145' title='bbox 233 1701 314 1760; x_wconf 89' lang='grc' dir='ltr'>Μ.</span> <span class='ocrx_word' id='word_1_146' title='bbox 350 1700 602 1762; x_wconf 89' lang='lat' dir='ltr'>Antonii</span> <span class='ocrx_word' id='word_1_147' title='bbox 631 1699 894 1776; x_wconf 90' lang='lat' dir='ltr'>impetus</span> <span class='ocrx_word' id='word_1_148' title='bbox 922 1699 1194 1766; x_wconf 82' lang='lat' dir='ltr'>nefarios</span> <span class='ocrx_word' id='word_1_149' title='bbox 1225 1701 1303 1760; x_wconf 91' lang='lat' dir='ltr'>ab</span> <span class='ocrx_word' id='word_1_150' title='bbox 1339 1702 1492 1761; x_wconf 89' lang='lat' dir='ltr'>urbe</span> <span class='ocrx_word' id='word_1_151' title='bbox 1530 1702 1586 1760; x_wconf 90' lang='lat' dir='ltr'>in</span> <span class='ocrx_word' id='word_1_152' title='bbox 1621 1700 1874 1768; x_wconf 82' lang='lat' dir='ltr'>Galliam</span> <span class='ocrx_word' id='word_1_153' title='bbox 1905 1704 2149 1763; x_wconf 79' lang='lat' dir='ltr'>avertit=</span> <span class='ocrx_word' id='word_1_154' title='bbox 2199 1704 2305 1764; x_wconf 89' lang='lat' dir='ltr'>de-</span> 
     </span>
     <span class='ocr_line' id='line_1_19' title="bbox 234 1782 2310 1861; baseline 0.001 -18"><span class='ocrx_word' id='word_1_155' title='bbox 234 1783 377 1845; x_wconf 86' lang='lat' dir='ltr'>inde</span> <span class='ocrx_word' id='word_1_156' title='bbox 406 1784 626 1846; x_wconf 86' lang='lat' dir='ltr'>milites</span> <span class='ocrx_word' id='word_1_157' title='bbox 666 1792 1009 1858; x_wconf 78' lang='lat' dir='ltr'>veteranoS,</span> <span class='ocrx_word' id='word_1_158' title='bbox 1035 1782 1139 1859; x_wconf 91' lang='lat' dir='ltr'>qui</span> <span class='ocrx_word' id='word_1_159' title='bbox 1165 1783 1343 1860; x_wconf 90' lang='lat' dir='ltr'>primi</span> <span class='ocrx_word' id='word_1_160' title='bbox 1366 1783 1694 1846; x_wconf 84' lang='lat' dir='ltr'>Caesarem</span> <span class='ocrx_word' id='word_1_161' title='bbox 1715 1783 1913 1846; x_wconf 88' lang='lat' dir='ltr'>secuti</span> <span class='ocrx_word' id='word_1_162' title='bbox 1934 1792 2097 1860; x_wconf 84' lang='lat' dir='ltr'>sunt,</span> <span class='ocrx_word' id='word_1_163' title='bbox 2122 1792 2310 1861; x_wconf 84' lang='lat' dir='ltr'>atque</span> 
     </span>
     <span class='ocr_line' id='line_1_20' title="bbox 230 1865 2305 1943; baseline 0 -15"><span class='ocrx_word' id='word_1_164' title='bbox 230 1868 366 1929; x_wconf 86' lang='lat' dir='ltr'>illas</span> <span class='ocrx_word' id='word_1_165' title='bbox 391 1869 691 1929; x_wconf 89' lang='lat' dir='ltr'>caelestes</span> <span class='ocrx_word' id='word_1_166' title='bbox 716 1865 1081 1941; x_wconf 85' lang='lat' dir='ltr'>divinasque</span> <span class='ocrx_word' id='word_1_167' title='bbox 1105 1867 1402 1943; x_wconf 87' lang='lat' dir='ltr'>legiones,</span> <span class='ocrx_word' id='word_1_168' title='bbox 1415 1865 1687 1927; x_wconf 85' lang='lat' dir='ltr'>Martiam</span> <span class='ocrx_word' id='word_1_169' title='bbox 1716 1874 1778 1928; x_wconf 91' lang='lat' dir='ltr'>et</span> <span class='ocrx_word' id='word_1_170' title='bbox 1799 1874 2094 1943; x_wconf 84' lang='lat' dir='ltr'>quartam,</span> <span class='ocrx_word' id='word_1_171' title='bbox 2140 1884 2305 1930; x_wconf 91' lang='lat' dir='ltr'>com-</span> 
     </span>
     <span class='ocr_line' id='line_1_21' title="bbox 232 1949 2301 2028; baseline 0.003 -18"><span class='ocrx_word' id='word_1_172' title='bbox 232 1950 569 2028; x_wconf 88' lang='lat' dir='ltr'>probastis,</span> <span class='ocrx_word' id='word_1_173' title='bbox 615 1951 857 2028; x_wconf 90' lang='lat' dir='ltr'>quibus,</span> <span class='ocrx_word' id='word_1_174' title='bbox 890 1968 1077 2028; x_wconf 88' lang='lat' dir='ltr'>quum</span> <span class='ocrx_word' id='word_1_175' title='bbox 1097 1951 1413 2013; x_wconf 89' lang='lat' dir='ltr'>consulem</span> <span class='ocrx_word' id='word_1_176' title='bbox 1444 1968 1621 2012; x_wconf 92' lang='lat' dir='ltr'>suum</span> <span class='ocrx_word' id='word_1_177' title='bbox 1651 1968 1773 2015; x_wconf 88' lang='lat' dir='ltr'>non</span> <span class='ocrx_word' id='word_1_178' title='bbox 1805 1949 1989 2013; x_wconf 89' lang='lat' dir='ltr'>modo</span> <span class='ocrx_word' id='word_1_179' title='bbox 2019 1950 2301 2028; x_wconf 83' lang='lat' dir='ltr'>reliquis·</span> 
     </span>
     <span class='ocr_line' id='line_1_22' title="bbox 234 2034 2304 2112; baseline -0.001 -14"><span class='ocrx_word' id='word_1_180' title='bbox 234 2042 403 2110; x_wconf 88' lang='lat' dir='ltr'>sent,</span> <span class='ocrx_word' id='word_1_181' title='bbox 455 2035 570 2099; x_wconf 89' lang='lat' dir='ltr'>sed</span> <span class='ocrx_word' id='word_1_182' title='bbox 607 2034 770 2097; x_wconf 89' lang='lat' dir='ltr'>bello</span> <span class='ocrx_word' id='word_1_183' title='bbox 810 2034 991 2096; x_wconf 88' lang='lat' dir='ltr'>etiam</span> <span class='ocrx_word' id='word_1_184' title='bbox 1032 2043 1577 2112; x_wconf 87' lang='lat' dir='ltr'>persequerentur,</span> <span class='ocrx_word' id='word_1_185' title='bbox 1635 2034 1903 2098; x_wconf 91' lang='lat' dir='ltr'>honores</span> <span class='ocrx_word' id='word_1_186' title='bbox 1942 2043 2003 2097; x_wconf 90' lang='lat' dir='ltr'>et</span> <span class='ocrx_word' id='word_1_187' title='bbox 2032 2034 2304 2111; x_wconf 87' lang='lat' dir='ltr'>praemia</span> 
     </span>
     <span class='ocr_line' id='line_1_23' title="bbox 236 2117 2301 2195; baseline 0 -16"><span class='ocrx_word' id='word_1_188' title='bbox 236 2117 696 2194; x_wconf 80' lang='lat' dir='ltr'>spopondistis=</span> <span class='ocrx_word' id='word_1_189' title='bbox 741 2117 1086 2195; x_wconf 85' lang='lat' dir='ltr'>eodemque</span> <span class='ocrx_word' id='word_1_190' title='bbox 1116 2118 1215 2179; x_wconf 89' lang='lat' dir='ltr'>die</span> <span class='ocrx_word' id='word_1_191' title='bbox 1241 2120 1315 2180; x_wconf 91' lang='lat' dir='ltr'>D.</span> <span class='ocrx_word' id='word_1_192' title='bbox 1340 2119 1540 2193; x_wconf 89' lang='lat' dir='ltr'>Bruti,</span> <span class='ocrx_word' id='word_1_193' title='bbox 1590 2117 2094 2194; x_wconf 86' lang='lat' dir='ltr'>praestantissimi</span> <span class='ocrx_word' id='word_1_194' title='bbox 2125 2118 2301 2192; x_wconf 88' lang='lat' dir='ltr'>civis,</span> 
     </span>
     <span class='ocr_line' id='line_1_24' title="bbox 233 2200 2300 2299; baseline 0.001 -37"><span class='ocrx_word' id='word_1_195' title='bbox 233 2201 438 2263; x_wconf 85' lang='lat' dir='ltr'>edicto</span> <span class='ocrx_word' id='word_1_196' title='bbox 460 2201 661 2265; x_wconf 84' lang='lat' dir='ltr'>adlato</span> <span class='ocrx_word' id='word_1_197' title='bbox 686 2210 870 2278; x_wconf 89' lang='lat' dir='ltr'>atque</span> <span class='ocrx_word' id='word_1_198' title='bbox 892 2200 1212 2277; x_wconf 88' lang='lat' dir='ltr'>proposito</span> <span class='ocrx_word' id='word_1_199' title='bbox 1244 2202 1468 2264; x_wconf 83' lang='lat' dir='ltr'>sactum</span> <span class='ocrx_word' id='word_1_200' title='bbox 1499 2201 1635 2263; x_wconf 92' lang='lat' dir='ltr'>eius</span> <span class='ocrx_word' id='word_1_201' title='bbox 1659 2202 2072 2274; x_wconf 81' lang='lat' dir='ltr'>collaudastiS,</span> <span class='ocrx_word' id='word_1_202' title='bbox 2107 2203 2300 2299; x_wconf 69' lang='lat' dir='ltr'>quoq-</span> 
     </span>
     <span class='ocr_line' id='line_1_25' title="bbox 238 2284 2301 2361; baseline 0 -16"><span class='ocrx_word' id='word_1_203' title='bbox 238 2301 361 2359; x_wconf 89' lang='lat' dir='ltr'>que</span> <span class='ocrx_word' id='word_1_204' title='bbox 403 2284 505 2345; x_wconf 89' lang='lat' dir='ltr'>ille</span> <span class='ocrx_word' id='word_1_205' title='bbox 535 2285 764 2349; x_wconf 87' lang='lat' dir='ltr'>bellum</span> <span class='ocrx_word' id='word_1_206' title='bbox 800 2284 1039 2359; x_wconf 89' lang='lat' dir='ltr'>privato</span> <span class='ocrx_word' id='word_1_207' title='bbox 1073 2285 1333 2347; x_wconf 85' lang='lat' dir='ltr'>consilio</span> <span class='ocrx_word' id='word_1_208' title='bbox 1362 2293 1754 2361; x_wconf 87' lang='lat' dir='ltr'>susceperat,</span> <span class='ocrx_word' id='word_1_209' title='bbox 1794 2285 1856 2345; x_wconf 87' lang='lat' dir='ltr'>id</span> <span class='ocrx_word' id='word_1_210' title='bbox 1895 2301 2009 2351; x_wconf 87' lang='lat' dir='ltr'>vos</span> <span class='ocrx_word' id='word_1_211' title='bbox 2039 2285 2301 2347; x_wconf 87' lang='lat' dir='ltr'>auctori·</span> 
     </span>
    </p>

    <p class='ocr_par' dir='ltr' id='par_1_6' title="bbox 233 2366 2299 2527">
     <span class='ocr_line' id='line_1_26' title="bbox 234 2366 2299 2465; baseline 0 -37"><span class='ocrx_word' id='word_1_212' title='bbox 234 2373 356 2429; x_wconf 86' lang='lat' dir='ltr'>tate</span> <span class='ocrx_word' id='word_1_213' title='bbox 396 2366 642 2465; x_wconf 80' lang='lat' dir='ltr'>publica</span> <span class='ocrx_word' id='word_1_214' title='bbox 693 2368 1164 2443; x_wconf 87' lang='lat' dir='ltr'>comprobastis</span> <span class='ocrx_word' id='word_1_215' title='bbox 1246 2368 1352 2432; x_wconf 81' lang='lat'>29.</span> <span class='ocrx_word' id='word_1_216' title='bbox 1410 2367 1566 2444; x_wconf 82' lang='lat' dir='ltr'>Quid</span> <span class='ocrx_word' id='word_1_217' title='bbox 1619 2366 1800 2447; x_wconf 86' lang='lat' dir='ltr'>igitur</span> <span class='ocrx_word' id='word_1_218' title='bbox 1846 2366 1950 2430; x_wconf 89' lang='lat' dir='ltr'>illo</span> <span class='ocrx_word' id='word_1_219' title='bbox 1995 2366 2096 2439; x_wconf 86' lang='lat' dir='ltr'>die</span> <span class='ocrx_word' id='word_1_220' title='bbox 2135 2369 2299 2430; x_wconf 88' lang='lat' dir='ltr'>aliud</span> 
     </span>
     <span class='ocr_line' id='line_1_27' title="bbox 233 2446 2300 2527; baseline 0 -16"><span class='ocrx_word' id='word_1_221' title='bbox 233 2449 448 2527; x_wconf 79' lang='lat' dir='ltr'>egistis</span> <span class='ocrx_word' id='word_1_222' title='bbox 477 2447 597 2515; x_wconf 82' lang='lat' dir='ltr'>nisi</span> <span class='ocrx_word' id='word_1_223' title='bbox 626 2458 689 2512; x_wconf 89' lang='lat' dir='ltr'>ut</span> <span class='ocrx_word' id='word_1_224' title='bbox 718 2451 957 2514; x_wconf 89' lang='lat' dir='ltr'>hostem</span> <span class='ocrx_word' id='word_1_225' title='bbox 992 2450 1344 2516; x_wconf 87' lang='lat' dir='ltr'>iudicaretis</span> <span class='ocrx_word' id='word_1_226' title='bbox 1371 2446 1746 2514; x_wconf 67' lang='lat' dir='ltr'>Antonium?</span> <span class='ocrx_word' id='word_1_227' title='bbox 1795 2451 1906 2513; x_wconf 89' lang='lat' dir='ltr'>His</span> <span class='ocrx_word' id='word_1_228' title='bbox 1934 2452 2162 2515; x_wconf 83' lang='lat' dir='ltr'>vestris</span> <span class='ocrx_word' id='word_1_229' title='bbox 2193 2453 2300 2512; x_wconf 92' lang='lat' dir='ltr'>de·</span> 
     </span>
    </p>

    <p class='ocr_par' dir='ltr' id='par_1_7' title="bbox 231 2532 2300 2615">
     <span class='ocr_line' id='line_1_28' title="bbox 231 2532 2300 2615; baseline 0 -21"><span class='ocrx_word' id='word_1_230' title='bbox 231 2532 418 2595; x_wconf 86' lang='lat' dir='ltr'>cretis</span> <span class='ocrx_word' id='word_1_231' title='bbox 452 2541 558 2599; x_wconf 88' lang='lat' dir='ltr'>aut</span> <span class='ocrx_word' id='word_1_232' title='bbox 594 2533 699 2595; x_wconf 88' lang='lat' dir='ltr'>ille</span> <span class='ocrx_word' id='word_1_233' title='bbox 738 2551 853 2596; x_wconf 87' lang='lat' dir='ltr'>vos</span> <span class='ocrx_word' id='word_1_234' title='bbox 891 2552 1097 2614; x_wconf 91' lang='lat' dir='ltr'>aequo</span> <span class='ocrx_word' id='word_1_235' title='bbox 1133 2534 1339 2598; x_wconf 87' lang='lat' dir='ltr'>animo</span> <span class='ocrx_word' id='word_1_236' title='bbox 1375 2534 1654 2612; x_wconf 87' lang='lat' dir='ltr'>aspicere</span> <span class='ocrx_word' id='word_1_237' title='bbox 1685 2533 1907 2615; x_wconf 86' lang='lat' dir='ltr'>poterit</span> <span class='ocrx_word' id='word_1_238' title='bbox 1935 2544 2039 2596; x_wconf 89' lang='lat' dir='ltr'>aut</span> <span class='ocrx_word' id='word_1_239' title='bbox 2074 2552 2191 2597; x_wconf 87' lang='lat' dir='ltr'>vos</span> <span class='ocrx_word' id='word_1_240' title='bbox 2231 2535 2300 2594; x_wconf 88' lang='lat' dir='ltr'>il·</span> 
     </span>
    </p>

    <p class='ocr_par' dir='ltr' id='par_1_8' title="bbox 230 2617 2301 2693">
     <span class='ocr_line' id='line_1_29' title="bbox 230 2617 2301 2693; baseline 0.001 -17"><span class='ocrx_word' id='word_1_241' title='bbox 230 2620 353 2679; x_wconf 90' lang='lat' dir='ltr'>lum</span> <span class='ocrx_word' id='word_1_242' title='bbox 400 2617 533 2679; x_wconf 91' lang='lat' dir='ltr'>sine</span> <span class='ocrx_word' id='word_1_243' title='bbox 572 2618 787 2679; x_wconf 90' lang='lat' dir='ltr'>dolore</span> <span class='ocrx_word' id='word_1_244' title='bbox 826 2636 1063 2680; x_wconf 91' lang='lat' dir='ltr'>summo</span> <span class='ocrx_word' id='word_1_245' title='bbox 1106 2618 1439 2681; x_wconf 72' lang='lat' dir='ltr'>videbitis?</span> <span class='ocrx_word' id='word_1_246' title='bbox 1491 2619 1769 2680; x_wconf 83' lang='lat' dir='ltr'>Exclusit</span> <span class='ocrx_word' id='word_1_247' title='bbox 1799 2619 1963 2679; x_wconf 88' lang='lat' dir='ltr'>illum</span> <span class='ocrx_word' id='word_1_248' title='bbox 2009 2633 2047 2677; x_wconf 89' lang='lat' dir='ltr'>a</span> <span class='ocrx_word' id='word_1_249' title='bbox 2085 2634 2154 2678; x_wconf 84' lang='lat' dir='ltr'>re</span> <span class='ocrx_word' id='word_1_250' title='bbox 2193 2633 2301 2693; x_wconf 90' lang='lat' dir='ltr'>pu·</span> 
     </span>
    </p>

    <p class='ocr_par' dir='ltr' id='par_1_9' title="bbox 226 2697 2302 2946">
     <span class='ocr_line' id='line_1_30' title="bbox 227 2697 2300 2778; baseline 0 -18"><span class='ocrx_word' id='word_1_251' title='bbox 227 2700 419 2776; x_wconf 86' lang='lat' dir='ltr'>blica,</span> <span class='ocrx_word' id='word_1_252' title='bbox 477 2699 788 2774; x_wconf 81' lang='lat' dir='ltr'>distraxit,</span> <span class='ocrx_word' id='word_1_253' title='bbox 848 2702 1197 2778; x_wconf 88' lang='lat' dir='ltr'>segregavit</span> <span class='ocrx_word' id='word_1_254' title='bbox 1237 2719 1360 2765; x_wconf 92' lang='lat' dir='ltr'>non</span> <span class='ocrx_word' id='word_1_255' title='bbox 1415 2704 1614 2766; x_wconf 89' lang='lat' dir='ltr'>solum</span> <span class='ocrx_word' id='word_1_256' title='bbox 1654 2704 1862 2763; x_wconf 89' lang='lat' dir='ltr'>scelus</span> <span class='ocrx_word' id='word_1_257' title='bbox 1899 2697 2130 2775; x_wconf 88' lang='lat' dir='ltr'>ipsius,</span> <span class='ocrx_word' id='word_1_258' title='bbox 2187 2701 2300 2761; x_wconf 91' lang='lat' dir='ltr'>sed</span> 
     </span>
     <span class='ocr_line' id='line_1_31' title="bbox 226 2780 2302 2863; baseline -0.001 -20"><span class='ocrx_word' id='word_1_259' title='bbox 226 2782 442 2857; x_wconf 88' lang='lat' dir='ltr'>etiam,</span> <span class='ocrx_word' id='word_1_260' title='bbox 474 2792 541 2845; x_wconf 91' lang='lat' dir='ltr'>ut</span> <span class='ocrx_word' id='word_1_261' title='bbox 570 2783 715 2849; x_wconf 87' lang='lat' dir='ltr'>mihi</span> <span class='ocrx_word' id='word_1_262' title='bbox 747 2783 1006 2858; x_wconf 88' lang='lat' dir='ltr'>videtur,</span> <span class='ocrx_word' id='word_1_263' title='bbox 1040 2787 1282 2849; x_wconf 79' lang='lat' dir='ltr'>fortuna</span> <span class='ocrx_word' id='word_1_264' title='bbox 1307 2787 1607 2863; x_wconf 86' lang='lat' dir='ltr'>quaedam</span> <span class='ocrx_word' id='word_1_265' title='bbox 1634 2782 1726 2845; x_wconf 87' lang='lat' dir='ltr'>rei</span> <span class='ocrx_word' id='word_1_266' title='bbox 1754 2781 2053 2860; x_wconf 86' lang='lat' dir='ltr'>publicae.</span> <span class='ocrx_word' id='word_1_267' title='bbox 2104 2781 2218 2858; x_wconf 78' lang='lat' dir='ltr'>Qui</span> <span class='ocrx_word' id='word_1_268' title='bbox 2246 2780 2302 2842; x_wconf 90' lang='lat' dir='ltr'>si</span> 
     </span>
     <span class='ocr_line' id='line_1_32' title="bbox 228 2862 2303 2946; baseline 0 -20"><span class='ocrx_word' id='word_1_269' title='bbox 228 2866 448 2944; x_wconf 85' lang='lat' dir='ltr'>legatis</span> <span class='ocrx_word' id='word_1_270' title='bbox 472 2866 743 2944; x_wconf 88' lang='lat' dir='ltr'>paruerit</span> <span class='ocrx_word' id='word_1_271' title='bbox 769 2869 1147 2946; x_wconf 86' lang='lat' dir='ltr'>Romamque</span> <span class='ocrx_word' id='word_1_272' title='bbox 1173 2867 1441 2943; x_wconf 79' lang='lat' dir='ltr'>redierit,</span> <span class='ocrx_word' id='word_1_273' title='bbox 1458 2885 1600 2928; x_wconf 90' lang='lat' dir='ltr'>num</span> <span class='ocrx_word' id='word_1_274' title='bbox 1622 2883 1913 2945; x_wconf 88' lang='lat' dir='ltr'>umquam</span> <span class='ocrx_word' id='word_1_275' title='bbox 1936 2862 2189 2943; x_wconf 83' lang='lat' dir='ltr'>perditis</span> <span class='ocrx_word' id='word_1_276' title='bbox 2219 2863 2303 2927; x_wconf 92' lang='lat' dir='ltr'>ci-</span> 
     </span>
    </p>

    <p class='ocr_par' dir='ltr' id='par_1_10' title="bbox 228 2946 2302 3113">
     <span class='ocr_line' id='line_1_33' title="bbox 228 2946 2302 3028; baseline 0.001 -21"><span class='ocrx_word' id='word_1_277' title='bbox 228 2946 413 3011; x_wconf 85' lang='lat' dir='ltr'>vibus</span> <span class='ocrx_word' id='word_1_278' title='bbox 447 2951 732 3019; x_wconf 87' lang='lat' dir='ltr'>vexillum</span> <span class='ocrx_word' id='word_1_279' title='bbox 770 2967 891 3028; x_wconf 89' lang='lat' dir='ltr'>quo</span> <span class='ocrx_word' id='word_1_280' title='bbox 926 2962 1293 3014; x_wconf 88' lang='lat' dir='ltr'>concurrant</span> <span class='ocrx_word' id='word_1_281' title='bbox 1319 2953 1667 3014; x_wconf 81' lang='lat' dir='ltr'>defuturum</span> <span class='ocrx_word' id='word_1_282' title='bbox 1701 2947 1971 3026; x_wconf 72' lang='lat' dir='ltr'>putatis?</span> <span class='ocrx_word' id='word_1_283' title='bbox 2021 2949 2146 3012; x_wconf 91' lang='lat' dir='ltr'>Sed</span> <span class='ocrx_word' id='word_1_284' title='bbox 2180 2950 2302 3013; x_wconf 89' lang='lat' dir='ltr'>hoc</span> 
     </span>
     <span class='ocr_line' id='line_1_34' title="bbox 229 3031 2298 3113; baseline 0.001 -22"><span class='ocrx_word' id='word_1_285' title='bbox 229 3031 432 3097; x_wconf 88' lang='lat' dir='ltr'>minus</span> <span class='ocrx_word' id='word_1_286' title='bbox 456 3049 703 3095; x_wconf 89' lang='lat' dir='ltr'>vereor·</span> <span class='ocrx_word' id='word_1_287' title='bbox 736 3043 879 3096; x_wconf 87' lang='lat' dir='ltr'>sunt</span> <span class='ocrx_word' id='word_1_288' title='bbox 898 3035 1020 3105; x_wconf 88' lang='lat' dir='ltr'>alia</span> <span class='ocrx_word' id='word_1_289' title='bbox 1041 3053 1202 3113; x_wconf 88' lang='lat' dir='ltr'>quae</span> <span class='ocrx_word' id='word_1_290' title='bbox 1229 3037 1424 3112; x_wconf 88' lang='lat' dir='ltr'>magis</span> <span class='ocrx_word' id='word_1_291' title='bbox 1446 3033 1688 3099; x_wconf 88' lang='lat' dir='ltr'>timeam</span> <span class='ocrx_word' id='word_1_292' title='bbox 1718 3043 1778 3096; x_wconf 89' lang='lat' dir='ltr'>et</span> <span class='ocrx_word' id='word_1_293' title='bbox 1806 3032 2087 3110; x_wconf 87' lang='lat' dir='ltr'>cogitem.</span> <span class='ocrx_word' id='word_1_294' title='bbox 2117 3034 2298 3095; x_wconf 85' lang='lat' dir='ltr'>Num-</span> 
     </span>
    </p>

    <p class='ocr_par' dir='ltr' id='par_1_11' title="bbox 229 3116 2300 3213">
     <span class='ocr_line' id='line_1_35' title="bbox 229 3116 2300 3213; baseline -0.001 -36"><span class='ocrx_word' id='word_1_295' title='bbox 229 3132 415 3213; x_wconf 79' lang='lat' dir='ltr'>quam</span> <span class='ocrx_word' id='word_1_296' title='bbox 447 3116 689 3194; x_wconf 87' lang='lat' dir='ltr'>parebit</span> <span class='ocrx_word' id='word_1_297' title='bbox 714 3116 816 3179; x_wconf 88' lang='lat' dir='ltr'>ille</span> <span class='ocrx_word' id='word_1_298' title='bbox 851 3118 1086 3194; x_wconf 88' lang='lat' dir='ltr'>legatis.</span> <span class='ocrx_word' id='word_1_299' title='bbox 1153 3117 1314 3179; x_wconf 87' lang='lat' dir='ltr'>Novi</span> <span class='ocrx_word' id='word_1_300' title='bbox 1342 3117 1606 3180; x_wconf 88' lang='lat' dir='ltr'>hominis</span> <span class='ocrx_word' id='word_1_301' title='bbox 1639 3116 1966 3192; x_wconf 90' lang='lat' dir='ltr'>insaniam,</span> <span class='ocrx_word' id='word_1_302' title='bbox 1999 3118 2300 3192; x_wconf 84' lang='lat' dir='ltr'>adrogan-</span> 
     </span>
    </p>

    <p class='ocr_par' dir='ltr' id='par_1_12' title="bbox 228 3196 2304 3527">
     <span class='ocr_line' id='line_1_36' title="bbox 228 3196 2301 3278; baseline 0 -19"><span class='ocrx_word' id='word_1_303' title='bbox 228 3197 405 3260; x_wconf 89' lang='lat' dir='ltr'>tiam.</span> <span class='ocrx_word' id='word_1_304' title='bbox 448 3200 593 3261; x_wconf 87' lang='lat' dir='ltr'>novi</span> <span class='ocrx_word' id='word_1_305' title='bbox 626 3202 864 3276; x_wconf 86' lang='lat' dir='ltr'>perdita</span> <span class='ocrx_word' id='word_1_306' title='bbox 902 3202 1159 3264; x_wconf 87' lang='lat' dir='ltr'>consilia</span> <span class='ocrx_word' id='word_1_307' title='bbox 1186 3202 1555 3278; x_wconf 89' lang='lat' dir='ltr'>amicorum,</span> <span class='ocrx_word' id='word_1_308' title='bbox 1602 3200 1825 3278; x_wconf 82' lang='lat' dir='ltr'>quibus</span> <span class='ocrx_word' id='word_1_309' title='bbox 1853 3201 1956 3263; x_wconf 86' lang='lat' dir='ltr'>ille</span> <span class='ocrx_word' id='word_1_310' title='bbox 1997 3210 2093 3262; x_wconf 90' lang='lat' dir='ltr'>est</span> <span class='ocrx_word' id='word_1_311' title='bbox 2127 3196 2301 3267; x_wconf 78' lang='lat' dir='ltr'>dedi-</span> 
     </span>
     <span class='ocr_line' id='line_1_37' title="bbox 228 3281 2298 3361; baseline -0.001 -18"><span class='ocrx_word' id='word_1_312' title='bbox 228 3290 350 3344; x_wconf 88' lang='lat' dir='ltr'>tus.</span> <span class='ocrx_word' id='word_1_313' title='bbox 433 3281 536 3345; x_wconf 85' lang='lat'>30.</span> <span class='ocrx_word' id='word_1_314' title='bbox 580 3282 807 3347; x_wconf 88' lang='lat' dir='ltr'>Lucius</span> <span class='ocrx_word' id='word_1_315' title='bbox 838 3283 1085 3361; x_wconf 89' lang='lat' dir='ltr'>quidem</span> <span class='ocrx_word' id='word_1_316' title='bbox 1115 3286 1301 3359; x_wconf 77' lang='lat' dir='ltr'>frater</span> <span class='ocrx_word' id='word_1_317' title='bbox 1330 3283 1492 3360; x_wconf 86' lang='lat' dir='ltr'>eius,</span> <span class='ocrx_word' id='word_1_318' title='bbox 1527 3293 1739 3361; x_wconf 89' lang='lat' dir='ltr'>utpote</span> <span class='ocrx_word' id='word_1_319' title='bbox 1771 3285 1876 3360; x_wconf 91' lang='lat' dir='ltr'>qui</span> <span class='ocrx_word' id='word_1_320' title='bbox 1903 3298 2163 3361; x_wconf 89' lang='lat' dir='ltr'>peregre</span> <span class='ocrx_word' id='word_1_321' title='bbox 2192 3281 2298 3340; x_wconf 88' lang='lat' dir='ltr'>de·</span> 
     </span>
     <span class='ocr_line' id='line_1_38' title="bbox 229 3364 2301 3444; baseline -0.002 -19"><span class='ocrx_word' id='word_1_322' title='bbox 229 3364 543 3442; x_wconf 87' lang='lat' dir='ltr'>pugnarit,</span> <span class='ocrx_word' id='word_1_323' title='bbox 579 3366 860 3429; x_wconf 76' lang='lat' dir='ltr'>familiam</span> <span class='ocrx_word' id='word_1_324' title='bbox 890 3367 1074 3430; x_wconf 90' lang='lat' dir='ltr'>ducit.</span> <span class='ocrx_word' id='word_1_325' title='bbox 1133 3367 1225 3430; x_wconf 87' lang='lat' dir='ltr'>Sit</span> <span class='ocrx_word' id='word_1_326' title='bbox 1255 3384 1368 3444; x_wconf 89' lang='lat' dir='ltr'>per</span> <span class='ocrx_word' id='word_1_327' title='bbox 1394 3385 1465 3430; x_wconf 89' lang='lat' dir='ltr'>se</span> <span class='ocrx_word' id='word_1_328' title='bbox 1500 3366 1638 3444; x_wconf 89' lang='lat' dir='ltr'>ipse</span> <span class='ocrx_word' id='word_1_329' title='bbox 1669 3383 1892 3440; x_wconf 88' lang='lat' dir='ltr'>sanus,</span> <span class='ocrx_word' id='word_1_330' title='bbox 1929 3365 2095 3440; x_wconf 92' lang='lat' dir='ltr'>quod</span> <span class='ocrx_word' id='word_1_331' title='bbox 2126 3379 2301 3422; x_wconf 88' lang='lat' dir='ltr'>num·</span> 
     </span>
     <span class='ocr_line' id='line_1_39' title="bbox 230 3440 2304 3527; baseline -0.004 -19"><span class='ocrx_word' id='word_1_332' title='bbox 230 3462 414 3523; x_wconf 88' lang='lat' dir='ltr'>quam</span> <span class='ocrx_word' id='word_1_333' title='bbox 456 3448 596 3511; x_wconf 80' lang='lat' dir='ltr'>erit:</span> <span class='ocrx_word' id='word_1_334' title='bbox 648 3467 758 3527; x_wconf 89' lang='lat' dir='ltr'>per</span> <span class='ocrx_word' id='word_1_335' title='bbox 803 3451 917 3512; x_wconf 90' lang='lat' dir='ltr'>hos</span> <span class='ocrx_word' id='word_1_336' title='bbox 960 3468 1104 3513; x_wconf 87' lang='lat' dir='ltr'>esse</span> <span class='ocrx_word' id='word_1_337' title='bbox 1148 3451 1205 3512; x_wconf 89' lang='lat' dir='ltr'>ei</span> <span class='ocrx_word' id='word_1_338' title='bbox 1239 3461 1442 3513; x_wconf 88' lang='lat' dir='ltr'>tamen</span> <span class='ocrx_word' id='word_1_339' title='bbox 1474 3467 1597 3512; x_wconf 91' lang='lat' dir='ltr'>non</span> <span class='ocrx_word' id='word_1_340' title='bbox 1630 3447 1854 3510; x_wconf 87' lang='lat' dir='ltr'>licebit.</span> <span class='ocrx_word' id='word_1_341' title='bbox 1929 3440 2178 3505; x_wconf 84' lang='lat' dir='ltr'>Teretur</span> <span class='ocrx_word' id='word_1_342' title='bbox 2212 3441 2304 3501; x_wconf 89' lang='lat' dir='ltr'>in-</span> 
     </span>
    </p>
   </div>
  </div>
 </body>
</html>
