2514 3928
246 72 253 73 ff
340 72 345 73 ⁷

134 107 176 116 .-
192 109 695 122 Q*„——u———u
738 120 775 124 γ-

704 298 865 360 :Aa
894 307 1124 360 9-··--ll.
1170 305 1223 363 S.
1253 302 1521 361 22—27.
1593 361 1605 371 ,
2082 301 2170 362 65

95 448 531 526 imperatorias
563 449 779 511 laudes
809 466 848 509 a
892 466 1084 526 puero
1115 447 1404 510 videlicet
1447 456 1795 524 spectaras‚
1841 449 2168 511 vehemen-

95 535 217 596 tius
238 534 587 607 invidebaS,
625 533 686 593 C.
714 532 1064 625 Curionem,
1101 541 1462 609 perpetuum
1488 533 1725 593 hostem
1750 532 2168 609 improborum

97 617 400 690 omnium,
430 625 738 677 auctorem
772 601 1000 692 p'ublici
1033 617 1306 688 consilii,
1349 616 1628 677 libertate
1657 617 1965 678 communi
1996 627 2165 679 tuen-

96 703 181 761 da
222 700 485 761 maxime
528 692 810 774 liberum,
867 718 1005 761 eum
1051 701 1178 762 filio
1225 699 1503 776 principe
1545 700 1877 763 iuventutis
1921 718 2055 762 cum
2102 721 2170 763 re

100 784 348 860 publica
376 783 792 845 coniunctiore
814 784 1022 856 etiam,
1058 801 1242 860 quam
1271 785 1347 844 ab
1373 785 1479 846 illa
1500 791 1699 845 aetate
1736 788 2168 860 postulandum

99 869 242 943 ruit,
289 869 495 929 delere
538 867 814 928 voluisti=
885 867 989 929 25.
1025 869 1074 927 L
1151 867 1745 938 Domitium‚·cuius
1802 869 2068 945 dignitas
2109 880 2171 932 et

99 948 396 1028 splendor
422 953 928 1035 praestringebat,
958 952 1166 1026 eredo,
1189 955 1405 1013 oculos
1430 953 1623 1031 [mos],
1646 952 1870 1025 Vatini,
1897 970 2080 1029 quem
2105 962 2171 1014 tu

100 1043 355 1113 propter
382 1053 705 1097 commune
737 1036 943 1096 odium
975 1035 1034 1095 in
1064 1036 1265 1097 bonos
1297 1037 1553 1109 oderaS,
1600 1036 1661 1096 in
1712 1046 2028 1112 posterum
2062 1055 2168 1098 au-

96 1130 217 1182 tem
249 1129 500 1196 propter
529 1120 796 1181 omnium
834 1136 1040 1195 spem,
1079 1136 1239 1195 quae
1273 1120 1352 1180 de
1379 1121 1482 1180 illo
1515 1128 1611 1181 est
1638 1128 1824 1194 atque
1853 1131 2001 1194 erat,
2030 1130 2171 1183 ante

97 1205 408 1280 aliquanto
443 1203 732 1264 timebas=
771 1205 838 1262 L.
862 1205 1197 1274 Lentulum,
1229 1203 1392 1264 hunc
1421 1204 1689 1264 iudicem
1718 1215 2023 1275 nostrum,
2060 1205 2171 1265 fla·

103 1287 327 1348 minem
360 1288 724 1357 Martialem,
759 1286 925 1360 quod
956 1296 1086 1346 erat
1118 1304 1192 1346 eo
1224 1295 1499 1361 tempore
1530 1288 1766 1347 Gabinii
1803 1289 1887 1349 tui
1919 1305 2167 1364 compe-

28 1402 32 1406 -
97 1373 272 1444 titor,
303 1370 582 1430 eiusdem
613 1369 798 1429 Vettii
826 1368 1054 1429 indicio
1087 1369 1436 1443 opprimere
1469 1369 1745 1430 voluisti:
1820 1372 1926 1446 qui
1959 1373 2012 1432 si
2044 1382 2168 1432 tum

99 1454 266 1514 illam
297 1453 495 1512 labem
529 1461 888 1548 pestemque
915 1451 1197 1524 vicisset,
1235 1453 1401 1525 quod
1446 1451 1503 1511 ei
1548 1461 1650 1512 tuo
1684 1457 1917 1513 scelere
1947 1473 2069 1514 non
2105 1455 2167 1513 li-

99 1537 258 1608 cuit,
292 1553 396 1616 res
430 1535 672 1611 publica
703 1535 866 1596 victa
898 1552 1020 1595 non
1053 1544 1240 1595 esset.
1299 1535 1493 1594 Huius
1523 1534 1702 1594 etiam
1734 1536 1919 1596 filium
1953 1538 2170 1597 eodem
2261 1540 2266 1547 ’

97 1619 328 1682 indicio
360 1626 420 1679 et
446 1618 698 1680 crimine
726 1620 805 1679 ad
850 1618 1039 1695 patris
1080 1618 1384 1679 interitum
1413 1619 1487 1678 ad
1494 1635 1750 1693 gregare
1787 1621 2061 1681 voluisti.
2105 1622 2173 1680 L.

96 1706 403 1777 Paullum,
436 1703 541 1779 qui
570 1712 694 1764 tum
729 1712 1022 1800 quaestor
1046 1702 1469 1763 Macedoniam
1502 1703 1842 1775 obtinebat,
1874 1721 2055 1777 quem
2089 1703 2172 1762 ci-

101 1797 270 1849 vem!
340 1805 523 1863 quem
566 1787 795 1847 virum!
860 1787 965 1863 qui
1007 1788 1130 1848 duo
1208 1785 1476 1848 nefarios
1521 1785 1753 1862 patriae
1803 1788 2171 1862 proditores,

99 1872 477 1933 domesticos
506 1871 753 1945 hosteS,
801 1873 1040 1948 legibus
1075 1871 1535 1944 exterminarat,
1578 1871 1882 1932 hominem
1914 1872 1994 1931 ad
2024 1888 2167 1932 con·

99 1956 471 2018 servandam
517 1973 647 2016 rem
691 1954 994 2030 publicam
1038 1966 1274 2029 natum,
1336 1954 1397 2016 in
1446 1955 1607 2016 idem
1648 1955 1834 2016 Vettii
1884 1954 2168 2016 indicium

99 2053 287 2116 atque
314 2040 371 2099 in
407 2041 686 2100 eumdem
716 2040 879 2100 hunc
909 2057 1228 2101 numerum
1259 2038 1666 2115 congregasti.
1721 2039 1823 2103 26.
1865 2040 2020 2113 Quid
2053 2057 2172 2115 ego

103 2127 184 2184 ‹le
216 2141 313 2183 me
345 2131 609 2198 querar?
651 2123 755 2198 qui
788 2124 966 2184 etiam
997 2122 1226 2199 gratias
1256 2124 1362 2183 tibi
1392 2140 1576 2198 agere
1608 2123 1841 2196 debeo,
1874 2124 2040 2199 quod
2073 2140 2173 2182 me

99 2226 182 2268 ex
213 2206 680 2267 fortissimorum
723 2206 945 2267 civium
989 2209 1241 2268 numero
1288 2206 1729 2282 seiungendum
1774 2225 1893 2267 non
1926 2207 2170 2282 putasti.

88 2293 202 2353 XI.
250 2291 375 2351 Sed
408 2289 511 2365 qui
546 2289 658 2350 fuit
689 2298 825 2351 tuus
856 2290 954 2351 ille
986 2299 1189 2352 tantus
1217 2292 1405 2363 furor,
1437 2300 1530 2361 ut,
1564 2308 1748 2366 quum
1783 2290 1899 2351 iam
1929 2291 2172 2350 Vettius

100 2377 181 2436 ad
233 2373 543 2435 arbitrium
598 2383 762 2434 tuum
809 2383 1162 2450 perorasset
1203 2383 1265 2436 et
1318 2372 1578 2434 civitatis
1628 2376 1850 2434 lumina
1894 2383 2174 2435 notasset

101 2458 658 2533 descendissetque
693 2459 770 2517 de
799 2459 1048 2532 rostris,
1098 2476 1234 2518 eum
1266 2466 1530 2534 repente·
1563 2475 1928 2528 revocareS‚
1979 2460 2169 2519 eollo-

104 2558 365 2617 querere
407 2542 636 2618 populo
675 2542 954 2603 Romano
1004 2543 1295 2603 vidente?
1354 2543 1578 2603 deinde
1622 2541 2036 2616 interrogares
2069 2556 2168 2601 ec·

105 2642 407 2702 quosnam
438 2625 594 2686 alios
633 2635 849 2701 posset
877 2625 1237 2686 nominare?
1297 2624 1740 2697 Inculcarisne,
1792 2635 1859 2685 ut
1904 2625 1965 2685 C.
2001 2624 2172 2685 Piso-

102 2728 262 2783 nem,
298 2726 589 2785 generum
620 2727 851 2781 meum,
889 2708 1256 2767 nominaret:
1305 2709 1408 2782 qui
1441 2710 1499 2767 in
1532 2726 1770 2768 summa
1797 2707 1979 2782 copia
2014 2708 2170 2783 opti-

104 2810 344 2853 morum
373 2793 856 2854 adolescentium
887 2793 1019 2868 pari
1049 2791 1447 2862 continentia,
1493 2793 1741 2860 virtute,
1777 2792 1999 2866 pietate
2032 2790 2169 2851 reli-

105 2875 238 2951 quit
264 2874 605 2934 neminem?
646 2876 912 2951 itemque
941 2877 1022 2935 M.
1052 2877 1464 2945 Laterensem,
1495 2874 1800 2934 hominem
1828 2875 1962 2935 dies
1986 2884 2173 2950 atque

104 2967 321 3021 noctes
349 2959 427 3018 de
458 2960 637 3018 laude
661 2962 820 3021 etde
849 2977 916 3020 re
943 2960 1188 3034 publica
1211 2958 1623 3034 cogitantem?
1667 2960 2170 3036 promulgarisne,

101 3042 514 3119 impurissime
544 3053 603 3103 et
638 3042 1048 3119 perditissime
1083 3041 1313 3117 hostis,
1360 3041 1781 3118 quaestionem
1813 3045 1891 3105 de
1929 3054 2014 3106 tot
2046 3061 2170 3103 am-

101 3126 394 3204 plissimis
425 3135 486 3187 et
514 3128 735 3187 talibus
767 3128 942 3198 viris,
996 3126 1286 3188 indicium
1322 3127 1557 3201 Vettio,
1609 3129 1877 3202 praemia
1920 3131 2166 3203 amplis-

100 3212 298 3272 sima?
352 3211 579 3286 quibus
610 3211 796 3271 rebus
829 3210 1091 3271 omnium
1125 3212 1467 3272 mortalium
1504 3228 1625 3272 non
1659 3215 2001 3282 voluntate,
2056 3212 2169 3270 sed

101 3293 371 3355 convitio
428 3294 800 3370 repudiatiS,
856 3294 1190 3370 fregerisne
1233 3294 1293 3354 in
1337 3311 1583 3356 carcere
1625 3297 1902 3356 cervices
1933 3294 2052 3367 ipsi
2085 3292 2169 3352 illi

100 3378 334 3449 Vettio,
379 3396 458 3438 ne
495 3378 662 3453 quod
688 3377 977 3439 indicium
1009 3378 1280 3453 corrupti
1313 3378 1518 3439 indicii
1555 3385 1876 3450 exstaret,
1908 3377 2172 3448 eiusque

105 3460 400 3523 sceleris
383 3479 443 3522 ιη
474 3469 534 3522 te
564 3463 765 3559 ipsum
798 3460 1078 3537 quaestio
1108 3461 1527 3537 flagitaretur?

269 3543 372 3609 27.
428 3546 506 3606 Et
553 3546 841 3622 quoniam
892 3545 1107 3605 crebro
1152 3561 1420 3619 usurpas
1465 3546 1661 3615 legem
1703 3551 1764 3674 ῐξ
1809 3543 1886 3597 de
1921 3534 2172 3592 alternis

187 3645 295 3687 cic,
322 3632 394 3688 11.
422 3638 475 3690 3.
1718 3659 1737 3675 ·
