2514 3928
119 227 228 282 113
888 217 1052 277 CAP.
1089 226 1139 279 1.
1183 223 1235 284 S·
1270 227 1320 284 1.
1344 227 1399 280 2.
2058 219 2182 285 211

110 371 304 424 iniuria
326 373 513 424 fecisse
559 371 846 431 dicebatur,
888 378 995 420 tum
1037 372 1214 423 decem
1244 372 1386 422 milia
1409 371 1652 424 talentum
1687 388 1719 423 a
1748 372 2038 425 Ptolemaeo
2067 388 2188 440 rege

112 443 370 511 Aegypti,
420 442 508 504 qui
533 453 691 505 regno
721 454 815 490 suo
848 439 1028 505 pulsus
1058 449 1190 500 erat,
1243 452 1499 507 accepisse
1528 443 1863 508 arguebatur,
1906 450 1962 491 ut
1994 458 2105 492 eum
2136 445 2188 493 in

113 528 332 576 reguum
367 509 652 576 legionibus
689 510 797 558 suis
846 509 1127 563 reduceret.
1203 509 1364 569 Quam
1399 512 1463 561 ob
1508 522 1613 560 rem
1648 518 1810 574 quum*
1839 510 2055 561 redisset
2090 512 2190 561 Ro-

114 578 272 640 mam,
306 580 373 629 ab*
400 577 618 628 inimicis
649 578 772 637 suis,
804 586 943 641 q'uos·
969 579 1378 629 multos'Romae·
1404 579 1697 642 reliquerat,
1727 579 1824 629 tria
1868 580 1920 629 ln
1964 595 2082 631 eum
2112 581 2189 630 iu·

116 649 259 698 dicia
323 653 503 713 parata³
551 655 709 695 erant.
789 650 875 696 Ac
922 648 1155 711 primum·
1184 648 1390 711 quidem
1445 664 1486 696 a·
1527 648 1585 703 L.
1627 648 1835 700 Lentulo
1910 650 2192 700 maiestatis

117 716 330 767 crimine
352 723 616 766 accusatus
640 721 735 775 est,
759 715 897 778 quod
917 725 1086 766 contra
1107 716 1265 782 leges,
1297 724 1470 767 contra
1499 724 1703 767 senatus
1732 716 2035 782 consultum,
2068 733 2191 769 con·

117 793 198 834 tra
225 785 425 834 oracula
461 782 706 849 Sibyllina
740 785 1054 848 provinciam
1091 799 1236 836 suam
1275 784 1594 848 reliquisset,
1633 794 1689 834 ut
1714 784 2055 835 Ptolemaeum
2085 788 2188 836 Ae·

115 854 266 920 gypti
312 852 485 920 regem
527 854 826 903 restitueret.
899 853 1002 903 Hoc
1042 853 1232 904 iudicio
1269 852 1358 907 Gn.
1400 854 1630 918 Pompeii
1676 854 1839 920 gratia
1880 861 1930 903 et
1975 857 2188 917 pecunia

115 937 239 982 sua,
279 928 391 984 qua*
424 920 669 971 iudicium
706 923 997 987 corruptum
1027 932 1142 973 esse
1177 923 1469 984 dicebatur,
1508 922 1772 973 absolutus
1804 930 1899 972 est.
1969 921 2097 972 Tum
2130 923 2187 974 C.

120 989 388 1040 Memmius
429 992 495 1044 A.
530 988 798 1040 Gabinium
829 991 903 1040 de*
927 992 1158 1056 pecuniis
1193 992 1490 1058 repetundis
1524 993 1783 1042 accusavit
1814 990 2191 1041 condemnavib

116 1061 367 1122 que-,itu‘
388 1067 444 1108 ut
471 1059 673 1107 tertium
703 1057 948 1109 iudicium
977 1060 1042 1110 de
1064 1061 1288 1120 ambitu,
1321 1061 1460 1123 quod
1491 1058 1636 1111 Sulla
1668 1061 1720 1111 in
1751 1076 1871 1110 eum
1900 1072 2188 1126 paraverat,

115 1127 360 1191 quoniam
398 1126 485 1175 ille
519 1127 883 1176 condemnatus
914 1128 968 1176 in
1001 1128 1238 1178 exsilium
1275 1129 1535 1193 profectus
1566 1138 1701 1195 erat,
1729 1144 1836 1195 ‘non
1874 1130 1975 1179 iam
2013 1136 2190 1194 posset

115 1195 377 1248 constitui.
447 1193 557 1245 Una
592 1209 707 1243 oum
728 1196 792 1246 A.
822 1191 1039 1245 Gabinio
1074 1197 1128 1245 in
1163 1198 1456 1247 reductione
1482 1195 1761 1247 Ptolemaei
1791 1198 1927 1264 regis
1958 1206 2187 1247 versatus

126 1274 234 1313 erat
272 1263 326 1319 G.
374 1261 613 1313 RabirIus
652 1262 949 1322 Postumus,
991 1262 1045 1312 C.
1076 1262 1232 1312 Curtii
1282 1265 1452 1325 filius,
1485 1272 1602 1328 post
1632 1265 1778 1314 culus
1796 1274 2005 1315 mortem
2033 1281 2186 1329 quum

118 1340 266 1382 natus
296 1328 456 1395 esset,
497 1331 560 1380 ab
597 1328 848 1380 avunculo
881 1329 937 1382 C.
974 1331 1210 1395 Rabirio,
1246 1348 1307 1381 eo
1338 1348 1489 1395 quem
1524 1333 1592 1382 M.
1626 1332 1796 1382 Cicero
1826 1334 2190 1398 perduellionis

119 1400 327 1450 crimine
348 1408 640 1450 accusatum
665 1398 911 1460 defendit,
949 1399 1220 1464 adoptatus
1251 1409 1302 1450 et
1322 1401 1591 1450 Postumus
1623 1401 1904 1465 appellatus
1940 1410 2064 1459 erat,
2103 1403 2184 1451 cui

120 1469 185 1517 ab
213 1471 278 1518 A.
312 1467 523 1520 Gabinio
567 1469 664 1518 hoc
701 1469 1027 1533 potissimum
1060 1470 1286 1518 muneris
1336 1470 1630 1533 impositum
1669 1477 1807 1528 erat,
1846 1475 1902 1518 ut
1945 1470 2189 1533 pecunias

122 1537 232 1601 regi
261 1536 542 1588 Ptolemaeo
574 1548 775 1588 mutuas
810 1537 953 1587 daret
1001 1537 1304 1601 omninoque
1345 1538 1481 1602 regis
1523 1538 1711 1587 reditus
1754 1538 1824 1585 ita
1870 1538 2187 1587 administra-

121 1615 226 1668 ret,
266 1612 320 1653 ut
363 1613 436 1663 et,
473 1605 535 1656 A.
584 1603 797 1656 Gabinio
827 1610 959 1670 quae
1000 1605 1283 1670 promissae
1321 1611 1488 1669 erant,
1533 1606 1773 1669 pecunias
1817 1613 1866 1654 et
1908 1620 2026 1655 suas
2077 1607 2186 1670 regi

120 1673 349 1731 creditas*
387 1675 436 1722 in
472 1675 583 1738 ipso
628 1688 785 1739 regno
840 1675 1082 1739 exigeret.
1176 1674 1319 1726 Hanc
1364 1674 1430 1724 ob
1477 1689 1682 1724 causam
1732 1682 1887 1737 quum
1931 1676 1996 1723 Α.
2038 1671 2190 1723 Gabi-

119 1742 234 1792 nius
254 1743 612 1792 condemnatus
632 1745 698 1792 de
731 1744 963 1809 pecuniIs
987 1742 1280 1809 repetundis
1301 1750 1435 1795 esset
1457 1758 1619 1807 neque
1639 1749 1847 1804 tantum,
1873 1744 2046 1805 quanti
2075 1743 2187 1792 eius

116 1811 415 1861 aestimatae
437 1811 552 1862 lites
581 1818 736 1870 erant,
768 1818 1086 1877 compareret
1118 1813 1381 1879 pecuniae,
1423 1810 1537 1877 lege
1572 1811 1716 1876 Iulia,
1753 1828 1853 1875 qua
1886 1820 1992 1861 tum
2030 1812 2089 1868 is,
2121 1811 2189 1861 ad

117 1893 270 1943 quem
305 1894 365 1928 ea
393 1880 608 1943 pecunia
641 1881 987 1944 pervenisset,
1038 1882 1354 1932 accusandus
1374 1891 1498 1946 erat,
1536 1882 1599 1930 ab
1637 1882 1815 1931 eodem
1861 1879 1914 1934 G.
1950 1879 2188 1930 Memmio

119 1945 185 1996 de
218 1947 447 2011 pecuniis
483 1948 699 1998 residuis
738 1945 868 2013 (nou
903 1949 966 1999 de
1009 1949 1274 2001 maiestate
1292 1987 1307 2011 ,
1356 1950 1411 2000 id
1441 1950 1577 2013 quod
1622 1947 1756 2001 falso
1794 1960 1866 2001 ex·
1895 1949 2064 2001 verbis
2098 1948 2189 2000 Ti-

120 2012 248 2062 berii
280 2011 476 2064 Claudii
513 2014 742 2064 Caesaris
768 2015 985 2082 »quidam
1020 2015 1349 2081 collegerunt,
1382 2033 1434 2071 v.
1463 2016 1735 2069 Suetonius
1766 2018 1947 2073 claud.
1982 2034 2026 2069 c.
2066 2015 2184 2085 16.)

119 2081 386 2131 accusatus
427 2090 521 2131 est.
592 2081 719 2130 Eum
749 2082 816 2131 Μ.
858 2082 1051 2143 Cicero,
1080 2086 1166 2146 qui
1191 2087 1294 2136 iam
1326 2088 1391 2135 A.
1432 2086 1703 2136 Gabinium
1740 2089 1929 2151 ipsum,
1967 2101 2188 2149 quocum

118 2149 318 2199 dicebat
351 2164 407 2198 se
452 2149 502 2197 in
539 2150 759 2215 gratiam
786 2151 1006 2211 redisse,
1057 2150 1146 2202 Gn.
1174 2154 1416 2217 Pompeio
1465 2164 1671 2206 auctore
1714 2155 2032 2216 defenderat,
2089 2153 2189 2207 hae

117 2219 245 2335 llpsa,
278 2231 409 2281 quae
438 2216 570 2267 infra
590 2217 789 2282 legitur,
823 2220 1048 2269 oratione
1077 2222 1523 2289 purgarestudult,
1560 2224 1856 2287 videturque
1892 2238 2008 2274 reus
2034 2224 2186 2275 abso·

142 2293 256 2335 ntus
284 2300 415 2335 esse.

240 2421 283 2481 1.
320 2421 374 2482 1.
406 2421 472 2483 Si
500 2421 639 2498 quis
663 2430 777 2490 est,
810 2422 1064 2493 iudices,
1101 2426 1204 2499 qui
1228 2426 1292 2487 C.
1317 2425 1660 2498 Rabirium,
1698 2429 1867 2503 quod
1896 2430 2178 2491 fortunas

116 2507 286 2573 suas,
311 2506 599 2566 fundatas
621 2501 988 2581 praesertim
1010 2514 1198 2584 atque
1218 2509 1451 2585 optime
1473 2511 1842 2573 constitutas
1864 2527 2041 2590 opes,
2067 2529 2177 2588 po·

116 2586 327 2649 testati
345 2587 555 2663 regiae
576 2587 933 2663 libidinique
955 2591 1347 2662 commiserit,
1377 2591 1960 2670 reprehendendum
1980 2596 2176 2672 putet.⁴

120 2668 387 2731 ascribat
410 2671 488 2731 ad
516 2669 805 2732 iudicium
828 2687 1008 2732 suum
1033 2690 1160 2734 non
1181 2676 1366 2735 modo
1392 2693 1589 2738 meam
1603 2724 1619 2746 ,
1650 2678 1765 2739 sed
1787 2678 1972 2740 huius
1991 2677 2178 2741 etiam

122 2751 337 2828 ipsius,
362 2752 466 2829 qui
486 2753 805 2823 commisit,
825 2758 1222 2819 sententiam:
1249 2773 1365 2818 nee
1388 2761 1547 2820 enim
1568 2761 1853 2837 cuiquam
1875 2761 2007 2825 eius
2030 2777 2176 2823 con·

119 2841 318 2903 silium
348 2841 765 2906 vehementius
795 2859 976 2922 quam
1007 2846 1126 2921 ipsi
1155 2843 1459 2920 displicet.
1504 2847 1881 2923 Quamquam
1909 2848 2029 2910 hoc
2054 2851 2180 2926 ple-

115 2940 373 3002 rumque
402 2924 674 3001 facimus,
703 2937 770 2988 ut
802 2928 1059 2989 consilia
1089 2929 1325 2990 eventis
1348 2931 1757 3004 ponderemus
1792 2941 1869 3006 et,
1899 2933 1997 2995 cui
2025 2933 2185 2996 bene

117 3007 263 3086 quid
289 3008 695 3090 processerit,
737 3013 988 3073 multum
1029 3010 1194 3073 illum
1226 3010 1573 3087 providisse
1589 3059 1606 3089 ,
1642 3016 1741 3076 cui
1778 3031 1959 3077 secus
1976 3065 1991 3091 ,
2036 3016 2184 3078 nihil

116 3091 391 3156 sensisse
443 3089 739 3155 dicemus.
840 3094 907 3155 Si
961 3093 1300 3157 exstitisset
1349 3095 1409 3156 in
1463 3111 1609 3173 rege
1658 3098 1846 3172 fides,
1892 3098 2040 3163 nibil
2083 3116 2183 3162 sa-

116 3173 380 3252 pientius
408 3173 730 3238 Postumo=
776 3176 922 3252 quia
952 3177 1162 3240 refellit
1186 3195 1298 3240 rex
1319 3227 1334 3253 ‚
1375 3179 1524 3241 nihil
1558 3181 1677 3243 hoc
1704 3184 2004 3245 amentius
2031 3182 2183 3244 dici-

114 3264 237 3332 tur,
276 3266 344 3322 ut
378 3256 502 3321 iam
530 3257 677 3320 nihil
720 3276 865 3322 esse
908 3259 1190 3323 videatur
1233 3262 1352 3324 nisi
1406 3262 1681 3326 divinare
1719 3265 2034 3341 sapientis.
2118 3266 2181 3328 2.

115 3340 238 3403 Sed
250 3348 474 3414 tamen,
501 3339 722 3419 siquis
748 3352 863 3420 est,
890 3342 1146 3418 iudices,
1171 3346 1281 3421 qui
1301 3346 1463 3406 illam
1482 3347 1754 3410 Postumi
1774 3348 1909 3410 sive
1936 3347 2182 3409 inanem

111 3431 282 3499 spem
323 3422 456 3487 sive
499 3424 903 3488 inconsultam
939 3428 1238 3490 rationem
1270 3428 1434 3502 sive,
1484 3436 1553 3491 ut
1584 3431 1951 3507 gravissimo
1985 3429 2178 3490 verbo

109 3513 270 3580 utar,
303 3505 695 3570 temeritatem
723 3508 1184 3587 vituperandam
1215 3518 1415 3586 putet,
1445 3528 1563 3585 ego
1586 3508 2024 3649 eiug*opinioni
2050 3524 2176 3570 non

1647 3604 1666 3651 1

2367 2252 2504 2576 {sufuso}
2377 2113 2466 2183 ν’

2343 2919 2455 2952 ,t
2363 2785 2448 2898 ni·-
2363 2585 2444 2733 'um

2392 2088 2460 2120 Ῑ

2380 1603 2514 2042 ΡῑΝΠῑὶ-νῦῑ
2388 1115 2514 1547 mai-:mitri

2470 2581 2490 2957 “us-*Awana
2484 2443 2496 2507 On·
2491 2389 2498 2400 ⁶
