2514 3928
186 205 306 271 182
730 206 881 267 PRO
912 208 1024 268 CN.
1054 208 1382 269 PLANCIO
1415 209 1719 271 ORATIO.
2189 222 2272 276 84

180 366 527 436 potuerunt.
608 358 711 421 21.
740 357 977 420 Deinde
1007 358 1090 420 tui
1126 358 1466 436 municipes
1497 356 1640 425 sunt
1670 361 1754 423 illi
1778 363 2028 439 quidem
2056 365 2263 439 splen-

180 441 484 504 didissimi
511 442 824 515 homines,
853 442 966 501 sed
999 451 1197 504 tamen
1230 443 1443 519 pauci,
1477 445 1532 505 si
1566 445 1812 521 quidem
1843 463 1979 508 cum
2009 448 2263 508 Atinati·

181 528 300 588 bus
335 527 754 590 cortferanturz
817 524 999 586 huius
1041 529 1424 601 praefectura
1469 531 1652 603 plena
1692 529 1958 592 virorum
2003 530 2264 592 fortissi-

179 627 433 684 morum,
464 610 556 670 sic
583 619 651 672 ut
680 610 844 671 nulla
873 618 1000 672 tota
1028 610 1195 670 ltalia
1229 611 1605 686 frequentior
1632 612 1755 673 dici
1782 615 2003 690 possit.
2070 615 2265 688 Quam

183 694 428 770 quidem
462 711 624 754 nunc
667 692 1105 754 multitudinem
1150 694 1402 769 videtis,
1447 694 1717 769 iudiceS,
1764 699 1823 757 in
1867 699 2157 773 squalore
2203 706 2264 760 et

183 781 346 839 luctu
383 778 727 854 supplicem
761 776 956 838 vobis.
1044 776 1119 837 Hi
1164 785 1255 838 tot
1300 777 1540 853 equites
1581 781 1873 856 Romani,
1922 790 2009 842 tot
2041 780 2265 843 tribuni

181 861 399 925 aerarii
428 896 512 911 --
542 879 679 922 nam
711 861 949 936 plebem
980 878 1016 920 a
1046 859 1271 922 iudicio
1304 862 1674 937 dimisimus,
1720 882 1881 940 quae
1910 874 2130 926 cuncta
2158 881 2264 926 co·

181 946 362 1007 mitiis
391 947 587 1006 adfuit
611 979 696 991 -
738 944 891 1020 quid
926 943 1199 1017 roboris,
1248 944 1397 1020 quid
1432 946 1741 1023 dignitatIs
1776 948 1955 1009 huius
1986 948 2263 1023 petitioni

179 1032 549 1092 attulerunt?
602 1030 735 1089 Non
760 1027 919 1087 enim
953 1026 1170 1088 tribum
1207 1029 1584 1113 Teretinam,
1649 1032 1729 1091 de
1754 1049 1875 1109 qua
1907 1031 2105 1093 dicam
2140 1034 2260 1092 alio

182 1115 318 1174 loco
339 1156 356 1185 ,
388 1114 499 1173 sed
531 1112 915 1187 dignitatem,
948 1112 1060 1171 sed
1095 1112 1411 1174 oculorum
1445 1114 1818 1190 coniectum,
1853 1116 1966 1176 sed
2001 1114 2263 1176 solidam

180 1206 241 1257 et
274 1196 585 1256 robustam
620 1204 682 1256 et
708 1195 1032 1255 adsiduam
1075 1196 1475 1270 frequentiam
1521 1199 1949 1274 praebuerunt.
2042 1199 2263 1260 Nostra

179 1278 512 1354 municipia
539 1278 971 1340 coniunctione
1013 1281 1190 1341 etiam
1225 1278 1551 1342 vicinitatis
1582 1283 1973 1343 vehementer
2006 1298 2257 1342 moven-

183 1374 293 1425 tur.
357 1364 457 1424 lx.
488 1361 589 1424 22.
630 1363 874 1437 Omnia,
912 1379 1069 1438 quae
1099 1363 1239 1424 dieo
1271 1365 1349 1424 de
1376 1364 1651 1439 Plancio,
1704 1366 1844 1426 dico
1881 1373 2171 1441 expertus
2195 1363 2257 1425 in

180 1448 390 1510 nobis:
450 1465 665 1510 sumus
710 1447 870 1508 enim
906 1445 1141 1509 finitimi
1184 1446 1551 1508 Atinatibus.
1641 1449 1978 1510 Laudanda
2020 1458 2117 1510 est
2159 1450 2254 1508 vel

180 1532 358 1594 etiam
393 1533 655 1594 amanda
683 1531 993 1603 vicinitas,
1034 1533 1308 1597 retinens
1350 1539 1613 1592 veterem
1659 1533 1827 1591 illum
1887 1529 2077 1590 officii
2131 1545 2261 1592 mo-

180 1630 308 1674 rem
326 1661 345 1683 ,
369 1632 491 1676 non
513 1616 815 1677 infuscata
846 1614 1290 1688 malevolentia,
1321 1631 1442 1674 non
1475 1617 1733 1677 adsueta
1753 1614 2108 1689 mendaciis,
2134 1631 2257 1675 non

180 1703 416 1774 fucosa,
447 1716 568 1761 non
607 1701 812 1769 fallax,
847 1714 967 1758 non
999 1698 1235 1759 erudita
1267 1698 1524 1760 artificio
1556 1698 1957 1761 simulationis
1989 1700 2085 1758 vel
2115 1698 2261 1759 sub·

182 1785 414 1844 urbano
448 1783 547 1842 vel
580 1782 760 1843 etiam
794 1781 1046 1841 urbano.
1131 1782 1322 1843 Nemo
1363 1781 1631 1859 Arpinas
1674 1800 1794 1844 non
1840 1782 2085 1843 Plancio
2133 1790 2260 1843 stu-

181 1866 328 1940 duit,
356 1881 538 1926 nemo
569 1864 865 1937 SoranuS,
896 1879 1076 1925 nemo
1107 1864 1383 1938 Casinas,
1406 1881 1587 1928 nemo
1617 1866 1920 1943 Aquinas.
2004 1865 2262 1926 Tractus

179 1951 279 2011 ille
313 1948 764 2025 celeberrimus,
786 1947 1197 2022 venafranus,
1239 1948 1564 2024 AllifanuS,
1598 1958 1725 2012 tota
1751 1949 2019 2027 denique
2051 1956 2261 2010 nostra

179 2035 283 2095 illa
317 2049 542 2110 aspera
568 2042 629 2094 et
663 2041 988 2094 montuosa
1011 2042 1072 2094 et
1102 2033 1306 2094 fidelis
1346 2044 1408 2094 et
1450 2033 1713 2111 simplex
1759 2043 1820 2097 et
1859 2034 2078 2095 fautrix
2116 2049 2261 2094 suo-

180 2134 312 2180 rum
348 2117 519 2194 regio
550 2134 621 2179 se
653 2116 832 2178 huius
861 2118 1372 2188 honore.ornari‚
1417 2135 1487 2178 se
1530 2119 1740 2194 augeri
1783 2119 2070 2193 dignitate
2101 2117 2263 2177 arbi-

178 2201 481 2263 trabaturz
537 2201 884 2277 iisdemque
925 2217 1088 2262 nunc
1132 2217 1212 2261 ex
1241 2200 1587 2277 municipiis
1619 2203 1843 2263 adsunt
1870 2201 2108 2277 equites
2139 2202 2265 2261 Ro·-

177 2286 336 2346 mani
382 2286 629 2361 publice
672 2300 810 2346 cum
840 2283 1145 2361 legatione
1186 2295 1246 2346 et
1273 2285 1651 2361 testimonio,
1687 2302 1803 2347 nec
1841 2285 2075 2347 minore
2098 2301 2261 2346 nunc

179 2377 321 2431 sunt
349 2368 762 2431 sollicitudine
803 2385 987 2445 quam
1021 2375 1147 2428 tum
1192 2377 1365 2429 erant
1405 2368 1629 2430 studio.
1713 2368 1950 2430 Etenim
1991 2377 2086 2430 est
2125 2384 2262 2444 gra-

178 2453 316 2514 vius
361 2451 614 2529 spoliari
653 2452 911 2514 fortunis
949 2468 1131 2528 quarn
1167 2469 1291 2515 non
1328 2452 1538 2530 augeri
1574 2452 1883 2529 dignitate.
1963 2451 2064 2513 23.
2096 2452 2261 2526 Ergo

178 2544 244 2599 ut
271 2536 392 2598 alia
436 2538 493 2597 in
538 2545 597 2597 te
631 2536 1194 2610 erant-illustriora,
1237 2536 1623 2611 Laterensis,
1668 2553 1828 2611 quae
1863 2536 1967 2597 tibi
1997 2537 2263 2596 maiores

178 2619 264 2683 tui
298 2623 690 2699 reliquerant,
721 2621 813 2684 sic
841 2628 902 2682 te
932 2620 1216 2683 Plancius
1248 2622 1368 2682 hoc
1393 2638 1516 2682 non
1547 2623 1745 2681 solum
1777 2618 2122 2695 municipii,
2158 2631 2260 2678 ve·

176 2723 310 2768 rum
349 2705 530 2769 etiam
562 2706 886 2768 vicinitatis
914 2721 1141 2782 genere
1170 2705 1485 2766 vinceba12
1537 2703 1655 2764 nisi
1687 2705 1843 2764 forte
1871 2712 1929 2765 te
1956 2701 2265 2763 Labicana

177 2798 283 2851 aut
313 2791 549 2852 Gabina
577 2800 680 2854 aut
716 2789 1038 2853 Bovillana
1066 2786 1347 2850 vicinitas
1386 2787 1746 2849 adiuvabat=
1789 2788 2012 2862 quibus
2051 2801 2087 2846 e
2131 2802 2263 2845 mu·

181 2872 424 2948 nicipiis
457 2874 557 2935 vix
588 2873 703 2935 iam
738 2875 843 2949 qui
877 2890 1126 2934 carnem
1152 2869 1384 2933 Latinis
1417 2880 1624 2947 petant
1650 2869 2055 2946 reperiuntur.
2133 2867 2264 2929 Ad-

180 2955 534 3031 iungamus,
572 2959 625 3019 si
657 2958 782 3031 vis,
825 2957 922 3028 id,
974 2955 1144 3031 quod
1175 2963 1236 3015 tu
1268 2954 1410 3015 huic
1440 2956 1668 3015 obesse
1698 2954 1877 3015 etiam
1911 2961 2121 3029 putas,
2156 2968 2261 3027 pa·

181 3047 332 3099 trem
371 3038 788 3115 publicanum:
842 3038 944 3114 qui
979 3039 1134 3100 ordo
1177 3045 1407 3112 quanto
1437 3039 1789 3099 adiumento
1823 3037 1903 3099 sit
1940 3036 1998 3098 in
2029 3037 2265 3096 honore

182 3120 322 3198 quis
354 3121 592 3184 nescit?
681 3123 827 3182 Flos
868 3121 1026 3182 enim
1072 3119 1342 3196 equitum
1366 3123 1808 3194 Romanorum,
1842 3127 2263 3182 ornamentum

182 3202 461 3278 civitatis,
487 3205 929 3265 firmamentum
959 3205 1045 3266 rei
1074 3205 1357 3280 publicae
1393 3206 1855 3282 publicanorum
1879 3205 2095 3266 ordine
2118 3218 2261 3264 con·

181 3285 421 3348 tinetur.
506 3284 609 3348 24.
668 3286 817 3361 Quis
857 3295 954 3349 est
992 3288 1175 3364 igitur
1208 3290 1314 3366 qui
1348 3298 1531 3365 neget
1562 3288 1698 3350 eius
1730 3287 1962 3349 ordinis
1992 3283 2265 3366 studium

183 3368 377 3431 fuisse
407 3367 467 3430 in
492 3370 728 3431 honore
761 3369 985 3432 Plancii
1019 3373 1373 3449 singulare?
1431 3373 1646 3447 Neque
1676 3371 1925 3446 iniuria,
1956 3370 2056 3431 vel
2093 3366 2265 3446 quod

183 3460 310 3514 erat
343 3460 517 3528 pater
557 3451 641 3528 is,
691 3451 797 3530 qui
839 3463 937 3517 est
980 3456 1271 3533 princeps
1315 3457 1433 3518 iam
1478 3453 1584 3516 diu
1627 3454 2115 3532 publicanorum,
2164 3451 2267 3511 vel
