2514 3928
141 260 260 317 149
389 291 395 296 ·
505 265 506 268 ’
715 309 727 321 ,
792 252 958 312 CAP.
992 259 1227 312 10-12,
1262 261 1314 321 S.
1343 260 1562 312 24-30
2106 256 2240 316 447

138 418 385 495 peium,
425 420 680 479 fratrem
710 417 1003 495 consuliS,
1034 418 1115 477 ad
1146 418 1521 493 colloquium
1553 419 1763 496 ipsum*
1778 421 1976 483 Roma
2000 413 2237 493 venire,

139 504 414 562 doctum
450 501 644 561 virum
674 508 864 578 atque
897 500 1270 578 sapientem:
1315 517 1498 576 quem
1529 502 1715 563 Scato
1750 522 1938 578 quum
1973 508 2239 567 salutas-

141 593 287 645 set:
331 586 521 659 Quem
547 592 610 645 te
633 588 982 661 appellem?
1012 585 1225 661 inquit.
1267 589 1351 645 At
1373 585 1504 646 ille:
1533 586 1872 648 voluntate
1893 588 2237 665 hospitem:

140 668 539 748 necessitate
575 670 838 746 hostem.
902 670 1052 729 Erat
1081 668 1142 727 in
1178 669 1284 728 illo
1324 668 1637 744 colloquio
1676 672 1987 746 aequitas:
2031 674 2239 732 nulius

143 751 371 819 timor,
411 753 575 811 nulla
616 755 869 814 suberat
898 752 1194 828 suspitio:
1240 752 1554 813 mediocre
1595 752 1774 813 etiam
1814 757 2038 815 odium.
2098 754 2239 815 Non

149 834 323 895 enim
354 845 422 895 ut
453 835 766 910 eriperent
794 836 975 897 nobis
1006 836 1162 895 socii
1197 835 1538 907 civitatem,
1583 838 1697 897 sed
1730 840 1886 899 utin
1919 854 2056 898 eam
2084 839 2241 897 reci-

148 927 458 995 perentur
477 920 792 994 petebant
838 920 1011 980 Sulla
1027 934 1164 979 cum
1179 919 1474 1002 Scipione
1496 919 1655 980 inter
1680 921 1856 982 Cales
1874 920 2241 989 etTeanum,

156 1019 357 1076 quum
388 1004 547 1062 alter
577 1004 909 1064 nobilitatis
947 1004 1187 1073 florem,
1224 1005 1381 1063 alter
1411 1002 1556 1064 belli
1584 1004 1796 1065 socios
1827 1005 2240 1075 adhibuisset,

152 1086 243 1145 de
272 1086 638 1148 auctoritate
672 1094 944 1162 senatus,
975 1087 1056 1147 de
1077 1085 1393 1161 suffragiis
1418 1087 1647 1163 populi,
1682 1089 1762 1148 de
1793 1090 1922 1149 iure
1947 1086 2238 1158 civitatiS,

155 1171 337 1245 leges
367 1171 525 1230 inter
547 1187 619 1231 se
650 1178 714 1231 et
733 1170 1132 1231 condiciones
1156 1170 1567 1231 contulerunt.
1611 1172 1744 1232 Non
1771 1172 1963 1233 tenuit
1987 1171 2241 1231 omnino

158 1253 543 1329 colloquium
564 1255 715 1316 illud
732 1254 949 1315 fidem:
978 1271 1015 1313 a
1033 1254 1094 1314 vi
1106 1260 1310 1318 tamen
1329 1254 1732 1329 periculoque
1745 1255 1913 1317 aruit.
1943 1254 2073 1315 ΧΠ.
2085 1255 2239 1314 Pos-

157 1353 463 1397 sumusne
494 1338 679 1413 igitur
706 1339 767 1397 in
803 1336 1056 1399 Antonii
1100 1337 1425 1402 latrocinio
1474 1354 1677 1414 aeque
1709 1354 1851 1399 esse
1894 1337 2045 1400 tuti?
2100 1340 2234 1399 Non

160 1436 538 1496 possumus:
585 1429 723 1495 aut,
768 1424 822 1482 si
869 1421 1059 1482 ceteri
1102 1428 1401 1497 possunt,
1445 1438 1543 1481 me
1586 1438 1778 1498 posse
1824 1423 2060 1483 diffido.
2131 1421 2232 1483 28.

163 1505 348 1579 Quod
376 1505 428 1565 si
460 1521 583 1566 non
616 1515 791 1566 extra
814 1515 1018 1566 castra
1043 1504 1535 1581 congrediemur,
1569 1522 1729 1580 quae
1751 1508 1830 1567 ad
1855 1507 2240 1581 colloquium

162 1596 374 1648 castra
402 1592 764 1650 sumentur?
808 1590 873 1648 ln
907 1596 1123 1649 nostra
1152 1588 1256 1647 ille
1290 1606 1600 1664 nunquam
1633 1590 1866 1651 veniet:
1911 1592 2099 1651 multo
2131 1590 2239 1650 mi·
2336 1601 2341 1602 ⁷

164 1688 285 1731 nus
305 1689 423 1732 nos
443 1674 502 1732 in
528 1674 709 1734 illius,
740 1674 1065 1748 Reliquum
1083 1680 1180 1732 est
1205 1679 1270 1731 ut
1291 1682 1352 1733 et
1369 1672 1749 1748 accipiantur
1772 1684 1832 1734 et
1851 1674 2238 1735 remittantur

166 1757 481 1830 postulata
502 1774 617 1833 per
639 1758 894 1818 litteras,
966 1757 1129 1830 Ergo
1167 1756 1394 1816 erimus
1419 1758 1476 1816 in
1508 1759 1749 1817 castris.
1825 1760 1965 1818 Mea
1985 1756 2235 1831 quidem

169 1839 252 1898 ad
286 1840 489 1899 omnia
514 1843 829 1916 postulata
857 1855 981 1899 una
1002 1838 1337 1901 sententia:
1371 1857 1556 1915 quarn
1580 1857 1768 1915 quum
1792 1840 1890 1901 hic
1920 1841 2099 1900 vobis
2114 1851 2235 1901 'au-

167 1923 481 1984 clientibus
523 1924 770 1998 dixero,
812 1923 941 1985 isse
989 1931 1051 1984 et
1093 1922 1334 1984 redisse
1371 1939 1471 1983 me
1510 1931 1822 2001 putatote:
1866 1924 2237 2000 legationem

171 2011 527 2067 confecero.
584 2009 796 2068 Omnia
822 2008 904 2069 ad
925 2016 1206 2069 senatum
1231 2024 1369 2067 mea
1388 2009 1698 2069 sententia
1727 2008 2016 2080 reiiciam,
2049 2011 2266 2083 quae-‘

171 2106 441 2164 cumque
467 2093 804 2166 postulabit
831 2092 1159 2173 AntoniuS.
1214 2093 1429 2166 Neque
1461 2092 1620 2150 enim
1649 2092 1791 2151 licet
1827 2090 2006 2151 aliter
2032 2108 2243 2167 neque

171 2175 546 2250 permissum
575 2183 673 2234 est
694 2175 871 2235 nobis
894 2177 971 2236 ab
996 2177 1117 2236 hoc
1146 2176 1380 2248 ordine,
1411 2183 1481 2235 ut
1502 2175 1679 2236 bellis
1703 2175 2000 2236 consectis
2025 2176 2242 2241 decem

174 2257 392 2334 legatis
427 2258 692 2334 permitti
728 2261 889 2319 solet
929 2275 1102 2339 more
1142 2258 1473 2329 maiorum,
1520 2274 1727 2332 neque
1756 2260 1883 2319 ulla
1921 2259 2169 2320 omnino
2203 2277 2239 2339 a

176 2351 396 2403 senatu
427 2345 713 2402 mandata
745 2344 1118 2419 accepimus.
1209 2344 1383 2417 Quae
1423 2358 1613 2417 quum
1643 2359 1820 2418 agam
1855 2342 1915 2402 in
1959 2343 2242 2414 consilio,

178 2427 386 2497 nullis,
421 2435 488 2486 ut
507 2426 811 2500 arbitror,
841 2426 1348 2502 repugnantibuS,
1383 2443 1589 2487 nonne
1615 2427 2009 2490 metuendum
2040 2434 2136 2487 est
2162 2443 2245 2486 ne

174 2511 451 2585 imperita
494 2508 743 2570 militum
778 2511 1102 2570 multitudo
1148 2527 1262 2584 per
1301 2526 1400 2569 me
1443 2526 1660 2585 pacem
1704 2510 1980 2569 distineri
2023 2512 2242 2584 putet?

176 2594 277 2654 29.
315 2595 521 2655 Facite
555 2594 673 2654 hoc
709 2609 909 2653 meum
940 2592 1264 2655 consilium
1301 2594 1579 2666 legiones
1623 2608 1823 2652 novas
1855 2609 1980 2653 non
2013 2593 2244 2666 impro-
2275 2633 2278 2635 Α

177 2679 339 2739 bare.
384 2672 536 2738 Nam
558 2678 837 2738 Martiam
861 2687 924 2738 et
941 2686 1221 2752 quartam
1245 2677 1392 2737 nihil
1415 2676 1758 2751 cogitantes
1780 2681 2029 2750 praeter
2046 2675 2243 2750 digni·

176 2769 357 2823 tatem
378 2771 442 2823 et
464 2762 657 2821 decus
682 2761 1192 2837 comprobaturas
1219 2775 1363 2820 esse
1382 2771 1549 2820 certo
1576 2758 1728 2819 scio·
1776 2758 1971 2830 Quid?
2003 2766 2241 2819 vetera-

178 2861 294 2906 nos
317 2864 439 2908 non
464 2860 749 2905 veremur
770 2878 856 2889 -—
882 2861 1024 2906 nam
1047 2844 1245 2905 timeri
1264 2860 1337 2904 se
1371 2860 1450 2904 ne
1485 2843 1604 2920 ipsi
1639 2841 1887 2917 quidem
1924 2845 2141 2902 volunt
2167 2876 2237 2886 -

182 2947 445 3005 quonam
469 2930 655 2989 modo
679 2928 987 3004 accipiant
1007 2928 1401 2995 severitatem
1423 2929 1660 2988 meam?
1689 2927 1880 2987 Multa
1903 2925 2062 2986 enim
2087 2927 2245 2986 falsa

182 3016 260 3074 de
292 3029 388 3073 me
415 3012 771 3074 audierunt:
808 3015 997 3073 multa
1022 3013 1102 3072 ad
1135 3028 1247 3074 eos
1271 3011 1533 3087 improbi
1563 3011 1942 3070 detulerunt:
1983 3027 2246 3086 quorum

184 3098 522 3170 commoda,
552 3106 622 3158 ut
647 3114 769 3158 vos
802 3095 1017 3174 optimi
1044 3103 1239 3157 testes
1277 3095 1454 3168 estiS,
1493 3102 1741 3170 semper
1772 3110 1888 3169 ego
1920 3096 2245 3164 sententia,

182 3182 557 3254 auctoritate,
593 3181 874 3244 oratione
896 3179 1166 3241 firmavi:
1200 3181 1317 3240 sed
1349 3180 1608 3240 credunt
1635 3178 1951 3253 improbis,
1986 3180 2247 3240 credunt

87 3268 92 3271 ’
184 3266 563 3339 turbulentis,
593 3267 855 3327 credunt
874 3265 1027 3325 suis,
1074 3266 1232 3326 Sunt
1253 3271 1457 3324 autem
1487 3266 1683 3324 sortes
1716 3263 1798 3322 illi
1831 3261 2096 3336 quidem,
2133 3261 2245 3320 sed

187 3358 438 3427 propter
465 3350 821 3430 memoriam
856 3366 1092 3423 rerum,
1132 3364 1290 3425 quas
1321 3354 1677 3424 gesserunt,
1723 3361 1837 3422 pro
1879 3346 2096 3420 populi
2127 3345 2245 3402 Ro·

188 3437 343 3496 mani
376 3437 655 3498 libertate
686 3444 748 3496 et
778 3438 979 3496 salute
1000 3433 1088 3492 rei
1109 3432 1397 3511 publicae
1416 3431 1593 3492 nimis
1620 3433 1863 3490 feroces
1890 3429 2048 3487 etad
2071 3443 2247 3486 suam

194 3520 309 3582 vim
342 3522 546 3582 omnia
576 3528 790 3581 nostra
820 3516 1079 3580 consilia
1110 3522 1501 3579 revocantes.
1592 3513 1694 3576 30.
1736 3512 1968 3571 Horum
2000 3526 2116 3585 ego
2146 3524 2219 3568 co
