2514 3928
124 127 200 165 sm
799 107 1178 161 PROOEMIUM
1219 105 1535 162 EDITORIS.

123 254 232 302 eius
298 250 618 301 coniecturae
675 248 924 313 plurimae
987 248 1106 300 sint.
1207 245 1386 309 Neque
1439 247 1576 296 enim
1622 261 1803 312 operae
1860 246 2081 312 p4etium
2138 256 2223 297 est

122 320 408 386 significare
456 319 630 382 priore
671 318 782 367 loco
824 317 1012 366 nullam
1062 331 1174 366 esse
1211 316 1547 381 oppositionis
1586 317 1688 364 vim
1722 323 1939 381 tantam,
1986 325 2043 365 ut
2088 315 2222 366 haec

124 391 278 438 verba
310 387 522 451 adiungi
558 386 843 450 potuerint,
881 385 1159 450 posteriore
1195 392 1364 434 autem
1402 385 1540 448 loco,
1591 399 1745 448 quum
1780 384 1953 448 plures
1982 384 2230 435 homines

122 460 223 507 siut
274 456 679 518 commemorati,
730 455 996 520 aptissime
1044 454 1142 504 ista
1187 454 1343 502 verba
1389 453 1515 512 dici,
1579 469 1678 516 quo
1721 456 1886 502 maior
1932 454 2226 503 accusatori

126 529 188 575 ab
228 527 482 575 iudicibus
513 525 706 573 invidia
743 523 1010 576 confletur.
1071 521 1260 572 Eodem
1296 523 1447 572 modo
1488 536 1599 585 cap.
1637 523 1688 574 2.
1730 523 1779 582 5.
1823 521 1873 573 3.
1915 537 2064 585 quam
2101 530 2216 572 ante

123 595 467 645 detrahendae
500 593 686 644 Bakius
722 593 893 656 posuit
923 592 1327 641 coniunctionem
1363 599 1416 641 et
1449 591 1764 655 repudianda
1790 599 1912 640 erat.
1964 592 2057 641 Vis
2082 592 2217 641 enim

126 665 366 715 orationis
397 663 635 728 apposita
667 661 915 726 particula
947 660 1238 725 infringitur
1263 660 1433 724 potius
1465 674 1616 722 quam
1649 661 1867 714 iuvatur.
1904 658 2005 710 Sed
2040 667 2228 725 postea

123 733 308 798 scripsi
345 746 504 781 nunc:
553 732 632 780 De
670 730 908 794 diynitate
948 728 1026 778 M.
1074 730 1275 780 Caelius
1304 731 1436 778 notis
1473 743 1537 777 ac
1566 728 1836 779 maioribus
1870 737 1994 779 natu
2024 737 2076 779 et
2110 730 2228 778 stine¹

123 803 359 852 oratione
397 815 506 850 mea
553 807 605 850 et
653 800 837 849 tacitus
868 799 1027 861 facile
1071 800 1182 860 ipse
1225 798 1521 861 respondet,
1570 813 1721 860 quam
1769 797 2011 848 librorum
2056 812 2221 862 paene

127 873 351 919 omnium
399 869 705 932 scripturam
742 867 1118 916 commendavit
1154 866 1347 916 Bauius
1383 867 1483 916 vol.
1523 866 1586 917 II.
1629 881 1681 930 p.
1721 865 1808 917 94.
1848 881 1941 931 pro
1984 867 2218 930 vulgato:

128 940 204 988 De
239 939 476 1002 dignitate
508 935 587 988 M.
623 937 823 988 Caelius
870 962 879 970 ·
962 936 1106 985 etiam
1145 937 1254 986 sine
1286 951 1395 985 mea
1436 936 1664 985 oratione
1703 939 1885 986 tacitus
1920 936 2076 998 facile
2108 937 2234 998 ipse

123 1007 412 1069 respondet.
486 1006 639 1055 Recte
687 1005 820 1054 enim
865 1004 965 1054 hoc
1000 1004 1208 1054 dicitur:
1262 1011 1311 1055 et
1342 1006 1452 1054 sine
1500 1007 1731 1054 oratione
1774 1020 1884 1055 mea
1927 1013 1981 1055 et
2013 1010 2066 1054 ut
2109 1005 2220 1071 ipse

125 1083 298 1126 taceat
337 1075 431 1124 boc
467 1074 722 1137 probabit.
795 1071 918 1138 Cap.
958 1072 1008 1124 3.
1041 1074 1091 1134 5.
1129 1071 1180 1123 8.
1219 1074 1565 1138 comprobavit
1608 1088 1757 1136 quam
1796 1089 1892 1139 ego
1932 1075 2033 1123 iam
2072 1080 2234 1121 antea.

123 1158 413 1208 receperam
441 1144 772 1208 scripturam:
801 1141 942 1192 Illud
968 1150 1127 1193 tamen
1158 1149 1205 1192 te
1236 1158 1348 1192 esse
1378 1142 1674 1192 admonitum
1698 1145 1837 1193 volo.-
1869 1144 2075 1204 primum
2097 1156 2226 1206 qua-

123 1214 188 1262 lis
222 1228 302 1276 es,
338 1214 486 1263 talem
514 1219 563 1261 te
591 1213 896 1276 existiment,
934 1220 990 1263 ut
1019 1219 1112 1262 etc.
1151 1213 1304 1262 etiam
1343 1210 1531 1260 Bakius
1564 1211 1599 1261 l.
1643 1226 1688 1262 c.
1728 1226 1782 1276 p.
1818 1209 1939 1265 287.
1982 1211 2047 1264 cl.
2081 1209 2231 1259 Cice--

124 1283 261 1330 ronis
303 1282 364 1330 de
410 1289 616 1331 oratore
663 1281 753 1332 lib.
789 1282 852 1331 11.
893 1297 1004 1347 cap.
1040 1281 1128 1332 41.
1163 1272 1218 1343 S.
1266 1279 1381 1331 176.
1422 1289 1472 1330 et
1509 1281 1737 1330 eiusdem
1780 1281 1945 1330 Bruto
1975 1294 2095 1344 cap.
2132 1277 2217 1329 38.

124 1351 175 1410 5.
218 1351 336 1409 142.
398 1349 501 1400 Sed
535 1349 660 1400 mihi
693 1358 857 1401 tamen
878 1386 895 1414 ,
933 1353 978 1400 si
1014 1351 1323 1415 recipiamus
1349 1349 1479 1398 hanc
1514 1351 1843 1409 sententiam,
1874 1349 2066 1409 aliquid
2101 1347 2234 1397 hinc·

124 1419 236 1468 eius
270 1419 408 1470 modi
441 1419 695 1471 excidisse
724 1420 941 1478 videtur,
979 1418 1126 1480 quale
1166 1426 1267 1467 est:
1304 1419 1454 1467 talem
1489 1425 1540 1467 te
1574 1432 1686 1467 esse
1720 1431 1883 1466 omnes
1920 1417 2235 1480 eoeistiment,

125 1489 265 1549 quod
295 1505 450 1552 quum
488 1503 638 1551 quem
676 1489 743 1536 ad
771 1486 976 1534 modum
1005 1485 1128 1533 olim
1155 1485 1344 1535 dixerit
1373 1492 1539 1534 orator
1568 1492 1828 1548 praestare
1859 1498 1958 1533 non
1991 1498 2228 1549 possem,

125 1558 275 1624 signa
310 1559 524 1608 lacunae
559 1554 921 1618 interponenda
955 1553 1148 1618 putavi.
1222 1553 1396 1603 Paullo
1432 1559 1550 1616 post
1588 1567 1703 1616 cap.
1730 1554 1784 1603 4.
1819 1553 1868 1614 5.
1904 1551 1987 1605 10.
2023 1554 2074 1602 iu
2109 1568 2221 1604 ver-

125 1627 203 1675 bis
235 1626 342 1675 bis:
375 1626 449 1674 ad
481 1639 618 1688 quem
650 1625 698 1672 si
731 1624 947 1671 accessit
989 1628 1078 1671 aut
1103 1627 1154 1673 si
1190 1637 1225 1671 a
1268 1637 1341 1672 me
1375 1621 1605 1671 discessit
1634 1637 1885 1687 umquam,
1931 1638 2228 1688 quamquam,

122 1696 263 1743 multi
307 1694 423 1744 boni
466 1692 807 1740 adolescentes
848 1692 923 1741 illi
963 1690 1145 1741 nomini
1184 1706 1391 1755 nequam
1436 1697 1587 1754 atque
1634 1690 1858 1756 improbo
1906 1693 2232 1751 studuerunt.

123 1769 285 1812 tamen
328 1762 636 1811 existimetur
682 1759 879 1811 Caelius
924 1759 1170 1810 Catilinae
1208 1761 1401 1809 nimium
1442 1760 1716 1823 familiaris
1746 1761 1926 1824 fuisse.
1962 1762 2072 1810 sine
2108 1761 2228 1810 ido·

124 1845 221 1880 nea
252 1844 422 1879 eausa
464 1829 712 1877 Rauius
757 1828 792 1880 l.
831 1844 874 1878 c.
908 1828 1008 1878 vol.
1047 1829 1110 1883 Π.
1142 1844 1196 1893 p.
1229 1827 1300 1879 94
1330 1843 1410 1892 sq.
1462 1837 1511 1876 et
1552 1828 1796 1878 Bakius
1841 1830 1877 1879 l.
1916 1846 1961 1878 c.
1998 1826 2100 1884 v'ol.
2134 1831 2229 1880 111.

126 1913 176 1962 p.
198 1898 337 1972 5288.
377 1898 719 1960 offenderunt,
769 1913 983 1961 quorum
1022 1899 1211 1948 Rauius
1247 1906 1345 1948 tum
1386 1912 1477 1962 pro
1509 1904 1670 1948 tamen
1699 1899 1850 1949 scribi
1885 1899 2075 1963 voluit,
2125 1899 2221 1949 Ba·

126 1968 242 2018 kius
277 1984 397 2020 vero
430 1976 657 2018 extrema
692 1970 847 2018 verba
885 1970 961 2018 sic
992 1968 1307 2019 immutanda
1343 1969 1564 2018 censuite
1603 1984 1713 2017 num
1748 1970 2061 2020 existimetur
2092 1970 2234 2020 Cae-

123 2039 220 2087 lius
255 2037 499 2087 Catilinae
534 2039 727 2087 nimium
755 2038 1026 2092 familiaris
1050 2038 1247 2101 fuisse?
1279 2036 1435 2087 Multo
1465 2037 1645 2087 melius
1682 2039 1842 2087 oratio
1876 2038 2103 2103 procedit
2139 2053 2226 2097 eo,

126 2120 226 2167 quo
258 2121 352 2155 nos
395 2107 692 2171 scripsimus
729 2108 907 2157 modo:
956 2108 1029 2157 ad
1057 2123 1196 2172 quem
1231 2109 1280 2157 si
1303 2108 1518 2157 accessit
1548 2132 1618 2143 —-
1652 2122 1900 2171 umquam,
1930 2123 2227 2173 quamquam

123 2174 216 2224 boc
242 2190 344 2239 per
377 2191 434 2226 se
463 2183 604 2226 tanto
639 2191 796 2241 opere
827 2190 925 2225 non
955 2176 1332 2239 vituperandum
1361 2176 1575 2234 videtur,
1612 2177 1747 2241 quod
1777 2176 1916 2225 multi
1946 2176 2063 2227 boni
2096 2176 2220 2226 ado-

127 2246 372 2295 lescentes
405 2245 454 2293 ei
478 2244 658 2295 homini
690 2245 851 2295 dediti
880 2253 1045 2309 erant,
1080 2254 1242 2295 tamen
1279 2260 1371 2309 eqo
1402 2244 1495 2295 boc
1528 2246 1809 2305 concedam,
1841 2252 1898 2294 ut
1923 2261 2013 2296 vos
2042 2260 2232 2295 summo

126 2313 239 2363 iure
270 2313 567 2364 eaeistimetis
601 2314 791 2364 nimium
820 2313 950 2363 hunc
988 2315 1234 2365 Catilinae
1262 2314 1572 2377 ¹familiarem
1591 2315 1771 2380 fuisse.
1819 2311 1940 2379 Gap.
1970 2316 2019 2366 5.
2048 2315 2098 2377 5.
2134 2314 2216 2366 11.

128 2384 299 2447 recepi
336 2396 470 2431 nunc
514 2397 630 2431 cum
669 2382 830 2431 Bakio
875 2384 1125 2432 bonorum
1173 2384 1416 2432 librorum
1464 2384 1760 2432 auctoritate
1798 2383 2098 2446 defenderet
2129 2399 2228 2447 pro

126 2449 461 2511 defenderat,
504 2451 598 2501 sed
631 2451 802 2516 paullo
853 2460 967 2515 post
999 2452 1140 2501 nolui
1175 2453 1404 2516 recipere
1439 2453 1669 2503 eiusdem
1706 2453 2046 2502 coniecturam
2083 2453 2221 2516 infa-

62 2523 65 2526 '
125 2520 251 2569 miae
279 2528 471 2571 ventum
500 2535 594 2586 pro
626 2520 880 2582 infamiam
910 2535 1078 2569 veram
1101 2521 1326 2585 effuyere
1355 2536 1453 2571 non
1478 2527 1700 2583 poterat,
1737 2535 1899 2583 neque
1928 2535 2083 2572 ausus
2107 2536 2228 2570 sum<

62 2589 71 2656 ξ
127 2588 304 2638 eodem
339 2589 498 2639 Bakio
533 2598 737 2639 auctore
773 2590 826 2651 5.
864 2588 947 2639 12.
989 2590 1171 2640 verba:
1208 2590 1529 2655 Flayrabant
1566 2592 1690 2640 vitia
1735 2589 1955 2640 libidinis
1990 2590 2130 2653 apud
2159 2591 2222 2639 il-

126 2657 238 2719 lum,
276 2674 369 2723 pro
402 2659 749 2724 suppositiciis
781 2657 994 2717 habere,
1031 2674 1125 2708 nec
1160 2659 1372 2724 probavi
1409 2672 1523 2723 cap.
1561 2661 1611 2709 7.
1650 2659 1702 2719 5.
1740 2659 1822 2709 15.
1856 2658 2098 2718 Bakium,
2134 2659 2223 2721 qui

126 2728 336 2776 verbum
372 2728 728 2778 coniurationis
757 2734 875 2791 post
906 2728 1070 2778 socios
1102 2729 1268 2777 omitti
1307 2726 1482 2787 voluit,
1517 2742 1682 2790 neque
1720 2726 1856 2791 quod
1884 2728 2017 2777 idem
2053 2727 2102 2790 5.
2133 2726 2228 2780 16.

127 2795 178 2841 in
219 2797 386 2844 verbis
421 2795 534 2844 his:
579 2811 737 2861 neque
770 2797 876 2845 eius
916 2796 1050 2859 facti
1089 2797 1141 2845 in
1178 2799 1341 2847 altero
1369 2798 1701 2861 suspitionem
1736 2804 2032 2862 quaereret,
2084 2798 2235 2847 cuius

126 2865 234 2924 ipse
267 2864 367 2913 sibi
400 2872 697 2926 perpetuam
731 2865 979 2914 licentiam
1016 2871 1248 2928 optaret.
1292 2865 1446 2915 scribi
1483 2879 1573 2930 pro
1609 2872 1835 2915 extremo
1871 2866 2027 2915 verbo
2063 2865 2225 2915 voluit

126 2939 444 2994 quereretur.
518 2932 743 2983 Verbum
789 2934 1068 2997 quaerendi
1101 2935 1255 2984 sicuti
1286 2934 1385 2984 hoc
1418 2934 1529 2983 loco
1579 2935 1729 2983 etiam
1770 2934 1823 2983 in
1860 2936 2084 2984 oratione
2122 2948 2240 2997 pro·

80 3001 91 3020 ³
124 2998 182 3049 C.
216 3001 429 3052 Rabirio
463 3001 697 3051 Postumo
733 3015 846 3065 cap.
883 3003 960 3052 17.
996 3004 1046 3064 5.
1071 3002 1159 3052 46.
1196 3003 1259 3051 de
1297 3010 1591 3053 accusatore
1625 3009 1924 3065 usurpatum
1957 3010 2063 3052 est:
2095 3003 2228 3053 Nam

123 3071 176 3118 in
205 3085 329 3134 eum,
366 3072 448 3119 cui
473 3070 824 3120 misericordia
857 3072 1100 3133 opitulari
1128 3070 1362 3131 debebat,
1399 3072 1586 3121 invidia
1623 3072 1854 3136 quaesita
1883 3078 1973 3121 est.
2046 3071 2229 3122 Paullo

125 3145 241 3201 post
274 3138 435 3189 Bakio
466 3153 632 3201 neque
670 3140 720 3187 iu
759 3155 838 3200 eo,
882 3140 1020 3202 quod
1057 3140 1109 3202 5.
1142 3138 1223 3193 18.
1262 3142 1552 3206 semigravit
1579 3154 1671 3205 pro
1705 3140 1991 3204 semiyrarit
2016 3156 2081 3190 ex
2105 3142 2221 3190 cod.

123 3204 218 3257 Ox.
255 3208 411 3256 scribi
446 3205 626 3271 voluit,
662 3222 826 3270 neque
862 3215 1055 3273 postea,
1096 3209 1185 3258 ubi
1220 3225 1319 3259 non
1344 3225 1568 3274 maynam
1603 3209 1974 3259 commendavit
2000 3224 2065 3259 ex
2094 3223 2215 3273 pan·

96 3274 200 3323 cis
237 3275 376 3324 libris
408 3290 503 3337 pro
534 3289 630 3325 non
652 3290 846 3339 magno,
882 3278 1154 3326 obsecutus
1186 3292 1319 3339 sum,
1358 3279 1449 3328 sed
1474 3277 1672 3342 cap.·8.
1706 3278 1755 3339 5.
1797 3276 1878 3328 18.
1907 3280 1958 3326 in
1987 3278 2223 3327 versibus

128 3341 273 3391 Ennii
309 3357 372 3391 ex
408 3341 614 3403 Medea,
654 3343 719 3393 de
750 3344 934 3404 quibus
974 3357 1108 3393 nunc
1151 3346 1306 3395 etiam
1343 3346 1563 3396 conferri
1593 3347 1777 3410 poterit
1816 3346 2222 3416 Ribbeckius
