2514 3928
647 120 1039 173 PROOEMIUM
1074 121 1408 173 EDITIONIS
1445 121 1815 175 SECUNDAE.
2123 139 2277 179 xxxv

180 276 318 319 esse,
365 260 502 323 quod
550 259 764 310 coniecit
807 255 870 312 N.
906 258 945 306 Ι.
991 257 1048 311 Β.
1110 259 1389 323 Kappeyne
1432 274 1530 309 van
1587 260 1653 310 de
1695 258 1899 326 Capello
1934 262 1988 310 in
2028 261 2279 312 Mnemon.

184 329 264 378 111.
304 342 354 392 p.
381 329 498 379 231.
535 327 598 378 cl.
633 336 759 376 orat.
806 327 859 374 in
892 325 958 374 L.
1001 327 1106 378 Pis.
1153 328 1203 387 5.
1239 328 1322 378 85.
1396 325 1518 391 Cap.
1559 328 1610 377 4.
1662 327 1711 388 5.
1753 329 1801 378 6.
1866 339 1999 378 recte
2043 327 2278 378 Baiterus

179 411 206 443 e
241 394 355 443 cod.
392 394 619 443 Parisini
648 394 902 458 scriptura
935 395 1124 443 omnis
1157 395 1289 442 eruit
1320 408 1427 443 ctam
1461 397 1635 451 omnis,
1670 395 1811 456 quod
1844 397 2027 460 recepi.
2102 395 2276 460 Vulgo

175 476 284 510 cum
327 461 607 526 legebatur.
678 457 800 524 Gap.
837 462 885 513 6.
933 459 982 520 5.
1011 461 1094 512 13.
1140 460 1205 509 de
1239 458 1428 510 Baiteri
1463 464 1753 510 coniectura
1787 464 1971 528 scripsi
2007 479 2151 528 quum
2183 465 2279 513 vix

76 558 83 565 -
175 530 229 576 in
266 528 566 591 provincias
606 529 961 592 pervenissent
1004 541 1099 591 pro
1149 526 1360 592 vulgato
1406 544 1550 593 quum
1593 530 1646 578 tn
1687 532 1982 592 provincias
2009 532 2276 593 pervenis-

173 600 306 644 sent.
376 596 434 644 In
469 595 582 644 cod.
618 595 849 644 Parisino
888 602 967 643 est
999 608 1162 660 parva
1194 594 1377 643 lacuna
1411 604 1530 658 post
1571 612 1732 661 quum,
1781 597 1960 646 eodem
1993 595 2107 646 loco
2143 596 2276 662 legi·

173 672 258 710 tur
301 663 353 712 m·
390 663 446 712 in
488 662 600 713 cod.
647 661 1013 712 Gemblacensi.
1084 662 1132 722 5.
1167 663 1248 711 14.
1294 664 1636 726 proferuntur
1679 678 1707 712 e
1749 663 1893 714 libris
1938 674 2134 713 tantum
2170 678 2274 713 non

175 729 412 780 omnibus
449 730 620 794 recepi
654 743 750 794 pro
781 729 1137 794 perferuntur.
1194 729 1338 780 cuius
1379 732 1546 780 nullae
1585 731 1791 781 litterae
1822 732 2162 796 profer-antw-
2196 746 2275 780 re-

171 797 400 847 ctissime
434 797 640 856 dicitur,
676 797 729 846 id
765 805 860 856 est,
897 796 962 845 ab
996 797 1176 846 amicis
1212 811 1273 845 ac
1308 796 1642 847 familiaribus
1688 799 1820 848 eins.
1892 796 2041 852 Conf.
2089 798 2275 847 oratio-

169 877 285 913 nem
319 863 653 915 R‘som’anam
690 863 740 926 5.
766 865 849 914 39.
905 861 1029 928 Cap.
1056 865 1105 914 7.
1143 864 1193 924 5.
1221 866 1301 914 15.
1338 878 1474 912 nunc
1505 865 1695 929 scripsi
1738 881 1831 915 eur
1863 867 2146 930 imperator
2178 880 2275 928 ap-

161 932 408 994 pelletur,
462 945 597 995 qnae
648 931 900 994 scriptura
943 945 1004 980 ea
1036 931 1252 992 ratione,
1307 946 1410 997 qua
1466 931 1739 983 Tischerus
1793 933 2091 996 explicavit,
2143 930 2272 980 serr-

167 1005 359 1061 potest.
431 995 537 1048 Sed
578 1005 817 1064 poterant
861 999 1011 1055 etiam
1056 997 1207 1062 plura
1252 998 1407 1048 verba
1448 999 1706 1049 excidisse
1751 1000 1802 1047 in
1840 1000 1972 1048 hanc
2017 998 2125 1049 fere
2158 998 2272 1049 seni

167 1066 405 1114 tentiam:
467 1065 645 1131 qubus
676 1065 829 1115 rebus
863 1066 1020 1129 pestis
1054 1065 1235 1128 diemcs
1269 1080 1382 1114 esse
1414 1067 1674 1126 videatur,
1731 1069 1820 1131 qui
1855 1070 2140 1132 imperator
2172 1082 2272 1130 ap·

162 1133 403 1194 pelletur.
475 1131 794 1191 Quamquam
847 1133 965 1192 quis
1018 1131 1226 1194 singula
1273 1131 1429 1179 verbe
1472 1133 1524 1180 in
1568 1135 1679 1183 eius
1719 1134 1860 1183 modi
1915 1135 2042 1184 locis
2102 1142 2271 1198 potest

168 1197 467 1261 praestare?
538 1196 717 1246 Paullo
766 1207 888 1261 post
937 1211 1000 1246 ac
1051 1207 1167 1245 ante
1217 1200 1453 1260 tyrannis
1506 1198 1804 1262 interposui.
1874 1200 1996 1265 Cap.
2021 1201 2072 1250 8.
2110 1201 2158 1261 5.
2188 1203 2269 1250 18.

167 1264 354 1325 patria
390 1276 487 1326 pro
517 1268 745 1326 paterna
778 1276 845 1310 ex
879 1261 1020 1311 libris
1058 1262 1309 1326 scriptum
1345 1273 1423 1310 est
1456 1273 1507 1312 et
1538 1265 1586 1323 5.
1611 1267 1696 1315 19.
1736 1267 1830 1314 sed
1872 1269 1920 1315 ei
1952 1281 2048 1330 pro
2093 1270 2189 1317 sed
2222 1274 2275 1317 et

170 1329 238 1377 de
274 1328 462 1379 Halmii
497 1329 801 1378 coniectura.
858 1326 983 1393 Gap.
1006 1330 1058 1378 9.
1091 1328 1138 1388 5.
1162 1331 1246 1376 22.
1286 1343 1382 1393 pro
1418 1331 1672 1380 exstinxit
1705 1346 1792 1380 res
1821 1333 2039 1394 publica,
2075 1335 2195 1394 quia
2218 1335 2274 1382 in

168 1396 316 1445 libris
352 1394 461 1445 sere
496 1405 577 1446 est
608 1396 690 1446 rei
714 1412 771 1460 p.
844 1394 1078 1445 Baiterus
1114 1406 1164 1445 et
1198 1395 1458 1458 Kayserns
1493 1390 1659 1462 'nuper
1698 1397 1963 1447 ediderunt
1993 1402 2075 1448 rei
2112 1400 2275 1462 publi-

163 1478 261 1513 cae
297 1465 585 1525 utilitas,
631 1462 696 1512 cl.
735 1462 785 1525 5.
811 1463 893 1513 29.
965 1462 1063 1511 Pro
1110 1476 1168 1512 eo
1212 1463 1365 1512 etiam
1418 1464 1568 1513 scribi
1607 1465 1779 1529 potuit
1813 1466 1895 1515 rei
1922 1465 2156 1529 publicae
2191 1482 2275 1515 ne·

162 1533 384 1580 cessitas
418 1529 482 1584 cl.
521 1531 569 1590 5.
615 1531 697 1582 26.
735 1539 825 1578 aut
857 1531 942 1580 rei
966 1530 1203 1593 publicae
1235 1545 1412 1584 eausa.
1485 1529 1587 1580 Sed
1632 1542 1801 1580 tamen
1849 1545 1952 1581 non
2001 1531 2148 1582 video
2184 1547 2275 1581 cnr

160 1597 297 1647 salsa
331 1599 401 1646 sit
434 1598 690 1662 scriptura
725 1611 902 1646 eorum
937 1596 1207 1655 librorum,
1255 1599 1347 1660 qui
1389 1597 1576 1648 habent
1617 1614 1707 1648 res
1745 1598 1976 1662 publica,
2022 1614 2155 1662 quae
2194 1599 2274 1649 fa-

160 1664 259 1714 cile
300 1666 561 1731 corrumpi
604 1665 773 1729 potuit
815 1665 870 1713 in
913 1666 996 1714 rei
1020 1681 1079 1729 p.
1118 1663 1254 1714 conf.
1294 1667 1349 1714 in
1382 1666 1448 1715 L.
1486 1666 1722 1716 Pisonem
1759 1667 1838 1725 15,
1874 1670 1958 1718 35.
1996 1683 2139 1733 quem
2170 1682 2273 1718 me·

158 1748 271 1782 aem
306 1733 484 1782 eadem
517 1747 604 1782 res
631 1732 855 1796 publiea,
892 1747 1021 1796 quae
1057 1735 1110 1782 in
1145 1733 1405 1783 tribunatu
1437 1734 1545 1783 eius
1568 1735 1882 1790 diiunxerat,
1917 1738 1972 1784 in
2005 1739 2271 1786 considatu

157 1801 349 1850 uirtute
382 1800 562 1864 optimi
591 1815 654 1849 ac
685 1800 946 1849 iustissimi
974 1801 1076 1850 viri
1104 1801 1461 1864 sapientiaque
1495 1802 1775 1852 coniunxit.
1848 1800 1973 1868 Gap.
1995 1805 2077 1854 11.
2112 1804 2158 1862 5.
2181 1805 2265 1854 26.

158 1875 372 1931 propter
414 1866 660 1916 librorum
704 1866 1055 1917 anctoritatem
1100 1881 1235 1915 nnnc
1278 1868 1588 1917 decreverim
1626 1869 1829 1919 restitui
1869 1883 1964 1934 pro
1997 1872 2267 1920 decrerun-

157 1934 209 1995 5.
235 1937 323 1986 27.
368 1934 561 1985 dier-itm
604 1935 773 1984 decem
814 1946 910 1998 pro
957 1934 1150 1984 dierum
1192 1934 1454 1985 duodecim
1498 1935 1562 1985 de
1597 1934 1809 1985 Manutii
1845 1939 2134 1987 coniectura
2170 1947 2264 1987 est.

158 2001 290 2067 Cap.
318 2002 399 2050 12.
446 2002 495 2062 5.
519 2003 601 2050 29.
647 2002 812 2052 nostri
844 2013 966 2065 post
996 2002 1197 2065 imper-ii
1236 2001 1481 2051 librorum
1527 2005 1827 2053 auctoritate
1870 2004 2125 2054 sublatum
2171 2013 2265 2053 est.

156 2068 291 2134 Cap.
318 2070 401 2118 16.
448 2069 496 2128 5.
522 2070 605 2118 38.
656 2070 738 2118 sin
779 2070 930 2117 etiam
973 2084 1000 2117 e
1046 2068 1160 2118 cod.
1204 2069 1441 2118 Parisino
1487 2072 1733 2134 scriptum
1771 2080 1850 2121 est
1882 2085 1978 2137 pro
2011 2073 2062 2120 si
2095 2073 2264 2120 etiam.

157 2146 210 2186 et
245 2133 423 2202 paullo
458 2145 583 2200 post
616 2134 679 2184 de
697 2133 924 2185 Schiitzii
959 2137 1247 2185 coniectura
1277 2142 1503 2201 propter
1535 2139 1882 2202 indignitatem
1916 2152 2010 2203 pro
2041 2144 2267 2201 propter

155 2205 477 2268 dignitatem.
548 2204 595 2264 5.
615 2204 696 2253 39.
729 2203 1186 2266 pertimescendum
1225 2204 1328 2251 iam
1375 2205 1616 2268 rescripsi
1655 2218 1750 2269 pro
1794 2207 2262 2269 pertimescendam·

158 2269 288 2335 Gap.
316 2270 400 2319 18.
436 2269 485 2330 5.
509 2270 594 2321 43.
629 2271 719 2319 illa
742 2279 860 2318 ante
880 2271 1061 2335 caligo,
1098 2269 1238 2332 qnod
1266 2270 1448 2334 optimi
1480 2269 1595 2321 libri
1632 2274 1884 2331 omittunt,
1925 2286 2138 2336 prorsus
2174 2271 2264 2320 de-

156 2337 274 2387 levi.
345 2337 397 2397 5.
423 2337 507 2386 44.
560 2338 610 2386 si
649 2336 747 2387 hoc
785 2337 957 2400 maani
987 2337 1172 2402 scripsi
1209 2352 1237 2385 e
1279 2336 1423 2387 libris
1468 2352 1564 2401 pro
1600 2341 1736 2403 quod
1768 2339 1865 2389 hoc
1897 2339 2078 2401 maym’.
2118 2340 2262 2386 item·

154 2419 261 2467 qne
312 2417 426 2469 cap.
471 2405 549 2455 19.
603 2410 756 2469 atque
798 2405 1214 2454 incommodorum
1251 2417 1348 2468 pro
1385 2410 1436 2454 et
1468 2406 1901 2457 incommodorum.
1975 2406 2026 2467 5.
2062 2406 2148 2456 45.
2184 2409 2265 2453 est

155 2481 282 2536 post
338 2470 769 2534 per-honorificum
828 2469 893 2519 de
947 2470 1306 2535 Wesenbergii
1350 2472 1643 2521 coniectura
1695 2488 1831 2521 nunc
1882 2471 2055 2520 addidi
2103 2470 2260 2534 vulgo

157 2539 430 2590 omissum.
506 2536 628 2603 Cap.
655 2539 740 2587 20.
775 2536 822 2597 5.
848 2538 933 2588 47.
969 2537 1189 2587 dubitari
1224 2547 1422 2603 potest,
1460 2539 1507 2587 si
1541 2538 1786 2589 librorum
1819 2540 2067 2587 rationem
2104 2536 2260 2585 habe·

155 2620 293 2670 mus,
332 2605 396 2654 de
428 2616 635 2670 recepta
668 2604 939 2669 scriptura,
974 2619 1134 2667 quum
1169 2618 1351 2654 omnes
1385 2604 1499 2655 libri
1533 2621 1643 2655 cum
1676 2617 1796 2655 ante
1830 2620 1924 2667 eqo
1964 2603 2186 2652 habeant
2211 2612 2262 2651 et

153 2679 209 2723 et
241 2687 353 2722 eum
395 2685 491 2737 pro
533 2673 633 2723 sed
672 2687 840 2737 quum,
885 2672 977 2721 sed
1021 2673 1073 2721 in
1118 2687 1173 2721 re
1216 2672 1410 2721 incerta
1453 2683 1625 2721 tamen
1668 2687 1771 2721 non
1830 2680 1936 2719 erat
1982 2685 2012 2717 a
2056 2680 2260 2733 recepta

156 2739 418 2803 scriptura
450 2739 805 2789 recedendum.

294 2804 436 2863 Quae
480 2820 616 2855 nunc
658 2806 863 2868 quidem
898 2806 950 2854 in
986 2807 1235 2869 oratione,
1274 2821 1407 2869 quae
1442 2815 1522 2855 απ.
1548 2821 1654 2871 pro
1695 2806 1756 2855 L.
1797 2804 2031 2854 Cornelio
2066 2803 2257 2864 Balbo,

153 2873 370 2932 mutavi,
407 2874 647 2937 graviora
683 2873 768 2921 ille
801 2873 1005 2935 quidem
1039 2888 1144 2923 non
1179 2883 1320 2933 sunt,
1357 2873 1450 2922 sed
1473 2872 1725 2934 quaedam
1742 2880 1910 2921 tamen
1934 2871 2091 2935 digna
2116 2882 2258 2917 com·-

152 2940 547 2991 memoratione.
617 2941 695 2991 Ac
745 2940 964 3005 primum
1017 2941 1224 3003 quidem
1277 2954 1393 3004 cap.
1419 2940 1466 2989 1.
1512 2938 1560 2999 5.
1591 2940 1642 2988 4.
1699 2939 1799 2988 sed
1846 2952 1918 2987 ecc
1967 2939 2257 2999 cuiusquam

152 3007 344 3073 scripsi
379 3021 477 3072 pro
509 3009 607 3058 sed
636 3009 939 3073 adaequata.
1005 3006 1130 3056 Mox
1164 3020 1281 3071 cap.
1304 3008 1355 3057 2.
1399 3011 1624 3055 actorem
1663 3006 1821 3055 ,etiam
1865 3018 2002 3051 nnnc
2037 2999 2253 3060 obtinui,

149 3076 205 3123 id
241 3074 386 3137 qnod
422 3074 575 3123 etiam
611 3073 666 3126 C.
704 3074 763 3124 L.
799 3074 1061 3137 Kayserus
1094 3082 1232 3122 recte
1267 3073 1517 3130 servavit,
1561 3084 1665 3119 non
1701 3078 1955 3121 auctorem
1988 3068 2067 3145 id‘,
2115 3064 2254 3125 quod

152 3140 390 3191 Baiterns
435 3142 646 3206 recepit,
698 3141 851 3191 edidi.
921 3137 1236 3188 Beneficium
1281 3139 1418 3189 enim
1461 3138 1525 3187 ab
1568 3151 1671 3186 uno
1718 3133 1807 3185 Cn.
1844 3133 2088 3196 Pompeio
2131 3142 2254 3193 pro-

148 3207 341 3258 fectum
377 3215 487 3257 erat
518 3223 686 3270 neque
720 3206 977 3258 Ciceronis
1013 3206 1314 3255 anctoritate
1356 3204 1458 3254 ullo
1502 3203 1659 3253 modo
1705 3200 1990 3250 confirmari
2034 3203 2250 3259 poterat.

145 3276 198 3325 Is
244 3284 446 3325 tantum
490 3276 646 3324 modo
693 3275 925 3325 laudator
970 3282 1018 3323 et
1060 3271 1304 3322 defensor
1348 3271 1456 3320 eius
1494 3265 1720 3317 beneficii
1757 3280 1870 3370 esse
1905 3262 2090 3326 potnit.
2159 3255 2250 3305 Al-

1773 3360 1803 3389 0
