2514 3928
278 206 405 269 314
586 207 662 266 IN
696 207 774 265 M.
800 205 1207 268 ANTONIUM
1235 205 1519 267 ORATIO
1549 205 1973 266 PHILIPPICA
2007 207 2074 265 11.
2278 225 2350 274 ιο

280 355 661 420 clarissimos.
686 355 852 417 viros
876 357 1043 418 soles
1072 358 1405 433 appellare,
1439 366 1663 419 tantam
1685 365 1897 418 essent
1923 356 2175 432 gloriam
2203 372 2350 419 con·

279 439 493 503 secuti.
561 440 750 514 Quale
779 449 981 501 autem
1009 442 1370 501 beneficium
1403 449 1522 514 est,
1564 442 1729 516 quod
1762 450 1819 501 te
1849 440 2216 502 abstinueris
2246 457 2345 502 ne·

280 523 433 584 sario
465 525 744 584 scelere?
815 524 945 597 Qua
978 525 1038 583 in
1070 542 1139 584 re
1174 542 1296 585 non
1329 533 1447 585 tam
1481 524 1810 585 iucundum
1841 524 1985 584 mihi
2018 523 2215 585 videri
2245 525 2346 585 de-

277 607 408 668 buit
421 624 542 667 non
561 606 951 668 interfectum
964 624 1056 669 me
1072 624 1110 667 a
1122 615 1186 668 te
1202 624 1385 682 quam
1409 607 1699 669 miserum
1714 616 1778 669 te
1793 608 1854 669 id
1871 607 2119 681 impune
2149 608 2351 669 lacere

281 690 581 767 potuisse.
669 690 729 751 6.
761 688 884 750 Sed
916 690 995 750 sit
1031 690 1425 763 beneficium,
1466 691 1712 764 quando
1745 692 1991 766 quidem
2026 692 2220 751 maius
2250 708 2345 752 ac·

276 774 399 849 cipi
432 790 471 834 a
514 775 749 835 latrone
793 774 1022 833 nullum
1054 774 1277 847 potuit:
1324 773 1381 834 in
1422 790 1543 849 quo
1578 782 1754 849 potes
1791 791 1888 834 me
1916 776 2123 836 dicere
2151 773 2341 850 ingra-

280 865 445 919 tum?
498 860 595 918 An
638 858 717 918 de
757 855 1005 917 interitu
1038 855 1125 916 rei
1159 856 1438 931 publicae
1470 857 1644 932 queri
1673 873 1796 918 non
1825 859 2047 932 debui,
2092 876 2173 919 ne
2199 860 2260 918 in
2295 867 2351 919 te

277 941 550 1017 Ingratus
581 940 865 1000 viderer?
917 942 1000 1000 At
1039 939 1098 998 in
1132 939 1231 999 illa
1261 942 1549 1016 querella,
1583 942 1805 1002 misera
1851 942 2095 1017 quidem
2131 951 2195 1003 ct
2225 944 2345 1001 luc·

279 1036 486 1098 tunsa,
531 1023 645 1083 sed
686 1022 831 1082 mihi
862 1039 972 1098 pro
994 1023 1113 1084 hoc
1140 1025 1360 1099 gradu,
1393 1026 1449 1083 in
1485 1042 1604 1099 quo
1640 1041 1736 1086 me
1772 1034 2024 1087 senatus
2055 1026 2351 1101 populus>

279 1124 402 1183 que
430 1109 745 1167 Romanus
775 1108 1123 1178 collocavit,
1167 1108 1550 1180 necessaria,
1595 1109 1743 1184 quid
1785 1118 1881 1171 est
1926 1110 2151 1170 dictum
2183 1126 2220 1169 a
2252 1125 2353 1169 me

278 1208 416 1252 cum
463 1189 869 1251 contumelia?
934 1190 1081 1266 quid
1139 1208 1265 1252 non
1316 1193 1668 1253 moderate?
1736 1192 1883 1267 quid
1932 1208 2059 1253 non
2115 1193 2356 1253 amice?

279 1275 455 1349 Quod
487 1273 731 1350 quidem
763 1273 938 1336 cuius
968 1274 1403 1349 temperantiae
1436 1275 1547 1336 fuit
1573 1277 1650 1336 de
1677 1276 1758 1335 Μ.
1787 1276 2056 1337 Antonio
2091 1293 2355 1351 queren-

280 1370 396 1421 tem
425 1358 738 1419 abstinere
769 1356 1128 1437 maledictiS,
1183 1360 1539 1434 praesertim
1593 1378 1779 1435 quum
1828 1368 1889 1420 tu
1932 1360 2225 1435 reliquias
2260 1359 2353 1420 rei

280 1441 561 1519 publicae
592 1440 1069 1517 dissipavisseS,
1116 1459 1304 1518 quum
1334 1443 1499 1503 domi
1531 1452 1669 1503 tuae
1696 1443 2048 1517 turpissimo
2079 1452 2359 1504 mercatu

284 1525 485 1586 omnia
518 1534 730 1586 essent
759 1524 1026 1599 venalia,
1067 1535 1250 1602 quum
1285 1527 1452 1601 leges
1484 1541 1622 1598 eaS,
1658 1543 1818 1601 quae
1847 1544 2173 1600 numquam
2206 1543 2355 1600 pro·

281 1611 584 1685 mulgatae
625 1618 863 1682 essent,
916 1619 977 1670 et
1015 1610 1094 1669 de
1142 1620 1197 1671 te
1238 1620 1300 1671 et
1339 1627 1377 1669 a
1417 1618 1474 1669 te
1519 1612 1672 1671 latas
1718 1612 2109 1684 confiterere,
2163 1627 2356 1686 quum

279 1692 555 1768 auspicia
591 1709 800 1767 augur,
834 1691 1338 1754 intercessionem
1370 1695 1586 1754 consul
1611 1694 2002 1763 sustulisses‚
2036 1709 2222 1768 quum
2252 1709 2353 1753 es·

278 1789 381 1832 ses
415 1772 778 1833 foedissime
807 1773 1069 1848 stipatus
1097 1773 1365 1845 armatiS‚
1395 1790 1582 1847 quum
1611 1790 1827 1834 omnes
1848 1772 2360 1848 impuritatesim·

282 1856 506 1928 pudica
530 1855 590 1915 in
616 1856 802 1916 domo
830 1856 1058 1918 cotidie
1080 1856 1459 1933 susciperes,
1487 1856 1628 1919 vino
1651 1859 1989 1933 lustrisque
2007 1858 2353 1917 consectus.

281 1938 338 2002 7.
386 1943 467 2002 At
506 1954 654 2014 ego,
695 1946 1001 2013 tamquam
1052 1937 1192 1996 mihi
1235 1953 1375 1997 cum
1415 1937 1494 1995 Μ.
1543 1936 1767 1996 Crasso
1811 1932 2116 1996 contentio
2166 1941 2361 2006 esset,

282 2041 546 2101 quocum
576 2024 798 2084 multae
829 2032 1171 2097 etmagnae
1203 2023 1471 2094 suerunt,
1525 2037 1645 2081 non
1694 2035 1831 2079 cum
1863 2036 1985 2079 uno
2016 2016 2362 2092 gladiatore

281 2106 693 2184 nequissimo,
724 2107 801 2166 de
829 2122 894 2166 re
929 2105 1171 2180 publica
1204 2104 1470 2179 graviter
1504 2120 1785 2178 querens,
1821 2104 1896 2162 de
1928 2100 2175 2161 homine
2208 2098 2360 2159 nihil

281 2192 428 2253 dixi.
487 2192 700 2264 ltaque
729 2189 912 2249 hodie
950 2188 1291 2262 perficiam,
1322 2197 1386 2249 ut
1412 2187 1707 2262 intelligat
1736 2193 2024 2260 quantum
2054 2200 2091 2243 a
2121 2199 2221 2243 me
2249 2183 2363 2242 be·

281 2273 563 2335 neficium
589 2281 716 2332 tum
744 2271 1070 2347 acceperit.
1162 2273 1264 2330 lV.
1296 2273 1375 2332 At
1405 2271 1586 2331 etiam
1622 2269 1883 2341 litterae,
1920 2285 2079 2344 quas
2109 2283 2208 2326 me
2238 2264 2365 2326 sibi

282 2355 528 2421 misi-sse
571 2355 831 2427 diceret,
884 2353 1160 2415 recitavit
1249 2355 1432 2415 homo
1486 2362 1546 2414 et
1595 2351 1985 2414 humanitatis
2025 2366 2255 2425 expers
2301 2359 2366 2409 ct

283 2442 442 2501 vitae
471 2435 813 2499 communis
844 2436 1111 2513 ignarus.
1170 2437 1319 2512 Quis
1340 2438 1498 2498 enim
1533 2453 1852 2512 umquam,
1936 2429 2041 2507 qui
2081 2429 2366 2505 paullum

282 2525 468 2585 modo
494 2524 791 2584 bonorum
816 2522 1320 2583 consuetudinem
1348 2529 1577 2591 nosset,
1611 2520 1838 2582 litteras
1861 2519 1938 2578 ad
1967 2533 2037 2578 se
2057 2517 2138 2576 ab
2157 2514 2366 2574 amico

281 2609 507 2670 missas
538 2605 886 2669 offensione
917 2606 1123 2681 aliqua
1150 2603 1510 2680 interposita
1543 2603 1600 2663 in
1648 2603 1912 2663 medium
1948 2600 2200 2676 protulit
2252 2613 2365 2671 pa-

283 2695 528 2769 lamque
556 2688 874 2752 recitavit?
933 2688 1090 2763 Quid
1119 2697 1215 2751 est
1240 2688 1406 2749 aliud
1434 2689 1648 2748 tollere
1666 2703 1747 2748 ex
1767 2685 1895 2749 vita
1917 2679 2366 2746 vitaesocieta·

284 2786 433 2851 tem,
494 2777 707 2838 tollere
744 2773 1077 2835 amicorum
1120 2772 1428 2848 colloquia
1469 2771 1855 2832 absentium?
1934 2769 2123 2842 Quam
2170 2765 2369 2824 multa

282 2860 421 2921 ioca
459 2861 663 2921 solent
702 2874 847 2921 esse
894 2858 952 2917 in
1000 2856 1311 2933 epistoliS‚
1367 2872 1526 2930 quae
1571 2856 1807 2930 prolata
1849 2852 1903 2913 si
1944 2851 2095 2922 sint,
2153 2848 2373 2922 inepta

270 2942 643 3009 videantur!
676 2960 861 3016 quam
891 2942 1082 3002 multa
1108 2939 1301 3014 seria,
1335 2955 1536 3014 neque
1564 2947 1763 2999 tamen
1795 2937 1920 2999 ullo
1948 2935 2133 2997 modo
2163 2931 2372 2992 divul-

283 3025 517 3100 ganda!
588 3025 649 3086 8.
694 3024 787 3086 Sit
816 3025 935 3086 hoc
965 3022 1453 3085 inhumanitatisz
1484 3021 1792 3083 stultitiam
1823 3017 2246 3081 incredibilem
2277 3014 2374 3072 vi·

283 3110 444 3170 dete.
522 3106 679 3181 Quid
732 3107 924 3168 habes
981 3109 1149 3182 quod
1191 3107 1338 3167 mihi
1383 3123 1698 3182 opponas,
1750 3105 1933 3166 homo
1985 3101 2252 3172 diserte,
2304 3105 2378 3158 ut

282 3197 585 3256 Mustelae
632 3202 694 3255 ct
736 3195 944 3256 Tironi
993 3212 1139 3256 esse
1179 3193 1455 3255 videris?
1496 3193 1602 3270 qui
1648 3209 1838 3268 quum
1875 3191 1998 3254 hoc
2035 3191 2174 3265 ipso
2215 3196 2371 3250 tem-

282 3295 435 3354 pore
476 3286 644 3340 stent
684 3293 822 3338 cum
865 3278 1087 3354 gladiis
1129 3279 1186 3339 in
1236 3286 1582 3354 conspectu
1621 3284 1907 3348 senatus,
1953 3290 2072 3351 ego
2107 3286 2377 3349 quoque

284 3372 341 3422 te
382 3362 680 3424 disertum
726 3362 990 3439 putabo,
1036 3363 1089 3423 si
1132 3361 1489 3424 ostenderis
1530 3379 1655 3437 quo
1699 3362 1886 3423 modo
1919 3359 2009 3420 sis
2046 3374 2160 3420 eos
2202 3357 2377 3418 inter

281 3446 540 3508 sicarios
592 3448 987 3508 defensurus.
1088 3446 1210 3508 Sed
1267 3445 1413 3524 quid
1467 3463 1754 3524 opponas
1809 3444 2085 3516 tandem,
2149 3441 2203 3503 si
2262 3457 2377 3501 ne·
