2514 3928
638 138 1036 191 PROOEMIUM
1070 137 1395 191 EDITIONIS
1434 139 1731 190 SECUNDA
1744 141 1798 191 Ε.
2127 156 2259 193 xmx

199 279 379 328 stellam
414 277 667 335 Luceium,
705 275 844 338 quod
877 289 1051 324 verum
1087 289 1200 323 esse
1235 274 1373 324 nullo
1406 276 1558 325 modo
1594 286 1781 341 potest,
1820 277 2098 338 eodemque
2123 275 2262 325 Stra-

201 346 322 394 bone
352 354 558 392 auctore
590 352 722 392 recte
756 342 994 406 deinceps
1032 355 1147 405 cap.
1173 343 1218 389 7.
1241 342 1288 400 ἓ.
1315 342 1398 392 21.
1445 342 1759 393 Hermannus
1798 343 2006 410 Sauppe
2040 344 2266 393 scriben-

200 413 314 461 dum
355 425 473 459 esse
516 410 666 459 vidit:
718 411 772 459 in
822 412 1077 459 castellum
1128 408 1303 457 Peium
1353 423 1449 472 pro
1503 411 1553 459 in
1607 413 1859 461 castellum
1916 411 2177 469 Luceimn,
2215 410 2268 459 id

198 477 330 538 quod
361 491 392 525 a
424 491 506 525 me
536 487 791 541 receptum
824 487 917 526 est.
989 473 1113 540 Cap.
1137 475 1186 524 8.
1220 475 1269 534 §-
1294 477 1375 525 23.
1401 477 1608 539 reposui
1641 492 1775 526 nunc
1799 492 1909 527 eam
1944 478 2264 542 scripturam,

198 557 343 606 quam
377 545 479 592 iam
512 543 774 608 superiore
807 551 1036 606 tempore
1079 557 1106 590 e
1158 539 1396 590 librorum
1448 556 1599 591 mann
1640 544 1942 609 scriptorum
1977 543 2268 593 testimonio

201 623 433 670 cruet-am,
470 610 562 660 sed
605 618 786 675 postea
826 624 1009 658 rursus
1045 607 1382 666 deserueram,
1420 624 1469 657 et
1503 610 1713 674 scripsi:
1756 613 1833 661 vel
1867 612 1984 676 quia
2018 625 2116 660 non
2151 625 2267 660 nos-

201 684 275 728 set
312 678 389 727 vel
426 679 476 726 si
516 683 688 728 nosset
729 690 821 741 pro
865 678 945 726 vel
985 677 1103 740 quia
1145 682 1317 725 nosset
1356 677 1437 725 vel
1468 679 1587 740 quia
1621 693 1719 727 non
1764 684 1948 728 nosset.
2021 678 2145 740 Cap.
2185 678 2263 726 10.

200 744 244 804 ὅ.
269 745 346 794 29.
380 753 667 809 corruptam
712 756 842 806 quae
885 755 961 792 est
1003 742 1055 790 in
1092 741 1228 791 libris
1267 743 1569 807 scripturam
1609 743 1888 806 relinquere
1921 743 2077 793 malui
2111 757 2263 804 quam

199 821 374 860 temere
408 809 572 860 locum
606 820 814 858 mutare.
884 807 1008 873 Cap.
1045 811 1126 858 12.
1173 809 1220 866 §-
1255 809 1339 861 34.
1386 807 1571 873 scripsi
1616 825 1775 860 nunc:
1833 813 1928 860 sed
1967 812 2117 860 etiam
2161 814 2267 859 cle-

197 878 531 927 mentissimum
562 879 616 927 in
646 878 860 927 victoria
903 878 1073 926 ducem
1117 877 1348 932 vidimus,
1403 890 1496 940 pro
1551 891 1639 936 eo,
1693 877 1828 940 quod
1872 892 1905 926 a
1950 892 2030 926 me
2072 876 2264 925 editum

198 955 319 993 erat:
375 947 471 995 sed
511 945 930 994 clementissimum
972 945 1025 992 in
1067 944 1281 992 victoria
1324 943 1562 992 ducimus.
1630 944 1805 994 Paullo
1844 953 1963 1008 post
1995 946 2133 994 locus
2168 943 2262 992 ad-

197 1010 299 1060 didi
333 1025 466 1060 nunc
498 1021 620 1076 post
650 1013 828 1060 nullus.
900 1008 1019 1073 Cap.
1048 1011 1128 1060 13.
1165 1011 1211 1070 §-
1237 1011 1321 1059 36.
1356 1009 1410 1057 in
1443 1024 1547 1072 qno
1582 1010 1694 1060 loco
1721 1010 1980 1061 Garatonii
2014 1011 2261 1061 rationem

198 1087 438 1140 sequutus
475 1091 627 1136 eram,
662 1077 762 1125 iam
800 1089 913 1124 eam
946 1077 1266 1140 scripturam,
1303 1089 1432 1138 quae
1466 1079 1630 1141 magis
1665 1079 1732 1127 ad
1768 1078 2008 1128 librorum
2045 1077 2267 1126 auctori-

201 1153 351 1200 tatem
394 1144 668 1201 accederet,
711 1142 880 1206 recepi
915 1153 963 1190 et
996 1142 1205 1205 scripsi:
1266 1157 1433 1206 qimai,
1462 1151 1645 1207 postea
1687 1161 1831 1209 quam
1863 1161 1897 1194 a
1931 1146 1994 1197 L.
2031 1144 2270 1208 Scipione

213 1217 289 1260 est
322 1211 566 1267 devictus,
620 1208 785 1258 Tauro
820 1215 963 1258 tenus
1008 1223 1224 1272 reynare
1257 1210 1422 1257 iussus
1452 1217 1586 1259 esset
1617 1226 1896 1276 omnemque
1931 1212 2059 1260 hanc
2093 1213 2270 1261 Asiam

201 1302 263 1310 —
306 1277 574 1331 amisisset.
622 1277 791 1324 dicere
836 1282 912 1324 est
954 1276 1132 1324 solitus
1175 1283 1271 1323 etc.
1340 1271 1469 1322 Nam
1508 1281 1586 1327 est
1620 1275 1816 1326 facilius
1850 1277 1973 1326 mihi
2011 1291 2128 1340 post
2163 1278 2270 1327 Sci-

195 1343 347 1405 pione
382 1356 534 1404 quam
575 1348 696 1406 post
739 1343 959 1390 devictus
1004 1339 1166 1389 omitti
1215 1337 1447 1404 potuisse
1494 1341 1706 1390 videtur.
1777 1340 1901 1406 Cap.
1951 1344 2029 1392 14.
2088 1344 2135 1404 5.
2181 1345 2266 1396 40.

199 1408 379 1474 scripsi
415 1421 550 1458 nunc
581 1409 798 1458 maxima
831 1407 894 1455 de
928 1406 1283 1472 Wesenbergii
1320 1404 1608 1461 conlectura
1641 1422 1734 1473 pro
1765 1410 1995 1459 maxime.

324 1476 382 1524 In
415 1476 698 1526 orationum
741 1475 794 1524 in
827 1472 904 1524 M.
942 1473 1212 1524 Antonium
1254 1473 1654 1540 Philippicarum
1694 1476 1835 1526 libris
1873 1475 2009 1526 XIV.
2046 1476 2273 1536 relegen-

192 1542 271 1593 dis
305 1553 355 1593 et
389 1542 714 1592 emendandis
751 1554 855 1589 non
887 1540 1085 1591 minore
1118 1541 1291 1591 studio
1342 1555 1497 1606 quam
1542 1542 1806 1608 superiore
1840 1553 2067 1608 tempore
2100 1555 2272 1594 versa·

194 1623 271 1658 tus
306 1624 439 1659 snm.
477 1609 682 1676 egregia
719 1622 851 1659 nunc
883 1609 983 1658 iam
1021 1608 1186 1658 Caroli
1221 1607 1405 1658 Halmii
1448 1623 1602 1674 opera
1634 1611 1868 1671 adiutus,
1903 1622 2035 1672 quae
2067 1623 2271 1660 accura-

194 1677 370 1727 tiorem
402 1677 592 1727 codicis
627 1676 858 1727 Vaticani
904 1686 954 1725 et
983 1687 1265 1725 ceterorum
1301 1675 1545 1725 librorum
1578 1677 1895 1728 collationem
1931 1690 2092 1740 quum·
2122 1688 2269 1742 prae-

190 1743 329 1794 beret
363 1745 672 1807 omninoque
703 1743 916 1792 multum
947 1743 1013 1791 ad
1049 1741 1307 1794 Ciceronis
1334 1743 1608 1792 orationem
1631 1744 1995 1794 emendandam
2032 1743 2267 1801 adferret,

191 1810 313 1860 mihi
355 1810 408 1860 in
453 1821 559 1861 arte
610 1811 783 1860 critica
835 1808 1108 1859 factitanda
1169 1808 1353 1874 optima
1414 1809 1519 1859 dux
1581 1813 1791 1863 exstitit.
1861 1811 2051 1860 Verum
2100 1822 2264 1860 tamen

190 1877 422 1941 permulti
459 1878 558 1928 loci
589 1876 643 1926 in
677 1877 757 1926 his
796 1877 1108 1926 orationibus
1144 1889 1395 1941 summanr
1430 1875 1793 1927 dubitationem
1829 1880 1979 1927 etiam
2016 1893 2149 1927 nunc
2173 1878 2259 1926 ha-

190 1944 338 2002 bent,
383 1945 623 2005 quoniam
676 1943 902 1992 nondum
943 1951 1169 2007 constat,
1215 1953 1384 1993 utrum
1426 1942 1588 1993 codici
1632 1945 1878 1996 Vaticano
1932 1943 2030 1995 soli
2072 1953 2266 1995 tantum

189 2010 515 2060 tribuendum
547 2012 639 2069 sit,
685 2017 927 2072 quantum
970 2010 1112 2059 multi
1155 2009 1315 2074 critici
1358 2008 1404 2060 ei
1446 2010 1765 2062 tribuendum
1800 2025 1913 2062 esse
1947 2023 2265 2077 putaverunt,

188 2090 257 2125 an
290 2078 470 2128 ceteris
506 2091 709 2141 quoque
752 2076 892 2125 libris
936 2075 1000 2126 ab
1045 2076 1154 2127 eius
1197 2075 1450 2141 scriptura
1491 2078 1901 2129 dissentientibus
1938 2093 2033 2128 sna
2066 2090 2268 2128 maneat

187 2144 480 2194 auctoritas.
548 2144 632 2195 Ad
665 2143 795 2193 hanc
835 2142 974 2193 litem
1015 2142 1349 2193 dirimendam
1392 2158 1546 2206 quum
1590 2145 1821 2211 longiore
1864 2146 1989 2195 mihi
2033 2146 2267 2211 disputa-

186 2212 329 2261 tione
373 2225 504 2277 opus
551 2226 665 2261 esse
709 2211 982 2271 videretur,
1027 2223 1180 2273 quam
1215 2224 1347 2273 quae
1378 2209 1478 2260 hoc
1507 2209 2070 2276 prooemio'commode
2102 2210 2267 2262 conti—

185 2276 298 2338 neri
331 2288 526 2344 posset,
561 2277 722 2328 satius
759 2293 873 2326 esse
910 2277 1086 2342 putavi
1121 2277 1220 2327 alia
1253 2276 1428 2343 potius
1455 2280 1722 2329 occasione
1746 2280 1809 2329 de
1831 2279 2049 2345 singulis
2083 2278 2265 2328 harum

180 2345 475 2408 orationum
517 2345 641 2397 locis
686 2359 816 2408 quae
860 2358 970 2394 mea
1017 2356 1151 2395 esset
1193 2345 1445 2394 sententia
1486 2345 1689 2408 uberius
1732 2346 1987 2411 explicare
2020 2359 2174 2409 quam
2209 2355 2266 2393 ut

183 2412 392 2462 brevius
425 2427 487 2462 ea
517 2427 572 2461 re
605 2411 932 2477 defungerer,
979 2425 1107 2473 quae
1151 2411 1252 2461 nisi
1287 2411 1674 2478 diligentissime
1708 2422 2017 2473 tractaretur,
2054 2427 2157 2463 non
2192 2412 2264 2460 ita

182 2478 252 2529 ad
295 2477 448 2528 finem
493 2479 701 2545 perduci
735 2488 936 2544 posset,
972 2489 1027 2528 ut
1061 2477 1183 2527 nihil
1217 2478 1543 2530 dubitationis
1579 2480 1961 2543 relinqueretur.
2028 2478 2156 2528 Illud
2190 2488 2263 2527 ta·

181 2559 301 2595 men
337 2544 420 2595 hic
451 2546 712 2611 profiteor,
745 2560 828 2595 mc
862 2543 1066 2606 sedulo,
1104 2544 1298 2605 omnia,
1334 2561 1467 2607 quae
1499 2546 1551 2596 in
1585 2546 1728 2598 libris
1764 2558 1809 2608 et
1845 2548 1969 2596 actis
2004 2545 2260 2596 litterariis

180 2612 248 2662 ab
284 2611 575 2662 hominibus
619 2613 782 2662 doctis
828 2613 891 2661 de
934 2610 1153 2678 singulis
1186 2610 1367 2661 harum
1404 2614 1690 2664 orationum
1725 2613 1852 2662 locis
1888 2612 2146 2676 disputata
2180 2627 2262 2661 es-

181 2688 321 2737 sent,
355 2679 728 2741 conquisivisse
761 2688 911 2741 atque
945 2679 1015 2729 ita
1048 2681 1124 2729 eis
1158 2679 1311 2729 rebus
1346 2693 1496 2729 usum
1520 2696 1650 2740 esse,
1690 2690 1744 2729 ut
1778 2680 1874 2729 has
1908 2693 2111 2741 quoque
2147 2692 2259 2729 ora·

179 2744 375 2807 tiones,
408 2746 579 2808 quoad
613 2746 720 2796 eius
755 2746 864 2794 fleri
898 2757 1095 2811 posset,
1134 2746 1426 2796 emendatas
1472 2746 1642 2797 lectori
1690 2746 1933 2797 offerrem.
2005 2744 2114 2804 Qua
2147 2747 2259 2809 qul-

177 2811 304 2862 dem
350 2812 402 2863 in
446 2827 502 2861 re
543 2811 840 2878 plerumque
881 2812 1120 2863 librorum
1162 2814 1513 2863 auctoritatem
1548 2823 1752 2864 secutus
1788 2828 1922 2878 sum,
1956 2813 2258 2876 aliquotiens

178 2891 305 2928 vero
338 2878 501 2928 ‘etiam
543 2880 869 2939 coniecturiS,
917 2880 965 2931 si
1004 2892 1138 2942 quae
1177 2878 1416 2930 certiores
1460 2895 1574 2930 esse
1615 2881 1922 2944 viderentur,
1965 2894 2066 2929 non
2100 2878 2259 2929 absti-

178 2946 287 2995 nui.
361 2944 464 2997 Sed
494 2946 560 2997 de
594 2946 674 2997 his
708 2948 859 2997 rebus
897 2960 1049 3011 mox,
1094 2955 1151 2995 ut
1192 2960 1371 3011 spero,
1416 2945 1515 2995 alia
1558 2948 1857 3012 disputandi
1902 2946 2256 3013 opportunitas

177 3013 404 3064 dabitur.

318 3110 518 3179 Scripsi
552 3112 759 3180 Lipsiae
793 3126 968 3162 mense
1003 3111 1186 3161 Martio
1220 3126 1268 3163 a.
1303 3108 1704 3163 MDCCCLXVI.

1504 3208 1883 3259 Rcinholdus
1917 3206 2125 3258 Klotz.

287 3360 410 3418 Gic.
441 3364 514 3418 11.
537 3367 589 3416 3-
1823 3355 1857 3399 ἆ
