2514 3928
224 156 304 220 18
828 151 976 214 PRO
1010 153 1072 213 P.
1109 151 1377 214 SESTIO
1415 151 1719 214 ORATIO.

220 309 341 368 mei
396 316 517 368 tam
573 304 834 382 cupidos
890 321 1013 365 non
1071 304 1256 365 modo
1309 305 1389 364 ad
1443 313 1669 365 certam
1724 313 2011 379 mortem,
2073 309 2184 367 sed
2237 307 2303 370 in

225 407 509 467 magnum
540 389 699 451 vitae
727 387 1054 448 discrimen
1085 389 1475 449 adducerem.
1532 386 1634 450 46.
1668 388 1863 462 Quum
1889 390 2117 450 veroin
2145 392 2305 453 banc

222 475 313 536 rei
358 474 637 549 publicae
679 489 897 532 navem
943 472 1174 548 ereptis
1218 471 1454 532 senatui
1496 473 1926 548 gubernaculis
1963 471 2304 537 fluitantem

216 559 283 619 in
329 559 450 618 alto
496 557 960 632 tempestatibus
1011 555 1381 617 seditionum
1421 571 1496 615 ac
1542 557 1986 617 discordiarum
2034 566 2304 619 armatae

212 650 312 703 ‘tot
351 642 620 714 classes,
669 638 784 700 nisi
829 656 943 713 ego
986 654 1191 700 essem
1226 655 1388 699 unus
1421 638 1694 711 deditus,
1739 639 2100 703 incursurae
2133 642 2300 702 vide·

223 732 462 800 rentur,
503 741 688 799 quum
727 723 1122 798 proscriptio,
1168 723 1428 796 caedes,
1498 719 1759 794 direptio
1817 720 2302 794 denuntiaretur,

168 820 171 823 ’
225 825 412 885 quum
452 807 557 868 alii
597 824 695 866 me
738 807 1081 882 suspitione
1138 805 1392 882 periculi
1436 805 1531 865 sui
1563 822 1686 866 non
1716 806 2150 880 defenderent,
2199 807 2300 867 alii

226 903 434 953 vetere
458 890 601 952 odio
624 892 925 950 bonorum
946 891 1365 961 incitarentur,
1403 889 1503 949 alii
1525 889 1896 964 inviderent,
1926 890 2027 951 alii
2054 892 2303 952 obstare

225 976 343 1037 sibi
375 991 471 1034 me
500 974 963 1048 arbitrarentur,
997 973 1094 1033 alii
1125 973 1342 1034 ulcisci
1371 973 1645 1033 dolorem
1669 973 1939 1049 aliquem
1967 991 2146 1035 suum
2178 977 2300 1034 vel—

222 1063 377 1132 lent,
429 1057 533 1118 alii
569 1074 698 1117 rcm
741 1057 939 1133 ipsam
982 1055 1290 1133 publicam
1331 1065 1516 1132 atque
1557 1057 1719 1117 hunc
1748 1059 2049 1119 bonorum
2079 1066 2300 1118 statum

226 1146 540 1218 otiumque
585 1141 952 1203 odissentet
992 1141 1072 1201 ob
1099 1140 1291 1200 hasce
1325 1155 1550 1201 causas
1580 1150 1667 1202 tot
1695 1151 1940 1217 tamque
1971 1141 2170 1201 varias
2201 1157 2302 1201 me

225 1244 411 1288 unum
443 1227 884 1301 deposcerent,
925 1225 1341 1300 depugnarem
1377 1224 1584 1300 potius
1619 1242 1755 1285 cum
1788 1241 2023 1285 summo
2056 1241 2177 1285 non
2209 1225 2301 1283 di·

226 1327 361 1372 cam
385 1309 592 1383 exitio,
625 1311 736 1370 sed
764 1308 1034 1384 periculo
1059 1317 1223 1369 certe
1247 1317 1457 1378 uestro
1483 1309 1936 1384 liberorumque
1960 1318 2300 1369 vestrorum

227 1412 409 1472 quam
443 1411 562 1455 non
593 1394 685 1466 id,
717 1394 887 1468 quod
916 1392 1197 1454 omnibus
1225 1391 1650 1467 impendebat,
1684 1410 1842 1454 unus
1870 1408 1987 1469 pro
2019 1392 2300 1452 omnibus

227 1477 610 1554 susciperem
639 1492 713 1536 ac
744 1476 1054 1536 subirem?

392 1562 546 1622 XXl.
578 1558 681 1622 47.
724 1559 888 1620 ’Victi
929 1567 1140 1620 essent
1181 1559 1463 1635 improbi.
1503 1591 1590 1605 ——-
1626 1562 1707 1621 At
1747 1559 1951 1634 cives,
2001 1567 2062 1621 at
2101 1559 2177 1619 ab
2224 1574 2301 1619 eo

226 1647 494 1723 privato,
552 1643 656 1719 qui
694 1642 833 1703 sine
872 1642 1056 1702 armis
1088 1643 1270 1704 etiam
1305 1645 1522 1704 consul
1558 1660 1688 1704 rem
1718 1644 2024 1719 publicam
2055 1658 2298 1704 conser-

227 1736 416 1789 varat.
480 1726 587 1787 Sin
620 1725 761 1786 victi
783 1734 995 1787 essent
1016 1726 1193 1800 boni,
1227 1727 1333 1803 qui
1355 1734 1796 1803 superessent?
1846 1744 2048 1788 nonne
2071 1728 2148 1787 ad
2175 1742 2300 1786 ser-

229 1830 343 1874 vos
375 1809 596 1871 videtis
623 1826 753 1870 rem
785 1810 1087 1885 publicam
1116 1820 1434 1872 venturam
1476 1810 1714 1872 fuisse?
1742 1845 1813 1856 —-
1860 1813 1958 1870 An
1990 1810 2132 1870 mihi
2162 1809 2299 1885 ipsi,

226 1906 291 1957 ut
313 1895 558 1972 quidam
584 1901 812 1971 putant,
837 1894 948 1954 suit
965 1911 1130 1954 mors
1148 1912 1350 1971 aequo
1374 1895 1576 1956 animo
1597 1896 1989 1971 oppetenda?
2005 1893 2259 1969 —Quid
2271 1900 2318 1970 ¹3,

228 1992 352 2042 tum
382 1988 719 2040 mortemne
751 1980 1096 2054 fugiebam?
1145 1997 1220 2038 an
1251 1990 1384 2040 erat
1421 1996 1521 2040 res
1553 1982 1672 2041 ulla
1716 1997 1896 2056 quam
1933 1980 2076 2040 mihi
2109 1977 2301 2052 magis

228 2064 559 2141 optandam
600 2071 920 2138 putarem?
967 2073 1071 2124 aut
1107 2080 1224 2138 ego
1261 2064 1395 2123 illas
1430 2080 1530 2124 res
1567 2072 1762 2125 tantas
1795 2064 1855 2124 in
1884 2073 2050 2125 tanta
2079 2064 2300 2138 impro-

227 2150 444 2210 borum
473 2146 852 2207 multitudine
887 2164 1073 2222 quum
1102 2148 1419 2223 gerebam,
1467 2165 1589 2209 non
1631 2148 1774 2207 mihi
1804 2164 1997 2220 morS,
2043 2165 2163 2208 non
2196 2162 2302 2205 ex·

228 2232 427 2292 silium
471 2231 549 2290 ob
593 2233 810 2292 oculos
855 2232 1253 2292 versabatur?
1305 2248 1427 2293 non
1474 2232 1625 2293 haec
1662 2232 1930 2308 denique
1974 2248 2011 2290 a
2051 2240 2301 2291 metum

230 2326 540 2390 tamquam
581 2314 792 2375 fatain
826 2314 962 2390 ipsa
994 2333 1060 2375 re
1093 2317 1366 2391 gerenda
1405 2317 1824 2382 canebantur?
1872 2332 1950 2375 an
1991 2324 2122 2376 erat
2158 2313 2302 2373 mihi

227 2399 289 2460 in
319 2407 484 2461 tanto
525 2400 692 2459 luctu
733 2414 1036 2471 meorum,
1082 2408 1248 2460 tanta
1277 2399 1716 2471 disiunctione,
1761 2408 1924 2461 tanta
1953 2398 2301 2469 acerbitate,

227 2490 394 2544 tanta
437 2482 804 2558 spoliatione
847 2483 1114 2543 omnium
1156 2500 1387 2558 rerum,
1446 2501 1601 2560 quas
1645 2483 1786 2543 mihi
1826 2493 1931 2544 aut
1960 2492 2172 2543 natura
2200 2490 2305 2541 aut

230 2569 471 2630 fortuna
494 2567 774 2639 dederat,
809 2566 930 2628 vita
952 2566 1312 2628 retinenda?
1343 2577 1464 2629 tam
1491 2583 1655 2628 eram
1677 2568 1849 2628 rudis
1866 2615 1881 2639 ,
1913 2577 2030 2628 tam
2055 2567 2304 2641 ignarus

227 2670 461 2726 rerum,
495 2662 611 2713 tam
636 2667 864 2726 expers
886 2650 1127 2712 consilii
1155 2660 1261 2714 aut
1286 2650 1557 2727 ingenii?
1589 2652 1734 2711 nihil
1765 2653 2115 2712 audieram?
2156 2648 2303 2708 nihil

230 2736 548 2798 videram?
603 2735 751 2795 nihil
804 2735 942 2811 ipse
996 2735 1260 2811 legendo
1319 2737 1799 2811 quaerendoque
1851 2748 2261 2810 cognoveram
2275 2743 2307 2789 ‘e

231 2819 580 2880 nesciebam
608 2818 770 2879 vitae
798 2820 1046 2880 brevem
1076 2834 1220 2879 esse
1253 2833 1530 2891 cursum,
1562 2820 1794 2895 gloriae
1825 2818 2306 2894 sempiternum?

231 2920 418 2979 quum
456 2909 625 2963 esset
665 2897 1240 2963 omnibus-definita
1283 2920 1481 2975 mors,
1529 2903 1863 2978 optandum
1892 2919 2036 2963 esse
2066 2910 2133 2962 ut
2163 2900 2324 2973 vita,

233 3003 392 3063 quae
432 2977 788 3067 necessitati
828 2986 1180 3059 deberetur,
1234 2987 1467 3062 patriae
1503 2986 1708 3062 potius
1738 2987 1962 3047 donata
1999 2999 2181 3060 quam
2209 2999 2305 3043 re-

230 3078 474 3134 servata
514 3076 766 3130 naturae
816 3069 1161 3131 videretur?
1213 3070 1562 3131 nesciebam
1607 3070 1763 3130 inter
1812 3068 2307 3144 sapientissimos

232 3153 512 3214 homines
553 3152 714 3213 hanc
755 3152 1203 3215 contentionem
1245 3153 1473 3225 fuisse,
1527 3161 1593 3214 ut
1632 3153 1732 3213 alii
1762 3153 2041 3214 dicerent
2067 3153 2310 3211 animos

230 3236 541 3298 hominum
570 3252 920 3312 sensusque
948 3246 1145 3298 morte
1172 3238 1497 3313 restingui,
1533 3236 1635 3297 alii
1664 3247 1866 3298 autem
1893 3243 2021 3297 tum
2043 3233 2310 3296 maxime

232 3329 466 3381 mentes
496 3319 861 3396 sapientium
890 3336 963 3380 ac
994 3319 1236 3381 fortium
1270 3320 1567 3394 virorum,
1599 3337 1785 3396 quum
1809 3337 1889 3380 ex
1912 3334 2175 3395 corpore
2198 3333 2304 3378 ex·

222 3402 603 3476 cessissent,
658 3403 885 3465 sentire
925 3420 998 3464 ac
1051 3404 1302 3476 vigere?
1354 3421 1614 3481 quorum
1652 3405 1905 3466 alterum
1951 3401 2309 3479 fugiendum

2454 1814 2465 1961 l
