2514 3928
725 321 889 381 CAP.
922 331 1149 385 8—10.
1193 327 1245 388 S.
1281 330 1542 384 18—24.
2078 321 2170 384 79

88 472 354 534 minibus
379 471 748 549 potentibus,
769 471 1095 548 *gratiosis
1112 471 1376 545 disertiS,
1403 490 1589 548 quum
1610 472 1842 549 aliquid
1865 489 1975 534 eos
1999 475 2167 535 velle

89 557 485 629 arbitrentur,
531 558 688 616 ultro
725 573 794 617 se
830 556 1053 616 offerre
1089 558 1356 627 soleant,
1401 572 1653 631 operam
1685 572 1941 628 navare,
1990 558 2155 621 testie

89 639 358 701 monium
400 639 717 715 polliceri?
768 638 871 700 22.
904 641 1035 700 Hoc
1065 656 1144 699 ex
1175 655 1403 714 genere
1436 637 1490 700 si
1521 639 1627 715 qui
1655 657 1725 701 se
1756 640 1814 700 in
1848 640 1966 701 hoc
2001 640 2155 701 iudi·

90 727 249 786 cium
278 726 432 785 forte
462 723 860 802 proiecerint,
906 722 1280 784 excluditote
1311 739 1522 784 eorum
1552 723 1972 798 cupiditatem,
2002 723 2156 785 iudi-

90 826 228 879 σεε,
272 807 574 882 sapientia
615 814 848 880 vestra,
891 817 959 868 ut
1002 808 1222 867 eodem
1265 816 1543 882 tempore
1584 815 1645 866 et
1673 807 1852 867 huius
1886 808 2067 868 saluti
2098 816 2163 868 et·

90 890 368 967 religioni
410 893 651 952 vestrae
694 899 755 951 et
791 899 1003 952 contra
1052 890 1434 965 periculosas
1488 889 1797 951 hominum
1853 891 2166 965 potentias

89 975 437 1038 condicioni
479 973 747 1035 omnium
790 974 1015 1035 civium
1062 973 1413 1048 providisse
1445 973 1793 1034 videamini.
1856 972 2166 1050 Equidem

91 1076 204 1120 vos
237 1059 536 1120 abducam
571 1075 606 1116 a
636 1059 912 1130 testibuS,
946 1074 1149 1133 neque
1170 1057 1354 1119 huius
1384 1055 1593 1119 iudicii
1624 1056 1960 1129 veritatem,
1997 1075 2164 1132 quae¹

89 1141 305 1204 mutari
355 1145 522 1204 nullo
571 1143 756 1203 modo
803 1150 1034 1218 potest,
1097 1140 1173 1201 in.
1214 1143 1524 1202 voluntate
1574 1140 1811 1202 testium
1869 1142 2163 1213 collocari-

90 1227 303 1298 sinam,
343 1241 501 1302 quae
539 1224 819 1286 facillime
849 1225 1015 1300 fingi,
1043 1227 1206 1286 nullo
1237 1222 1484 1300 negotio
1520 1222 1685 1286 flecti
1706 1241 1779 1286 ac
1802 1223 2162 1300 detorqueri·

92 1318 314 1386 potest.
389 1308 783 1383 Argumentis
825 1324 1108 1382 agemus=
1160 1307 1353 1384 signis
1394 1309 1534 1370 luce
1579 1307 1743 1368 omni
1790 1307 2162 1371 clarioribus-

92 1392 342 1451 crimina
372 1392 741 1451 refellemus.
797 1391 923 1450 Res
953 1406 1089 1451 cum
1118 1407 1204 1465 re,
1227 1407 1416 1452 causa
1438 1407 1575 1451 cum
1601 1407 1808 1467 causa,
1838 1391 1990 1452 ratio
2017 1409 2161 1453 cum-

93 1474 328 1534 ratione
361 1472 671 1548 pugnabit.
2009 1496 2020 1506 ·

219 1557 292 1618 X.
319 1554 420 1618 23.
465 1557 680 1631 Itaque
722 1557 884 1616 illam
926 1567 1156 1631 partem
1196 1573 1421 1618 causae
1453 1558 1629 1619 facile
1659 1556 1859 1634 patior
1891 1557 2159 1634 graviter

96 1645 159 1696 et
197 1646 411 1698 ornate
445 1655 482 1698 a
514 1639 593 1698 M.
632 1639 856 1698 Crasso
898 1647 1279 1713 peroratam,
1327 1642 1406 1702 de
1437 1641 1843 1703 seditionibus
1871 1640 2154 1714 Neapoli·

90 1721 280 1792 taniS,
326 1722 406 1781 de
446 1721 1007 1783 Alexandrinorum
1048 1724 1398 1798 pulsatione
1436 1726 1800 1795 Puteolana,
1847 1723 1927 1783 de
1967 1722 2158 1783 bonis

82 1806 313 1865 Pallae.
369 1807 607 1866 Vellem
639 1805 866 1865 dictum
899 1815 1070 1866 esset
1097 1807 1174 1867 ab
1206 1809 1429 1869 eodem
1465 1809 1648 1870 etiam
1682 1809 1761 1868 de
1789 1805 2008 1867 Dione.
2068 1805 2157 1866 De

89 1904 213 1964 quo
245 1887 383 1964 ipso
417 1897 621 1949 tamen
656 1889 804 1962 quid
841 1897 939 1957 est
969 1891 1141 1964 quod
1169 1893 1586 1968 exspectetis?
1618 1891 1787 1968 quod
1822 1890 1896 1962 is,
1930 1889 2035 1966 qui
2066 1890 2160 1949 se·
2209 1932 2223 1942 .

87 1972 187 2045 cit,
221 1982 328 2035 aut
351 1990 472 2034 non
502 1973 670 2034 timet
690 1982 799 2035 aut
821 1974 1002 2035 etiam
1025 1977 1268 2036 fatetur.
1321 1978 1433 2037 Est
1456 1977 1616 2037 enim
1639 1992 1766 2037 rex.
1812 1974 1925 2049 Qui
1949 1983 2162 2037 autem

89 2056 288 2117 dictus
335 2066 432 2118 est
474 2057 722 2117 adiutor
765 2057 961 2118 fuisse
1006 2066 1066 2118 et
1111 2059 1433 2128 conscius,
1493 2061 1550 2120 P.
1592 2058 1870 2130 AsiciuS,
1926 2056 2161 2120 iudicio

89 2148 187 2201 est
214 2140 526 2204 liberatus.
582 2142 760 2216 Quod
788 2141 971 2217 igitur
993 2149 1090 2203 est
1113 2142 1246 2203 eius
1273 2144 1439 2203 modi
1463 2143 1710 2213 crimen,
1742 2149 1827 2212 ut,
1859 2142 1964 2217 qui
1990 2157 2154 2202 com-

89 2223 270 2294 misit,
296 2241 419 2285 non
443 2232 645 2300 neget,
675 2224 780 2299 qui
801 2225 1066 2301 negavit,
1091 2226 1415 2287 absolutus
1434 2228 1530 2299 sit,
1546 2227 1607 2288 id
1623 2226 1719 2287 hic
1742 2225 2162 2301 pertimescat,

92 2308 196 2382 qui
221 2324 347 2367 non
384 2309 571 2369 modo
595 2324 633 2368 a
661 2308 822 2380 raeti,
864 2325 1077 2369 verum
1102 2310 1284 2371 etiam
1306 2327 1344 2370 a
1365 2309 1786 2372 conscientiae
1810 2308 2167 2384 suspitione

93 2392 284 2451 afuit?
330 2400 422 2463 et,
467 2392 522 2453 si
548 2391 761 2452 Asicio
799 2408 990 2453 causa
1019 2395 1158 2468 plus
1190 2395 1422 2470 profuit
1453 2411 1636 2471 quam
1668 2390 1881 2454 nocuit
1908 2390 2162 2461 invidia,

88 2474 228 2534 huic
263 2476 462 2537 oberit
489 2483 661 2537 tuum
692 2476 1110 2547 maledictum,
1151 2478 1257 2553 qui
1289 2478 1462 2539 istius
1490 2478 1632 2539 sacti
1670 2493 1792 2537 non
1826 2477 2012 2537 modo
2049 2490 2153 2535 su·

88 2558 388 2634 spitione,
432 2561 543 2619 sed
582 2576 661 2620 ne
701 2560 946 2629 infamia
987 2561 1238 2635 quidem
1272 2569 1368 2623 est
1398 2562 1736 2638 aspersus?
1794 2561 1898 2619 24.
1944 2592 2022 2603 -
2071 2559 2158 2618 At

91 2643 621 2718 praevaricatione
661 2650 758 2703 est
795 2642 1045 2704 Asicius
1083 2644 1396 2706 liberatus.
1441 2680 1526 2689 —-
1578 2642 1873 2704 Perfacile
1916 2648 2015 2701 est
2057 2639 2163 2701 isti

88 2730 230 2787 loco
264 2728 667 2802 respondere,
704 2726 848 2786 mihi
881 2727 1275 2803 praesertim,
1312 2743 1350 2786 a
1386 2744 1510 2803 quo
1546 2728 1650 2787 illa
1680 2741 1871 2786 causa
1895 2724 2158 2786 defensa

89 2818 205 2871 est.
275 2810 398 2871 Sed
449 2811 688 2871 Caelius
735 2809 1025 2885 optimam
1070 2824 1322 2869 causam
1362 2809 1556 2871 Asicii
1604 2823 1750 2869 esse
1793 2792 2161 2868 arbitratur:

88 2893 455 2955 cuicuimodi
487 2902 687 2953 autem
723 2900 844 2963 est,
879 2907 915 2950 a
949 2907 1062 2952 sua
1089 2897 1264 2966 putat
1294 2888 1428 2948 eius
1458 2902 1603 2947 esse
1636 2883 2002 2948 seiunctam·
2051 2901 2155 2945 ne·

90 2995 213 3054 que
258 2978 455 3038 solum
492 2975 762 3048 CacliuS,
810 2974 923 3035 sed
960 2973 1139 3035 etiam
1171 2972 1628 3033 adolescentes·
1644 2968 2064 3030 humanissimi
2098 2977 2159 3031 et

87 3059 451 3132 doctissimi,
481 3056 840 3120 rectissimis
869 3057 1089 3119 studiis
1127 3065 1313 3131 atque
1346 3052 1591 3130 optimis
1621 3052 1850 3115 artibus
1880 3051 2158 3130 praediti,

85 3145 258 3205 Titus
282 3143 594 3219 Gaiusque
618 3139 896 3238 Coponii,
927 3140 1033 3217 qui
1062 3156 1140 3201 ex
1173 3138 1455 3201 omnibus
1481 3138 1741 3198 maxime
1765 3136 1976 3199 Dionis
1998 3152 2156 3197 mor·
2229 3139 2235 3144 '

87 3240 209 3291 tem
246 3228 588 3298 doluerunt,
624 3224 729 3301 qui
760 3241 946 3299 quum
978 3223 1292 3285 doctrinae
1322 3222 1523 3284 studio
1558 3231 1741 3297 atque
1769 3207 2164 3282 humanitatis

88 3323 216 3374 tum
260 3310 439 3372 etiam
483 3307 753 3384 hospitio
793 3306 1007 3369 Dionis
1062 3308 1437 3368 tenebantur.
1515 3305 1840 3367 Habitabat
1890 3304 1945 3363 is
1991 3300 2162 3376 apud

87 3398 156 3455 L.
196 3393 552 3466 Lucceium,
606 3402 674 3454 ut
715 3390 995 3453 audistis.
1063 3389 1287 3452 Fuerat
1317 3391 1375 3451 ei
1409 3390 1689 3465 cognitus
1725 3382 2156 3447 Alexandriae.

92 3479 248 3552 Quid
277 3487 382 3539 aut
409 3477 511 3538 hic
538 3486 642 3538 aut
678 3493 914 3538 summo
956 3475 1288 3551 splendore
1323 3473 1638 3549 praeditus
1679 3472 1874 3529 frater
1904 3466 2037 3526 eIus
2079 3464 2163 3522 de

91 3562 174 3623 M.
218 3562 420 3623 Caelio
469 3559 774 3623 existimet
823 3576 899 3619 ex
952 3557 1138 3636 ipsis,
1187 3557 1241 3618 si
1293 3554 1578 3631 producti
1620 3557 1795 3612 erunt
1874 3541 2160 3605 audietis
