2514 3928
159 183 292 220 xnu
635 163 1024 217 PROOEMIUM
1060 162 1389 213 EDITIONIS
1428 162 1553 216 SEC
1562 163 1806 214 UNDAE.

160 320 200 356 a
232 305 429 354 minima
461 305 740 369 suspitione
776 302 1071 365 offensionis
1105 306 1222 350 tuae
1259 308 1350 350 etc.
1396 314 1555 362 eaque
1599 301 1749 351 verba
1793 303 1966 368 aptius
2012 318 2126 352 cum
2173 305 2256 364 iis,

164 387 297 433 quae
331 373 657 429 antecedunt,
706 368 1063 432 coniungenda
1108 382 1223 417 esse
1260 368 1568 418 existimavi.
1639 368 1709 418 Ca
1743 380 1762 419 ’.
1789 373 1837 420 5.
1873 371 1922 432 5.
1950 372 2030 420 12.
2068 372 2260 436 scripsi

162 453 300 487 nune
345 454 372 488 e
415 439 564 490 codd.
607 438 730 502 Teg.
777 434 883 484 Erf.
935 436 1023 487 Gn.
1071 434 1315 485 Manlium
1372 448 1467 499 pro
1519 435 1605 487 Gn.
1653 385 1910 497 Mpatlium,
1970 448 2020 488 et
2076 438 2124 498 5.
2175 441 2256 489 13.

160 521 196 554 e
228 505 377 557 codd.
412 506 604 555 eisdem
640 516 690 554 et
722 517 910 567 magna
946 513 1091 567 parte
1125 502 1353 551 codicum
1389 510 1667 552 ceterorum
1702 519 1763 553 eo
1795 508 1913 568 ptus
1946 504 2126 555 aberat
2159 519 2257 571 pro

166 588 227 622 eo
254 575 374 636 plus
408 573 610 623 aberas.
683 570 807 636 Cap.
833 574 882 622 6.
922 569 971 631 5.
1000 571 1079 619 15.
1126 584 1154 618 e
1197 569 1312 621 cod.
1354 567 1480 634 Teg.
1523 569 1691 635 recepi
1734 578 1851 621 sunt
1892 587 2060 622 omnes
2094 586 2259 637 aeque

163 640 288 688 boni
319 642 418 690 viri
448 654 544 705 pro
581 638 664 689 vul
705 649 788 687 ato
823 644 939 687 sunt
973 651 1133 703 aeque
1168 635 1289 686 boni
1327 636 1441 687 viri.
1510 636 1698 686 Tamen
1742 638 1913 702 paullo
1961 648 2080 703 post
2120 637 2259 687 veri—

166 717 248 755 tus
285 722 399 756 sum
436 708 582 757 edere
617 722 645 755 e
699 707 821 755 ibris
856 703 979 769 Teg.
1004 702 1109 752 Etr.
1147 719 1209 753 ne
1243 706 1519 754 contendat
1553 718 1647 769 pro
1682 705 1890 770 vulgato
1927 722 2019 756 nec
2050 712 2260 756 conten·

154 775 278 822 dat.
352 776 537 839 Aptius
581 774 713 823 enim
759 788 819 822 ea
862 771 1089 820 membra
1134 771 1376 820 orationis
1423 772 1553 820 inter
1595 787 1653 820 se
1695 771 1966 822 cohaerent
2008 787 2160 834 quam
2202 780 2261 822 ut

165 842 452 905 separanda
487 856 604 891 esse
638 840 917 890 videantur.
985 837 1112 888 Illud
1147 847 1318 887 autem
1342 840 1724 898 neccontendat,
1762 840 1807 887 si
1843 840 1894 888 in
1930 840 2043 889 cod.
2080 838 2258 888 arche·

160 917 290 972 typo
342 909 587 972 scriptum
638 906 758 956 fuit:
818 902 1235 967 mentemst,
1288 903 1436 955 facile
1479 906 1530 954 in
1576 921 1637 955 ne
1680 909 1953 957 contendat
1998 905 2258 970 corrumpi

160 975 359 1038 potuit,
406 983 463 1024 ut
506 974 606 1024 hoc
646 974 782 1023 idem
825 971 1013 1022 factum
1059 982 1137 1021 est
1169 972 1222 1019 in
1260 969 1517 1022 Ciceronis
1552 973 1703 1037 Disp.
1746 972 1897 1024 Tusc.
1933 973 1995 1022 11.
2032 975 2115 1032 25,
2154 973 2258 1032 61.,

165 1041 255 1089 ubi
290 1055 355 1089 ex
389 1039 770 1092 neCoMittam
817 1050 981 1089 ortum
1027 1049 1105 1087 est
1147 1053 1241 1087 nec
1284 1040 1502 1088 omittam
1536 1054 1628 1104 pro
1666 1055 1760 1090 nec
1790 1043 2086 1091 committam
2121 1050 2170 1088 et
2203 1040 2258 1088 iu

165 1110 315 1171 epist.
351 1108 419 1159 X.
453 1110 504 1167 4,
543 1111 613 1168 3.,
650 1107 737 1158 ubi
774 1121 839 1157 ex
872 1121 974 1155 nec
1008 1103 1434 1155 nunCoMittam
1470 1105 1658 1155 factum
1704 1117 1782 1157 est
1822 1123 1914 1157 nec
1946 1122 2075 1157 nunc
2110 1108 2259 1156 omit-

158 1181 265 1223 tam
299 1189 394 1239 pro
431 1191 525 1225 nec
559 1191 689 1225 nunc
722 1175 1032 1226 committam.
1093 1171 1284 1221 Eadem
1307 1173 1354 1233 5.
1391 1181 1633 1232 extrema‚
1671 1187 1831 1236 quum
1864 1176 1916 1223 iu
1951 1172 2102 1224 codd.
2126 1173 2256 1238 Teg.

164 1240 272 1290 Erf.
310 1242 508 1306 legatur
543 1250 706 1292 tamen
741 1257 833 1291 nos
867 1244 1075 1305 impetu,
1121 1240 1173 1290 in
1218 1240 1399 1289 ceteris
1444 1239 1549 1289 fere
1591 1240 1733 1290 libris
1779 1252 1868 1290 aut
1901 1243 1952 1290 in
1984 1245 2127 1290 tanto
2162 1254 2260 1290 nos

161 1318 254 1357 aut
287 1315 430 1360 tanto
464 1324 584 1369 nos,
634 1308 808 1359 oculos
843 1308 1166 1357 librariorum
1201 1315 1412 1372 propter
1445 1306 1828 1358 similitudinem
1865 1307 2130 1357 verborum
2165 1321 2261 1371 per

160 1378 471 1441 compendia
500 1378 808 1442 scriptorum
828 1375 1018 1436 aliquid
1044 1374 1414 1424 oblitteravisse
1439 1384 1565 1440 puto
1593 1383 1643 1424 et
1659 1374 1819 1425 edidi:
1856 1381 2022 1425 tamen
2043 1375 2096 1423 in
2115 1380 2257 1425 tanto

164 1458 259 1494 nos
292 1447 477 1509 impetu
512 1455 605 1497 etc.
674 1445 721 1504 5.
745 1446 826 1493 16.
850 1444 1191 1506 adsequerere
1227 1440 1291 1490 de
1326 1440 1573 1491 Gruteri
1609 1443 1898 1492 coniectura
1932 1456 2067 1490 nunc
2101 1453 2258 1504 repo-

163 1511 244 1558 sui
299 1526 393 1576 pro
446 1513 784 1577 adsequerer,
839 1508 978 1570 quod
1029 1509 1081 1557 in
1134 1506 1277 1556 libris
1328 1507 1558 1560 habetur.
1628 1507 1751 1574 Cap.
1783 1509 1834 1560 8.
1875 1509 1921 1570 5.
1946 1510 2028 1558 21.
2065 1509 2257 1572 scripsi

161 1577 347 1627 tribum
388 1578 674 1628 Teretinam
709 1590 802 1641 pro
850 1574 1028 1624 tribum
1070 1574 1391 1625 Terentinam
1432 1576 1667 1638 idemque
1701 1576 1797 1625 feci
1842 1591 1952 1641 cap.
1982 1576 2064 1625 16.
2098 1577 2147 1637 5.
2172 1574 2258 1637 38,

160 1659 280 1707 cap.
304 1646 385 1694 17.
423 1645 472 1705 5.
496 1645 580 1693 45.
652 1641 777 1706 Cap.
814 1644 896 1695 22.
944 1639 991 1702 5.
1024 1643 1105 1692 54.
1152 1641 1270 1691 vide
1303 1641 1398 1695 Th.
1436 1643 1825 1693 Mommsenium
1877 1644 1929 1692 in
1977 1643 2112 1692 Mus.
2160 1641 2257 1706 Bk,

161 1711 294 1759 Non.
332 1724 379 1759 a.
419 1711 567 1761 1861.
604 1723 658 1773 p.
684 1711 783 1759 303
802 1722 916 1770 sqq.
988 1705 1112 1773 Cap.
1139 1711 1186 1759 9.
1225 1708 1279 1770 §-
1304 1710 1387 1761 22.
1435 1725 1593 1772 quum
1637 1725 1772 1759 nunc
1806 1719 2044 1760 accurata
2087 1709 2160 1758 Io.
2196 1707 2258 1771 G,

163 1775 354 1825 Baiteri
387 1775 656 1825 collatione
690 1776 951 1841 cognitum
986 1775 1054 1824 sit
1086 1777 1137 1824 in
1174 1775 1287 1825 cod.
1325 1775 1690 1841 Tegernseensi
1736 1778 1838 1842 legi
1878 1776 2040 1827 tllum
2076 1773 2244 1827 off1c1

154 1856 277 1911 ἷιιεό
333 1860 413 1910 vel
458 1841 590 1922 ιῗιὶὅ,
629 1859 779 1909 credo
825 1874 922 1925 ego
968 1859 1023 1909 id
1059 1859 1177 1908 olim
1223 1858 1351 1908 nihil
1384 1859 1524 1909 aliud
1566 1859 1728 1910 fuisse
1763 1862 1868 1911 nisi
1916 1863 2051 1911 illum
2096 1859 2261 1923 officii

164 1942 369 1988 morem,
398 1928 536 1990 quod
561 1936 639 1978 est
673 1928 726 1977 in
763 1928 941 1978 ceteris
977 1926 1120 1977 libris
1148 1928 1382 1977 omnibus
1408 1928 1670 1993 scriptum,
1707 1943 1919 1991 eamque
1952 1928 2259 1993 scripturam

161 2008 259 2057 pro
296 1995 357 2048 E.
394 1995 647 2046 Wunderi
691 1995 980 2045 coniectura
1024 1997 1159 2046 illam
1199 1996 1363 2058 officii
1403 1998 1650 2045 rationem
1693 1998 1796 2046 iam
1831 1997 2058 2062 reposui.
2129 1993 2258 2044 Nam

162 2076 327 2122 quum
362 2071 412 2112 et
444 2065 668 2113 retinere
701 2078 885 2112 morem
919 2073 1053 2111 recte
1087 2063 1307 2121 dicatur,
1361 2063 1479 2112 vide
1530 2062 1614 2112 lib.
1665 2066 1729 2113 de
1772 2064 1954 2126 finibus
1997 2063 2061 2114 11.
2110 2064 2157 2120 1,
2207 2063 2257 2114 2.

162 2129 388 2191 itemque
420 2131 645 2180 retinere
681 2130 914 2192 officium,
951 2129 1067 2178 vide
1103 2129 1187 2179 lib.
1225 2131 1292 2178 de
1317 2130 1501 2192 officiis
1524 2130 1605 2179 III.
1632 2132 1714 2190 29,
1743 2133 1877 2191 105„
1915 2129 2093 2191 quidni
2116 2128 2257 2177 dicas

162 2211 349 2246 morem
373 2196 533 2260 officii
560 2197 818 2247 retinere?
878 2194 977 2245 Cur
1020 2207 1187 2247 autem
1222 2210 1352 2245 mos
1391 2196 1603 2246 officii
1644 2197 1744 2247 dici
1782 2212 1884 2247 non
1921 2197 2090 2262 possit
2121 2195 2259 2244 nulla

165 2263 299 2313 ratio
336 2273 431 2313 est.
504 2262 628 2329 Cap.
655 2266 734 2313 11.
769 2265 816 2325 5.
844 2265 925 2315 27.
966 2279 1098 2312 nunc
1145 2264 1451 2329 optimorum
1497 2264 1740 2314 librorum
1783 2266 2083 2326 auctoritate
2113 2275 2261 2328 repo-

164 2331 248 2378 sui
284 2331 361 2379 illi
394 2336 445 2380 et
477 2332 660 2381 virtute
696 2345 790 2396 pro
825 2332 903 2380 illi
934 2332 1131 2381 virtute.
1204 2328 1329 2395 Cap.
1357 2333 1435 2382 12.
1470 2331 1519 2392 5.
1546 2334 1627 2381 30.
1666 2333 1852 2397 scripsi
1887 2346 2045 2394 nunc,
2094 2341 2151 2379 ut
2184 2337 2262 2379 est

165 2397 218 2444 in
257 2397 432 2446 codice
455 2396 560 2446 Erf.
588 2397 689 2446 scri
731 2408 839 2448 tum
873 2403 972 2447 tam
1007 2400 1238 2448 externis
1264 2414 1408 2463 quam
1433 2399 1716 2448 domesticis
1740 2413 1832 2464 pro
1869 2415 1968 2464 qua
2009 2397 2258 2456 externis,

163 2479 267 2528 qua
303 2465 608 2520 domesticis.
680 2412 819 2523 &uae
864 2465 916 2512 in
963 2466 1142 2514 ceteris
1187 2465 1329 2514 libris
1375 2465 1589 2513 habetur
1631 2465 1865 2515 confusio
1901 2464 2261 2530 particularum

162 2537 267 2580 tam
303 2541 352 2582 et
387 2548 532 2597 quam
565 2532 764 2582 videtur
799 2546 864 2581 ex
901 2545 959 2581 eo
995 2541 1130 2591 nata,
1173 2532 1313 2593 quod
1337 2534 1403 2581 ci
1440 2531 1633 2597 (quam)
1671 2542 1721 2582 et
1763 2530 1827 2583 fa*
1865 2530 2015 2597 (tam)
2051 2532 2182 2595 inter
2205 2545 2262 2580 se

165 2596 315 2648 facile
360 2600 810 2649 commutabantur.
883 2597 1006 2663 Cap.
1044 2602 1122 2649 14.
1173 2599 1223 2661 5.
1253 2601 1336 2649 33.
1383 2600 1480 2648 etsi
1524 2614 1680 2662 quum
1724 2599 1776 2649 in
1828 2599 2088 2649 codicibus
2133 2598 2258 2662 Teg.

170 2663 275 2715 Eri.
313 2682 408 2731 que
443 2675 566 2733 post
600 2668 820 2718 dixisset
863 2680 961 2716 non
995 2665 1218 2731 legatur,
1269 2666 1543 2716 admodum
1578 2666 1858 2731 probabilis
1893 2665 2057 2717 videri
2088 2673 2264 2729 potest

168 2734 461 2798 coniectura
496 2733 709 2793 Baiteri‚
759 2749 860 2796 qua
894 2733 977 2782 ille
1011 2733 1333 2783 scribendum
1370 2732 1591 2797 putavit:
1650 2736 1925 2784 salutasset
1969 2740 2042 2791 et,
2089 2740 2146 2781 ut
2181 2733 2261 2794 fit,

165 2791 408 2861 dioeisst’t,
447 2809 640 2860 tamen,
679 2802 920 2861 quoniam
965 2808 1080 2849 ante
1114 2800 1325 2850 verbum
1360 2801 1485 2864 quid
1514 2799 1662 2850 facile
1690 2818 1760 2867 q„
1808 2802 1859 2850 id
1895 2809 1972 2850 est
2006 2816 2124 2865 que,
2172 2799 2262 2847 ob-

166 2864 377 2916 litterari
410 2867 604 2930 potuit,
652 2875 933 2916 ceterorum
967 2867 1210 2916 librorum
1256 2865 1561 2931 scripturam
1594 2868 1889 2918 mutandam
1926 2881 2029 2917 non
2065 2866 2263 2931 putavi.

168 2939 221 2981 et
256 2933 390 2982 enim
425 2942 542 2982 ante
576 2933 729 2983 verba
762 2941 818 2983 ut
844 2936 906 2996 fit
940 2948 1044 2983 non
1080 2942 1158 2983 est
1191 2935 1245 2982 in
1292 2933 1454 2985 libris,
1528 2934 1577 2996 5.
1618 2938 1701 2986 35.
1760 2935 1943 2984 retinui
1976 2932 2267 2985 stomachor

165 3014 311 3060 vero,
368 3014 675 3061 quamquam
730 3001 783 3048 in
837 3001 1096 3050 codicibus
1151 3000 1274 3065 Teg.
1320 2999 1424 3052 Erf.
1469 3017 1588 3052 vero
1636 3002 1881 3052 omissum
1935 3011 2029 3051 est.
2099 2998 2266 3049 FacIle

164 3066 302 3114 enim
347 3061 396 3127 ἃ,
441 3066 496 3116 id
533 3075 635 3127 est,
673 3083 792 3117 vero
828 3083 887 3117 eo
925 3067 1035 3118 loco
1073 3067 1349 3118 oblitterari
1383 3070 1569 3132 potuit.
1642 3069 1766 3119 Eius
1801 3069 1943 3119 modi
1978 3078 2147 3118 autem
2184 3080 2265 3113 re-

159 3132 297 3193 quiri
330 3132 632 3198 particulam
668 3132 886 3185 Cobetus
923 3149 1126 3197 quoque
1162 3137 1343 3195 sensit,
1383 3137 1470 3197 qui
1507 3135 1540 3184 l.
1576 3151 1619 3184 c.
1657 3151 1709 3201 p.
1746 3138 1861 3187 820.
1911 3136 2103 3186 omisso
2138 3147 2263 3185 vero

163 3199 320 3248 scribi
373 3200 534 3250 voluit
583 3202 681 3251 sed
726 3203 1032 3253 stomachor.
1104 3200 1230 3268 Cap.
1259 3206 1337 3256 18.
1389 3202 1437 3262 5.
1471 3205 1560 3253 45.
1617 3204 1680 3251 de
1738 3201 1912 3253 Cobeti
1970 3204 2263 3253 coniectura

164 3266 353 3331 scripsi
388 3274 686 3331 exspectent
720 3283 815 3333 pro
850 3276 1157 3332 respectent.
1216 3268 1338 3335 Cap.
1367 3271 1449 3319 19.
1489 3270 1538 3332 5.
1565 3272 1646 3321 48.
1680 3273 1880 3334 potem’s
1915 3284 2051 3320 nunc
2073 3268 2262 3333 scripsi

164 3347 262 3397 pro
304 3337 535 3397 potueris
581 3344 630 3384 et
672 3350 784 3400 cap.
810 3338 892 3386 20.
928 3336 976 3397 5.
1001 3338 1085 3391 49.
1125 3337 1339 3388 tabellae
1376 3348 1495 3402 post
1543 3337 1779 3388 diribitae
1815 3337 1878 3386 de
1913 3336 1972 3386 E.
2008 3335 2263 3386 Wunderi
