2514 3928
276 216 402 280 296
747 212 897 274 PRO
927 212 1135 274 REGE
1167 211 1561 273 DEIOTARO
1597 210 1902 274 ORATIO.
2301 222 2378 280 72

257 384 460 447 ‚quam
489 381 527 426 a
563 372 621 426 te
651 373 749 426 est
781 373 843 426 et
871 379 994 424 non
1017 380 1350 440 numquam
1377 362 1821 439 obstupefactis
1853 363 2204 426 hominibus
2228 363 2379 441 ipsa

277 447 678 510 admiratione
736 463 1134 524 compressus
1173 456 1269 508 est
1311 456 1373 509 et
1435 448 1699 508 fortasse
1752 463 1827 508 eo
1873 447 2374 524 praetermissuS,

278 533 420 608 quia
452 530 598 591 nihil
629 533 881 606 vulgare
911 540 970 593 te
999 532 1247 608 dignum
1280 530 1473 590 videri
1503 539 1726 607 potest.

431 614 589 675 Xlll.
630 612 734 676 35.
782 613 940 675 Nihil
999 632 1036 674 a
1090 631 1187 675 me
1227 613 1487 675 arbitror
1516 613 1941 690 praeteritum,
1981 617 2093 676 sed
2136 613 2376 692 aliquid

276 699 352 760 ad
403 705 739 759 extremum
789 712 1016 759 causae
1057 706 1467 760 reservatum.
1513 698 1581 758 ld
1628 706 1830 759 autem
1864 698 2098 775 aliquid
2145 707 2273 769 est,
2313 706 2375 759 te

281 790 343 843 ut
366 783 551 857 plane
565 781 852 843 Deiotaro
869 781 1222 843 reconciliet
1237 781 1428 843 oratio
1448 797 1602 845 mea.
1659 782 1794 843 Non
1824 781 1985 843 enim
2013 781 2132 842 iam
2161 791 2373 844 metuo

286 879 366 925 ne
389 871 455 926 tu
476 862 560 925 illi
582 879 990 925 suscenseas:
1024 860 1173 924 illud
1193 878 1417 925 vereor
1433 878 1512 923 ne
1532 860 1639 923 tibi
1667 861 1836 922 illum
1860 879 2236 925 suscensere
2261 862 2342 924 ali

288 947 437 1025 quid
466 947 823 1024 suspicere.
858 945 1030 1023 quod
1059 946 1238 1007 abest
1265 945 1654 1044 longissime,
1697 945 1840 1006 mihi
1870 948 2075 1020 crede,
2115 947 2370 1009 Caesar.

289 1029 444 1106 Quid
475 1030 634 1092 enim
667 1029 928 1092 retineat
951 1045 1066 1106 per
1093 1037 1152 1090 te
1182 1023 1472 1103 meminit,
1505 1046 1627 1092 non
1660 1028 1808 1105 quid
1833 1029 2122 1105 amiserit,
2156 1047 2373 1107 neque

289 1132 361 1176 se
382 1131 417 1175 a
442 1123 504 1176 te
525 1115 841 1175 multatum
867 1112 1213 1187 arbitratur,
1238 1115 1372 1189 sed,
1403 1131 1592 1190 quum
1617 1113 2002 1176 existimares
2025 1114 2232 1177 multis
2258 1114 2373 1177 tibi

289 1198 478 1258 multa
510 1213 655 1258 esse
695 1196 1049 1270 tribuenda,
1091 1215 1215 1274 quo
1259 1197 1461 1260 minus
1495 1215 1531 1258 a
1562 1214 1664 1271 se,
1711 1196 1815 1274 qui
1855 1199 1914 1260 in
1950 1200 2159 1260 altera
2186 1197 2373 1274 parte

270 1281 527 1351 luisset,
567 1297 642 1343 ea
672 1297 955 1344 sumeres
988 1298 1112 1343 non
1141 1282 1469 1345 recusavit.
1513 1281 1614 1344 36.
1647 1281 1884 1343 Etenim
1914 1278 1968 1344 si
1995 1280 2345 1345 Antiochus

288 1367 549 1442 Magnus
584 1364 719 1440 ille,
766 1382 877 1427 rex
900 1365 1131 1438 -Asiae,
1175 1383 1383 1443 quum,
1418 1371 1644 1442 postea
1675 1366 1859 1442 quam
1897 1383 1935 1426 a
1969 1366 2037 1426 L.
2069 1365 2375 1443 Scipione

289 1457 385 1511 est
400 1450 703 1522 devictus,
719 1443 922 1512 Tauro
938 1459 1123 1513 tenus
1137 1467 1398 1528 regnare
1410 1451 1623 1512 iussus
1638 1456 1807 1511 esset
1820 1465 2192 1525 omnemque
2205 1451 2370 1511 hanc

288 1531 517 1607 Asiam,
549 1548 709 1608 quae
739 1541 833 1594 est
864 1549 1027 1595 nunc
1061 1540 1272 1595 nostra
1303 1529 1641 1608 provincia,
1671 1530 2001 1603 amisisset,
2034 1531 2243 1592 dicere
2282 1540 2382 1593 est

290 1616 504 1676 solitus
540 1617 811 1691 benigne
836 1616 953 1677 sibi
984 1634 1020 1676 a
1045 1618 1279 1692 populo
1304 1617 1580 1676 Romano
1609 1631 1755 1676 esse
1787 1616 2044 1685 factum,
2080 1615 2248 1690 quod
2286 1614 2383 1674 ni·

288 1698 400 1759 mis
436 1712 654 1774 magna
687 1699 1119 1774 procuratione
1142 1699 1431 1760 liberatus
1465 1697 1726 1760 modicis
1750 1697 1923 1774 regni
1948 1698 2218 1773 terminis
2240 1705 2367 1758 ute-

283 1791 465 1854 retur,
499 1789 705 1857 potest
732 1784 918 1842 multo
951 1781 1193 1843 facilius
1226 1798 1296 1843 se
1323 1780 1648 1842 Deiotarus
1680 1780 2008 1843 consolari.
2074 1782 2182 1841 llle
2213 1781 2380 1841 enim

283 1863 509 1925 furoris
561 1866 806 1926 multam
853 1867 1223 1938 sustulerat,
1272 1863 1371 1925 hic
1421 1864 1666 1926 erroris.
1714 1863 1927 1925 Omnia
1966 1873 2031 1926 tu
2061 1862 2377 1939 Deiotaro,

2490 554 2493 683 s

284 1948 541 2021 Caesar,
573 1946 862 2022 tribuisti,
896 1966 1081 2025 quum
1114 1956 1175 2011 et
1204 1947 1326 2026 ipsi
1355 1958 1416 2010 et
1446 1948 1573 2011 filio
1599 1964 1820 2010 nomen
1845 1944 2378 2025 regium'conees-
2492 1944 2493 1953 ’

285 2031 437 2092 sisti.
523 2033 657 2093 Hoc
688 2031 932 2094 nomine
964 2040 1199 2094 retento
1230 2041 1418 2108 atque
1453 2042 1720 2109 servato,
1743 2033 1974 2094 nullum
2003 2031 2380 2093 beneficium

281 2114 496 2191 populi
539 2114 827 2192 Romani,
870 2118 1098 2178 nullum
1141 2114 1431 2178 iudicium
1474 2116 1552 2176 de
1595 2133 1664 2176 se
1704 2125 1953 2178 senatus
1995 2114 2378 2177 imminutum

281 2207 475 2273 putat.
562 2200 788 2275 Magno
821 2199 1023 2261 animo
1056 2208 1116 2261 et
1146 2208 1352 2261 erecto
1387 2208 1512 2271 est,
1543 2216 1657 2260 nec
1688 2216 1980 2276 umquam
2011 2200 2376 2260 succumbet

282 2281 564 2354 inimicis,
601 2300 678 2342 ne
700 2285 982 2345 fortunae
1013 2282 1280 2359 quidem.
1353 2281 1455 2345 37.
1484 2283 1675 2343 Multa
1705 2299 1776 2345 se
1811 2282 2137 2344 arbitratur
2172 2291 2234 2344 et
2264 2300 2375 2358 pe·

284 2365 525 2440 perisse
567 2373 708 2427 ante
750 2366 926 2428 sactis
970 2375 1030 2427 et
1069 2366 1298 2427 habere
1340 2366 1398 2426 in
1444 2368 1646 2427 animo
1690 2376 1879 2442 atque
1919 2368 2173 2441 virtute,
2212 2382 2383 2442 quae

281 2448 447 2510 nullo
478 2449 665 2511 modo
698 2448 899 2524 possit
928 2450 1218 2511 amittere.
1268 2449 1277 2458 '
1305 2449 1471 2523 Quae
1503 2451 1662 2511 enim
1695 2452 1936 2513 fortuna
1965 2456 2068 2511 aut
2101 2449 2240 2526 quis
2272 2466 2376 2509 ca-

282 2549 391 2593 sus
434 2541 539 2594 aut
585 2549 745 2610 quae
793 2542 957 2596 tanta
997 2532 1198 2608 possit
1238 2531 1454 2594 iniuria
1496 2532 1762 2595 omnium
1814 2534 2245 2608 imperatorum
2296 2534 2378 2592 de

276 2614 567 2679 Deiotaro
616 2619 864 2679 decreta
904 2618 1112 2679 delere
1135 2623 1165 2675 ‘e
1202 2618 1302 2677 Ab
1345 2614 1625 2678 omnibus
1667 2614 1831 2678 enim
1864 2623 1963 2678 est
1991 2615 2066 2676 iis
2099 2623 2377 2690 ornatus,
2416 2669 2423 2674 ,

280 2698 404 2776 qui,
440 2710 662 2776 postea
697 2719 877 2778 quam
912 2700 971 2762 in
1004 2699 1223 2761 castris
1254 2717 1399 2762 esse
1430 2700 1627 2776 potuit
1657 2717 1769 2777 per
1798 2708 2076 2774 aetatem,
2107 2700 2164 2759 in
2197 2698 2374 2775 Asia,

280 2784 709 2861 Cappadocia,
749 2786 978 2860 Ponto,
1013 2785 1255 2858 Cilicia,
1307 2783 1488 2862 Syria
1516 2785 1675 2844 bella
1715 2794 2070 2859 gesserunt·
2114 2791 2378 2844 senatus

286 2883 431 2929 vero
474 2867 699 2929 iudicia
744 2870 822 2929 de
872 2869 974 2929 illo
1015 2877 1136 2930 tam
1168 2868 1354 2929 multa
1386 2876 1633 2942 tamque
1663 2865 2033 2941 honorifica,
2066 2883 2239 2946 quae
2258 2884 2376 2941 pu-

277 2950 455 3010 blicis
480 2950 693 3026 populi
726 2952 986 3016 Romani
1012 2949 1223 3012 litteris
1253 2950 1788 3026 monumentisque
1811 2948 2172 3025 consignata
2207 2960 2376 3025 sunt,

281 3049 441 3107 quae
462 3048 752 3108 umquam
778 3044 1050 3095 vetustas
1075 3021 1295 3095 obruet
1314 3043 1418 3095 aut
1447 3051 1606 3109 quae
1636 3043 1802 3096 tanta
1836 3032 2063 3095 delebit
2095 3032 2377 3095 oblivio?

279 3114 436 3188 Quid
470 3116 547 3174 de
576 3116 795 3178 virtute
825 3118 957 3177 eius
988 3117 1231 3176 dicam?
1260 3118 1338 3177 de
1374 3117 1788 3193 magnitudine
1819 3115 2021 3192 animi,
2049 3115 2377 3193 gravitate,

280 3197 675 3260 constantia?
717 3216 877 3274 quae
923 3215 1137 3260 omnes
1180 3200 1345 3261 docti
1378 3208 1564 3277 atque
1597 3199 1909 3277 sapientes
1941 3216 2199 3271 summa,
2234 3200 2372 3276 qui-

279 3281 419 3340 dam
463 3279 643 3341 etiam
687 3282 1026 3354 solabona
1070 3299 1211 3344 esse
1254 3284 1566 3358 dixerunt,
1619 3284 1842 3361 hisque
1887 3299 2008 3345 non
2056 3284 2242 3345 modo
2287 3290 2374 3345 ad

276 3363 458 3437 benc,
484 3364 592 3423 sed
626 3366 804 3426 etiam
839 3364 918 3424 ad
949 3367 1127 3427 beate
1158 3365 1484 3427 vivendum
1515 3376 1859 3429 contentam
1893 3383 2038 3428 esse
2059 3364 2376 3428 virtutem.

276 3443 379 3506 38.
417 3446 585 3506 Haec
626 3446 727 3510 ille
756 3457 1047 3526 reputans
1089 3458 1150 3511 et
1179 3450 1314 3512 dies
1345 3458 1686 3526 noctesque
1717 3449 1995 3527 cogitans
2025 3467 2147 3512 non
2177 3450 2376 3513 modo
