2514 3928
368 298 496 362 354
643 301 720 360 IN
748 300 829 359 M.
860 298 1265 361 ANTONIUM
1295 299 1582 361 ORATIO
1610 299 2037 361 PHILIPPICA
2065 300 2165 359 111.
2393 312 2463 365 56

368 450 657 512 Aricinae
697 450 913 512 filiam:
945 447 1123 528 'quos
1167 457 1336 511 certo
1378 448 1510 511 scio
1541 449 1849 527 dignita-tis
1886 448 2246 527 optimarum
2285 452 2457 513 femi·

368 552 582 596 narum
611 551 734 597 non
772 534 1101 611 poenitere.
1160 535 1292 594 Vll.
1324 535 1492 595 Idem
1519 535 1700 596 etiam
1731 535 1799 609 Q.
1832 535 2212 607 Ciceronem,
2248 536 2457 598 fratris

368 620 487 679 mei
529 620 749 694 filium,
794 619 1392 695 compellatedictoe
1420 627 1556 679 “nec
1600 618 1782 681 sentit
1812 631 2029 680 amens
2058 618 2455 682 commenda-

371 702 596 763 tionem
630 717 774 765 esse
805 701 1339 779 compeliationem
1358 711 1562 763 suam.
1610 702 1770 776 Quid
1798 703 1959 763 enim
1988 702 2276 766 accidere
2308 702 2454 764 huic

368 786 747 850 adolescenti
771 811 776 824 f
793 786 988 863 potuit
1030 786 1298 862 optatius
1340 795 1522 862 quam
1553 786 1849 861 cognosci
1878 784 1957 847 ab
1987 784 2276 847 omnibus
2306 787 2452 847 Cae-

368 871 527 933 saris
581 870 977 933 consitiorum
1014 877 1160 931 esse
1202 869 1474 943 socium,
1543 868 1786 931 Antonii
1830 868 2053 932 furoris
2095 869 2458 931 inimicum?

370 955 468 1019 18.
509 958 593 1018 At
632 955 813 1017 etiam
858 953 1158 1029 gladiator
1194 961 1386 1015 ausus
1426 961 1522 1014 est
1552 954 1837 1014 'scribere
1866 953 2029 1014 hunc
2058 954 2136 1015 de
2168 953 2365 1030 patris
2396 962 2455 1015 et

365 1039 568 1117 patrui
597 1037 926 1116 parricidio
957 1035 1288 1112 cogitasse.
1336 1036 1383 1098 0
1406 1036 1821 1098 admirabilem
1855 1036 2316 1113 impudentiam,
2349 1055 2452 1099 au-

368 1124 636 1197 daciam,
688 1122 1117 1182 temeritatem!
1194 1123 1256 1181 in
1309 1133 1446 1182 eum
1498 1120 1955 1182 adolescentem
2003 1121 2124 1182 hoc
2176 1122 2453 1182 scribere

366 1206 624 1279 audere,
671 1219 853 1281 quem
895 1215 1011 1279 ego
1059 1211 1120 1265 et
1167 1204 1352 1265 frater
1388 1221 1565 1265 meus
1594 1212 1845 1281 propter
1872 1205 2006 1265 eius
2037 1203 2451 1266 suavissimos

366 1297 551 1364 atque
583 1289 849 1366 optimos
874 1302 1078 1348 mores
1103 1286 1816 1363 praestantissimumque
1840 1286 2148 1363 ingenium
2172 1288 2449 1357 certatim

366 1388 641 1434 amamus
685 1373 1094 1447 omnibusque
1126 1371 1297 1433 horis
1327 1373 1553 1445 oculis,
1594 1372 1876 1444 auribus,
1922 1374 2253 1448 complexu
2290 1380 2450 1434 tene-

366 1463 551 1518 mus?
591 1456 742 1517 Nam
789 1471 886 1516 me
916 1452 1113 1516 isdem
1144 1454 1362 1517 edictis-
1393 1454 1587 1517 nescit
1616 1456 1816 1517 laedat
1844 1470 1921 1515 an
1951 1456 2175 1517 laudet.
2249 1451 2450 1531 Quum

368 1541 526 1601 idem
570 1539 940 1616 supplicium
968 1540 1228 1600 minatur
1256 1539 1501 1616 optimis
1534 1539 1800 1611 civibus,
1846 1540 2014 1616 quod
2046 1555 2161 1615 ego
2197 1539 2279 1600 de
2315 1556 2447 1601 sce-

368 1623 747 1686 leratissimis
792 1637 867 1684 ac
897 1622 1186 1699 pessimis
1224 1623 1620 1698 sumpserim,
1660 1624 1917 1684 laudare
1948 1622 2220 1695 videtur,
2267 1622 2450 1699 quasi

360 1706 585 1768 imitari
629 1707 801 1769 vetite
848 1719 1033 1782 quum
1075 1714 1278 1768 autem
1304 1706 1468 1766 illam
1496 1707 1888 1783 pulcherrimi
1920 1706 2060 1767 facti
2090 1706 2449 1767 memoriam

364 1791 639 1865 refricat,
681 1800 805 1852 tum
835 1806 873 1849 a
902 1791 997 1851 sui
1029 1789 1327 1851 similibus
1358 1790 1647 1851 invidiam
1675 1792 1942 1866 aliquam
1966 1790 2023 1850 in
2049 1806 2145 1851 me
2172 1803 2423 1851 commo

367 1873 494 1933 veri
531 1883 717 1948 putat.

367 1972 370 1977 ·
440 1975 443 1977 ’
491 1958 647 2018 vul.
692 1956 791 2020 19.
839 1957 963 2019 Sed
1000 1957 1148 2034 quid
1190 1958 1333 2019 fecit
1374 1956 1556 2034 ipse?
1610 1956 1805 2032 Quum
1846 1966 1932 2019 tot
1971 1956 2169 2019 edicta
2215 1972 2445 2036 propo·

364 2040 613 2115 suisset,
646 2041 836 2103 edixit
863 2049 930 2103 ut
952 2043 1201 2103 adesset
1221 2050 1471 2103 senatus
1494 2043 1792 2117 frequens·
1807 2058 1861 2102 a.
1888 2042 1947 2102 d.
1971 2058 2103 2101 vm.
2127 2043 2445 2103 Kalendas

364 2125 768 2187 Decembrem
823 2142 899 2187 eo
945 2124 1046 2185 die
1086 2124 1222 2201 ipse
1270 2142 1393 2187 non
1437 2125 1648 2186 adfuit.
1704 2127 1787 2187 At
1833 2136 1956 2200 quo
1985 2127 2169 2187 modo
2208 2126 2447 2187 edixit!

366 2210 527 2269 Haec
561 2217 720 2285 sunt,
751 2217 815 2271 ut
839 2209 1077 2287 opinor,
1110 2211 1297 2270 verba
1329 2209 1389 2270 in
1420 2218 1722 2271 extremm
1751 2209 1824 2271 St·
1845 2211 1978 2285 quis
2004 2226 2119 2271 non
2146 2211 2444 2284 adfuerit,

362 2295 520 2353 hunc
542 2295 887 2356 existimare
930 2300 1129 2354 omnes
1165 2300 1447 2369 poterunt
1486 2304 1544 2355 et
1580 2295 1849 2355 intentus
1864 2296 1995 2355 ‘met'
2013 2305 2071 2355 et
2089 2295 2445 2370 perdiu-esi-

361 2384 589 2436 morum
626 2378 1003 2436 consiliorum
1046 2383 1344 2438 auctorem
1379 2379 1588 2452 fuisse.
1653 2376 1819 2451 Quae
1850 2385 1992 2439 sunt
2025 2377 2267 2453 perdita
2297 2394 2445 2439 con-

362 2458 543 2520 silia?
563 2466 642 2519 an
669 2472 761 2528 ea,
791 2476 951 2534 quae
970 2459 1322 2537 pertineant
1343 2463 1425 2522 ad
1447 2462 1782 2522 libertatem
1814 2461 2029 2537 populi
2046 2459 2316 2522 *Romani
2352 2478 2445 2522 re-

362 2545 819 2619 cuperandam?
865 2560 1122 2620 quorum
1166 2544 1561 2606 consiliorum
1605 2544 1851 2605 Caesari
1890 2560 2005 2604 me·
2031 2551 2353 2606 auctorem
2388 2556 2445 2604 et

361 2625 729 2689 hortatorem
763 2636 823 2688 et
856 2642 1000 2689 esse
1030 2635 1091 2689 et
1121 2628 1556 2690 fuisse‘l'ateor.
1605 2627 2105 2703 Quamquamille
2127 2642 2251 2688 non
2275 2629 2445 2704 eguit

362 2711 620 2774 consilio
653 2710 1037 2788 cuiusquam,
1065 2712 1404 2773 sedtamen
1430 2719 1788 2786 currentem,
1819 2721 1885 2773 ut
1904 2710 2139 2785 dicitur,
2167 2710 2443 2775 incitavi.

359 2795 505 2855 Nam
540 2796 813 2859 interitus
845 2795 1090 2872 quidem
1118 2795 1202 2856 tui
1233 2796 1372 2871 quis
1403 2795 1601 2856 bonus
1634 2811 1754 2855 non
1788 2803 1958 2857 esset
1985 2802 2219 2869 auctor,
2251 2811 2444 2870 quum

359 2878 419 2937 in
467 2895 542 2939 eo
576 2882 743 2941 salus
786 2887 846 2941 et
874 2879 999 2941 vita
1031 2879 1241 2954 optimi
1277 2878 1607 2954 cuiusque,
1652 2878 1900 2940 libertas
1931 2876 2145 2954 populi
2177 2879 2445 2939 Romani

361 2960 750 3037 dignitasque
801 2962 1208 3024 consisteret?
1292 2961 1391 3024 20.
1441 2961 1566 3023 Sed
1607 2978 1793 3036 quum
1836 2970 1955 3022 tam
1999 2961 2191 3024 atroci
2233 2962 2442 3022 edicto

361 3059 474 3102 nos
505 3046 967 3120 concitavisset‚
1016 3063 1127 3107 cur
1165 3045 1302 3122 ipse
1339 3063 1461 3106 non
1492 3046 1726 3106 adsuit?
1784 3040 2196 3121 Num-putatis
2229 3044 2444 3121 aliqua

348 3142 425 3185 re
469 3126 616 3187 tristi
659 3143 734 3188 ac
781 3138 1041 3190 severa?
1120 3128 1269 3189 vino
1322 3138 1511 3205 atque
1563 3131 1763 3208 epulis
1815 3139 2125 3199 retentus,
2176 3128 2236 3189 si
2298 3128 2443 3190 illae

355 3209 579 3280 epulae
623 3211 830 3284 potius
869 3228 1051 3286 quam
1084 3212 1350 3287 popinae
1384 3209 1791 3273 nominandae
1821 3221 1993 3283 sunt,
2050 3211 2213 3272 diem
2252 3212 2440 3272 edicti

359 3289 530 3349 obire
572 3292 866 3366 neglexit=
909 3293 969 3353 in
1012 3303 1152 3355 ante
1193 3295 1356 3357 diem
1399 3304 1679 3372 quartum
1718 3295 2028 3356 Kalendas
2062 3295 2440 3356 Decembres

358 3369 601 3433 distulit.
663 3375 908 3436 Adesse
950 3377 1010 3436 in
1048 3377 1345 3454 Capitolio
1393 3379 1599 3441 iussin
1644 3379 1810 3454 quod
1854 3378 1913 3438 in
1965 3379 2253 3452 templum
2300 3378 2440 3454 ipse

358 3453 569 3514 nescio
614 3473 735 3530 qua
781 3474 890 3533 per
917 3459 1224 3521 Gallorum
1269 3462 1615 3524 cuniculum
1647 3461 1944 3524 ascendit.
2006 3461 2441 3523 Convenerunt

356 3538 661 3612 corrogati
697 3546 755 3600 et
792 3540 1036 3617 quidem
1071 3544 1257 3619 ampli
1289 3545 1537 3620 quidam
1566 3544 1864 3620 homineS,
1900 3545 2013 3606 sed
2043 3543 2437 3607 immemores
