2514 3928
879 345 1261 397 PROOEMIUM
1297 343 1619 397 EDITORIS.
2271 365 2298 400 v

198 502 331 553 esse,
370 503 470 550 quo
507 485 823 553 significatur
856 487 951 551 id,
990 482 1157 550 quod
1194 492 1290 534 est
1324 498 1439 549 pro
1477 482 1716 534 officio
1742 483 2113 548 praesenti,
2145 496 2296 544 quem

197 557 263 606 ad
301 557 508 608 modum
549 559 601 605 in
649 570 872 620 persona
907 556 1115 618 quidem
1159 551 1360 604 locutus
1397 561 1474 602 est
1510 552 1734 602 Cicero
1773 552 1837 603 de
1868 552 2057 617 quibus
2096 551 2188 603 lib.
2227 552 2294 602 11.

197 642 244 681 c.
281 625 364 679 19.
396 626 445 688 S.
477 625 566 681 48.
605 622 760 674 Nulla
785 633 862 676 est
885 639 1127 689 persona,
1162 638 1294 688 quae
1324 622 1399 671 ad
1429 624 1580 673 vicem
1610 624 1731 686 eius,
1770 625 1858 687 qui
1891 638 1918 672 e
1948 623 2052 671 vita
2082 625 2300 685 emigra-

196 699 293 759 vit,
324 694 544 760 propius
577 696 810 745 accedat.
885 694 1033 754 Quod
1068 701 1235 743 autem
1280 707 1345 740 ex
1384 692 1579 741 adiecto
1613 692 1771 754 officii
1799 693 2113 754 praesentia,
2161 689 2302 753 quod

199 762 528 828 responderet
557 765 622 828 ei,
656 764 796 827 quod
827 764 1080 827 sequitur:
1112 762 1392 826 praeteriti
1418 763 1668 826 temporis,
1711 759 1911 822 aliquid
1942 759 2177 810 concludi
2211 773 2299 808 vo-

201 832 428 892 luerunt,
467 848 566 895 quo
607 835 778 883 minus
808 840 941 883 recte
973 834 1124 882 vicem
1156 831 1316 896 oflicii
1347 832 1638 893 praesentis
1674 830 1954 893 diceretur,
1992 830 2048 880 id
2083 828 2301 878 falsissi-

200 917 336 952 mum
373 910 450 951 est
487 913 784 968 propterea,
829 903 966 966 quod
991 916 1092 951 nou
1117 902 1271 951 modo
1306 900 1408 950 duo
1433 900 1559 950 haec
1586 907 1840 964 extrema,
1879 897 1970 948 sed
2006 899 2159 949 etiam
2193 897 2299 960 illa,
2385 962 2390 965 .

199 987 327 1035 quae
356 972 685 1022 antecedunt:
722 972 955 1022 memoria
976 971 1199 1035 perfecti
1212 971 1452 1036 periculi,
1482 970 1804 1032 praedicatio
1830 969 2122 1033 amplissimi
2152 967 2300 1017 bene·

196 1042 323 1100 ficii,
354 1039 442 1090 hic
472 1041 842 1092 consideranda
877 1051 1024 1100 sunt,
1060 1049 1146 1108 ut,
1182 1055 1342 1104 quum
1379 1046 1617 1102 quattuor
1650 1038 1778 1088 haec
1815 1038 2041 1088 membra
2077 1038 2301 1087 inter-se
2385 1094 2388 1097 y

199 1116 549 1176 opponantur,
595 1110 723 1160 nihil
759 1126 851 1177 per
885 1125 943 1160 se
976 1125 1042 1160 ex
1077 1111 1320 1160 extremis
1356 1108 1460 1158 illis
1496 1109 1696 1159 duobus
1728 1107 1900 1174 colligi
1931 1108 2125 1173 possit,
2167 1120 2301 1169 quae

198 1187 364 1229 tamen
413 1181 562 1229 etiam
606 1181 683 1230 sic
724 1189 862 1230 recte
884 1218 891 1224 .
910 1180 1042 1230 inter
1087 1193 1146 1230 se
1180 1185 1524 1245 opponuntur.
1596 1176 1725 1227 Nam
1763 1177 1986 1228 officium
2024 1178 2161 1241 eius,
2213 1174 2302 1236 qui
2382 1209 2390 1213 >

197 1263 436 1314 praesens
475 1250 526 1298 in
563 1249 757 1300 iudicio
793 1248 1017 1311 aliquem
1053 1248 1253 1314 laudat,
1306 1255 1442 1298 certe
1489 1248 1628 1298 istud
1662 1247 1943 1312 significat,
1985 1244 2303 1296 laudatorem

196 1319 317 1369 hoc
351 1319 466 1384 ipso
493 1325 787 1384 tempore
811 1320 939 1368 bene
967 1319 1032 1366 de
1055 1332 1134 1382 eo,
1168 1332 1318 1379 quem
1351 1315 1543 1381 laudat,
1575 1317 1781 1381 sentire,
1816 1325 1871 1366 ut
1899 1323 2033 1366 recte
2059 1315 2303 1376 deinceps

199 1387 411 1452 adiungi
447 1388 614 1451 possit
647 1387 968 1437 testimoninm
999 1386 1274 1448 praeteriti
1304 1387 1554 1445 temporis.
1612 1385 1741 1433 Illud
1775 1393 1941 1434 autem
1979 1387 2201 1450 ingenue
2227 1382 2304 1430 fa-

200 1464 332 1519 teor,
361 1469 444 1503 me
476 1453 631 1518 plane
661 1468 766 1502 non
799 1453 1081 1518 intelligere
1107 1467 1260 1514 quem
1283 1453 1351 1500 ad
1379 1451 1584 1500 modum
1610 1454 1667 1504 P.
1692 1451 1885 1502 Sestius
1909 1453 2048 1503 filius
2077 1469 2153 1504 vo
2170 1465 2302 1502 cem

204 1523 539 1572 decurionum
563 1521 933 1587 Campanorum
966 1521 1176 1570 recitare
1210 1520 1460 1585 potuerit:
1497 1527 1667 1569 nostra
1699 1535 1853 1570 voce
1886 1524 2153 1572 recitamus
2179 1520 2302 1571 scri-

204 1599 294 1657 pta
330 1588 544 1640 aliorum
578 1591 753 1656 verba,
798 1605 1015 1640 vocem
1051 1588 1247 1639 alienae
1280 1603 1531 1654 personae
1556 1589 1767 1639 recitare
1806 1591 2011 1640 omnino
2048 1605 2147 1640 non
2182 1602 2303 1654 pos·

201 1673 396 1710 sumus-
472 1659 592 1724 Cap.
629 1661 676 1710 7.
715 1661 766 1721 5.
807 1659 891 1711 16.
931 1667 1137 1709 auctore
1174 1659 1502 1724 potissimum
1535 1659 1937 1725 Wesenbergio,
1991 1674 2140 1721 quem
2188 1657 2305 1707 vide

132 1772 135 1775 .
197 1729 232 1781 1.
267 1744 311 1778 c.
349 1743 404 1794 p.
438 1727 503 1779 18
530 1744 627 1794 sq„
668 1730 872 1792 infamis
906 1744 1039 1779 nunc
1076 1729 1214 1779 edidi
1243 1743 1339 1794 pro
1373 1729 1555 1779 insani.
1635 1726 1762 1793 Cap.
1793 1728 1843 1780 8.
1886 1730 1937 1791 S.
1978 1726 2059 1779 19.
2101 1727 2303 1791 scripsi,

198 1799 272 1848 uti
311 1800 416 1847 iam
458 1806 572 1848 ante
613 1798 712 1848 feci
748 1800 800 1848 in
837 1798 1060 1849 editione
1097 1799 1316 1848 maiore:
1367 1806 1426 1848 ut
1458 1799 1545 1848 illo
1579 1800 1851 1861 supercilio
1898 1813 2060 1848 annus
2094 1799 2180 1848 ille
2215 1796 2311 1846 niti

195 1874 442 1932 tamquam
473 1869 602 1918 vade
632 1868 906 1934 videretur,
946 1869 1009 1919 de
1039 1868 1284 1934 Madvigii
1323 1869 1608 1917 coniectura
1646 1868 1679 1920 Ι.
1712 1884 1761 1920 c.
1790 1883 1842 1933 p.
1867 1868 1987 1920 451.
2015 1868 2299 1933 proposita.

198 1935 359 1988 Credo
397 1938 532 1988 enim
570 1944 706 1989 recte
738 1939 932 1990 vidisse
958 1937 1271 2004 Madvigium
1306 1936 1409 1987 huc
1436 1938 1684 2003 pertinere
1726 1939 1876 1988 verba
1904 1936 2101 1989 Valerii
2125 1936 2301 1999 Probi,

199 2007 285 2071 qui
320 2006 484 2057 adfert
518 2014 574 2057 ut
611 2006 869 2060 Ciceronis
906 2009 1105 2059 locum:
1143 2015 1392 2073 tamquam
1421 2008 1567 2072 vade,
1607 2008 1702 2059 col.
1734 2007 1886 2060 1461.
1913 2016 1962 2058 et
1989 2022 2165 2057 rursus
2198 2005 2299 2059 col.

200 2075 352 2130 1475.
392 2077 475 2127 ed.
517 2077 725 2131 Putsch.
800 2077 904 2129 Sed
948 2077 1086 2141 quod
1122 2076 1414 2141 Madvigius
1452 2078 1790 2143 existimavit,
1844 2078 1980 2140 quod
2021 2077 2298 2143 posteriore

198 2144 309 2195 loco
354 2146 494 2211 apud
528 2146 751 2195 Probum
798 2147 1037 2197 habetur:
1075 2149 1212 2215 vultu
1247 2153 1495 2211 tamquam
1526 2146 1681 2205 vade,
1726 2148 1798 2196 ita
1846 2148 1908 2197 ab
1948 2146 2035 2197 illo
2075 2147 2292 2196 adlatum

198 2228 342 2271 esse,
390 2222 448 2263 ut
495 2214 582 2263 ille
619 2218 863 2266 memoria
899 2215 1073 2282 lapsus
1108 2222 1203 2281 pro
1238 2217 1512 2279 supercilio
1553 2218 1780 2281 posuerit
1815 2218 1977 2281 vultu,
2024 2230 2125 2264 non
2161 2228 2292 2265 com·

197 2282 391 2349 probo,
430 2284 525 2334 sed
566 2285 717 2334 credo
749 2285 1069 2351 grammatici
1100 2286 1257 2336 verba
1296 2285 1383 2335 illo
1422 2285 1532 2335 loco
1570 2294 1803 2352 corrupta
1840 2286 2015 2336 haberi
2048 2293 2097 2334 et
2132 2285 2298 2350 ipsum

199 2352 588 2419 grammaticum
614 2354 912 2418 scripsisse:
940 2356 1035 2405 niti
1057 2361 1303 2420 tamquam
1326 2354 1471 2406 vade.
1508 2354 1678 2405 Facile
1701 2357 1834 2406 enirn
1859 2352 1997 2405 nltl
2020 2361 2069 2404 et
2091 2348 2302 2403 uultu

198 2420 443 2472 confundi
479 2430 729 2486 poterant.
805 2424 953 2484 Quod
987 2424 1188 2482 sirvere
1225 2422 1369 2474 illurn
1408 2424 1572 2473 locum
1610 2427 1836 2491 correxi,
1879 2424 2108 2491 apertius
2147 2424 2301 2473 etiam

196 2490 395 2540 Valerii
433 2491 583 2540 Probi
618 2493 966 2543 testimonium
1014 2492 1077 2545 de
1128 2492 1227 2562 boc
1264 2492 1375 2543 loco
1420 2502 1592 2544 nostro
1640 2494 1757 2546 erit.
1830 2492 1953 2559 Cap.
1997 2493 2078 2543 12.
2120 2494 2170 2553 S.
2212 2488 2299 2540 28.

199 2561 354 2609 etiam
391 2573 525 2609 nunc
561 2562 778 2626 retinui,
819 2577 970 2627 quem
998 2562 1098 2611 iam
1137 2563 1403 2627 superiore
1440 2571 1663 2628 tempore
1688 2576 1979 2627 receperam
2003 2562 2302 2613 Genetivum

198 2628 309 2679 dies
349 2629 401 2677 in
444 2630 613 2679 verbis
662 2629 771 2680 his:
819 2634 1013 2697 equites
1055 2646 1176 2682 vero
1210 2631 1460 2683 Romanos
1503 2632 1713 2683 daturos
1755 2634 1890 2683 illius
1932 2632 2043 2681 dies
2082 2645 2297 2693 poenas.

195 2694 325 2748 Nam
354 2696 616 2748 Gellius
648 2698 737 2751 lib.
778 2700 866 2753 IV.
901 2715 1012 2765 cap.
1051 2701 1134 2750 14.
1175 2710 1351 2766 aperte
1386 2709 1596 2752 testatur
1635 2703 1711 2751 sic
1753 2703 1806 2750 in
1844 2701 1986 2750 libris
2021 2700 2302 2762 antiquitus

196 2767 443 2832 scriptum
496 2766 675 2820 fnisse.
760 2767 938 2833 Neque
985 2769 1127 2819 solus
1174 2771 1432 2835 putandus
1482 2778 1559 2820 est
1608 2778 1694 2820 aut
1747 2770 1940 2819 Ennius
1988 2769 2063 2818 sic
2104 2769 2302 2819 locutus

196 2849 343 2901 esse,
386 2837 530 2887 cuius
574 2851 777 2888 versum
825 2838 990 2889 adfert
1043 2838 1296 2889 Gellius
1343 2839 1377 2890 1,
1416 2854 1495 2888 c.:
1549 2841 1845 2891 Postremae
1881 2840 2150 2903 longinqua
2194 2838 2304 2887 dies

197 2919 342 2969 quom
371 2906 557 2968 feeerit
588 2914 767 2971 aetas,
807 2915 893 2958 aut
928 2906 1243 2959 Claudius
1277 2908 1778 2974 Quadrigarius:
1813 2915 2030 2971 propter
2059 2909 2301 2973 maqnitu-

193 2974 362 3023 dinem
388 2981 535 3040 atque
559 2977 908 3027 inmanitatem
930 2979 1129 3041 facies,
1161 2979 1252 3027 sed
1285 2987 1481 3028 constat
1514 2980 1665 3028 etiam
1697 2978 2072 3028 Lucretium
2110 2978 2304 3028 dixisse

195 3042 291 3096 lib.
334 3044 421 3095 IV.
458 3062 504 3097 v.
555 3044 706 3099 1083.
742 3046 952 3098 Lachm.
1006 3047 1353 3113 Quodcumque
1396 3056 1506 3112 est,
1548 3047 1721 3098 rabies
1756 3048 1889 3098 unde
1921 3047 2039 3098 illae
2074 3048 2302 3114 germina

191 3120 425 3177 surqunt.
478 3122 528 3163 et
565 3129 666 3164 non
708 3114 1038 3166 dubitandum
1082 3116 1283 3167 videtur
1321 3117 1444 3179 quin
1486 3116 1823 3183 Virgilius
1869 3131 2069 3179 quoque
2115 3116 2297 3178 Geory.

192 3182 288 3235 lib.
329 3182 369 3232 Ι.
408 3198 460 3236 v.
493 3182 615 3237 208.
640 3184 888 3237 Genetivo
918 3200 1040 3235 casu
1076 3186 1371 3250 scripserit:
1410 3184 1576 3237 Libra
1607 3187 1717 3237 dies
1747 3187 1997 3249 somnique
2024 3194 2187 3247 pa'res
2220 3182 2308 3234 ubi

188 3252 379 3316 fecerit
409 3250 585 3303 horas.
661 3251 834 3317 Neque
863 3269 983 3305 vero
1009 3257 1061 3303 in
1091 3254 1309 3319 singulis
1346 3255 1429 3304 his
1467 3256 1755 3306 nominibus
1788 3255 1920 3304 hanc
1940 3252 2171 3303 Genetivi
2197 3251 2304 3302 for·

190 3334 332 3370 mam
373 3323 614 3371 usitatam
651 3322 810 3373 fuisse
845 3323 1111 3389 probabile
1149 3331 1252 3389 est,
1296 3325 1387 3373 sed
1425 3326 1634 3388 antiquo
1670 3332 1899 3388 tempore
1944 3322 2096 3370 etiam
2130 3322 2306 3385 perni-

186 3390 328 3450 cies,
375 3392 609 3442 luoeuries
642 3391 829 3442 dictum
859 3407 974 3443 esse
1010 3393 1134 3442 satis
1169 3399 1409 3443 testatum
1439 3394 1748 3455 reliquerunt
1779 3390 2111 3458 grammatici,
2139 3390 2309 3438 conre-

189 3467 375 3509 rantnr
397 3458 524 3514 Cha
542 3461 747 3511 risius
770 3461 858 3515 lib.
876 3461 919 3510 Ι.
942 3460 1036 3510 col.
1065 3460 1146 3512 18.
1177 3460 1242 3511 cl.
1269 3462 1337 3511 ib.
1362 3461 1458 3511 col.
1490 3463 1557 3511 52
1584 3477 1661 3524 sq.
1681 3457 2035 3509 Diomedes
2064 3459 2159 3509 col.
2178 3457 2298 3507 281.

185 3525 400 3580 Putsch.
423 3529 819 3579 Priscianus
850 3531 938 3579 lib.
963 3530 1076 3583 VII.
1112 3530 1204 3579 col.
1235 3528 1356 3578 781.
1388 3529 1591 3581 Putsch.
1626 3529 1726 3577 vol.
1760 3530 1799 3578 Ι.
1830 3542 1881 3588 p.
1913 3522 2032 3571 353.
2065 3523 2230 3568 Krehl.
2256 3524 2306 3561 et

186 3597 459 3649 confirmat
489 3596 622 3647 hanc
652 3597 865 3647 sormam
900 3597 1050 3645 etiam
1083 3597 1206 3647 Dies
1230 3603 1388 3660 pater
1443 3597 1507 3643 de
1540 3610 1641 3655 quo
1673 3594 1790 3640 vide
1822 3585 2090 3638 Gellium
2125 3584 2211 3627 lib.
2235 3578 2299 3620 V-
