<?xml version="1.0" encoding="UTF-8"?>
<!DOCTYPE html PUBLIC "-//W3C//DTD XHTML 1.0 Transitional//EN"
    "http://www.w3.org/TR/xhtml1/DTD/xhtml1-transitional.dtd">
<html xmlns="http://www.w3.org/1999/xhtml" xml:lang="en" lang="en">
 <head>
  <title>
</title>
<meta http-equiv="Content-Type" content="text/html;charset=utf-8" />
  <meta name='ocr-system' content='tesseract 3.04.00' />
  <meta name='ocr-capabilities' content='ocr_page ocr_carea ocr_par ocr_line ocrx_word'/>
</head>
<body>
  <div class='ocr_page' id='page_1' title='image "./scriptaquaemans02cicegoog_0223.png"; bbox 0 0 2514 3928; ppageno 0'>
   <div class='ocr_carea' id='block_1_1' title="bbox 226 187 2334 261">
    <p class='ocr_par' dir='ltr' id='par_1_1' title="bbox 226 187 2334 261">
     <span class='ocr_line' id='line_1_1' title="bbox 226 187 2334 261; baseline 0.008 -20"><span class='ocrx_word' id='word_1_1' title='bbox 226 199 294 250; x_wconf 54' lang='grc' dir='ltr'><strong>οἵ</strong></span> <span class='ocrx_word' id='word_1_2' title='bbox 853 187 1018 249; x_wconf 87' lang='lat' dir='ltr'><strong>CAP.</strong></span> <span class='ocrx_word' id='word_1_3' title='bbox 1047 195 1283 249; x_wconf 72' lang='lat'><strong>29—31.</strong></span> <span class='ocrx_word' id='word_1_4' title='bbox 1312 197 1364 260; x_wconf 76' lang='lat' dir='ltr'><strong>s.</strong></span> <span class='ocrx_word' id='word_1_5' title='bbox 1392 195 1627 252; x_wconf 76' lang='lat'><strong>70-76.</strong></span> <span class='ocrx_word' id='word_1_6' title='bbox 1695 250 1702 253; x_wconf 78' lang='grc'><strong><em>,</em></strong></span> <span class='ocrx_word' id='word_1_7' title='bbox 2202 192 2334 261; x_wconf 62' lang='lat'><strong>1652</strong></span> 
     </span>
    </p>
   </div>
   <div class='ocr_carea' id='block_1_2' title="bbox 224 353 2372 3550">
    <p class='ocr_par' dir='ltr' id='par_1_2' title="bbox 228 353 2368 948">
     <span class='ocr_line' id='line_1_2' title="bbox 230 353 2368 434; baseline 0.003 -18"><span class='ocrx_word' id='word_1_8' title='bbox 230 365 332 416; x_wconf 83' lang='lat' dir='ltr'><strong>tus</strong></span> <span class='ocrx_word' id='word_1_9' title='bbox 345 353 705 431; x_wconf 85' lang='lat' dir='ltr'><strong>atquebelli,</strong></span> <span class='ocrx_word' id='word_1_10' title='bbox 725 356 1231 430; x_wconf 77' lang='lat' dir='ltr'><strong>poctarummore</strong></span> <span class='ocrx_word' id='word_1_11' title='bbox 1243 371 1379 416; x_wconf 88' lang='lat' dir='ltr'><strong>sum</strong></span> <span class='ocrx_word' id='word_1_12' title='bbox 1395 360 1670 419; x_wconf 87' lang='lat' dir='ltr'><strong>locutus:</strong></span> <span class='ocrx_word' id='word_1_13' title='bbox 1694 357 1815 420; x_wconf 88' lang='lat' dir='ltr'><strong>hoc</strong></span> <span class='ocrx_word' id='word_1_14' title='bbox 1829 356 2084 434; x_wconf 81' lang='lat' dir='ltr'><strong>intelligi</strong></span> <span class='ocrx_word' id='word_1_15' title='bbox 2128 359 2322 431; x_wconf 58' lang='lat' dir='ltr'><strong>volun</strong></span> <span class='ocrx_word' id='word_1_16' title='bbox 2357 412 2368 423; x_wconf 91' lang='lat'><strong>.</strong></span> 
     </span>
     <span class='ocr_line' id='line_1_3' title="bbox 231 437 2327 518; baseline -0.001 -11"><span class='ocrx_word' id='word_1_17' title='bbox 231 446 462 508; x_wconf 89' lang='lat' dir='ltr'><strong>bellum</strong></span> <span class='ocrx_word' id='word_1_18' title='bbox 493 458 566 504; x_wconf 89' lang='lat' dir='ltr'><strong>ac</strong></span> <span class='ocrx_word' id='word_1_19' title='bbox 588 442 916 505; x_wconf 83' lang='lat' dir='ltr'><strong>tumultum·</strong></span> <span class='ocrx_word' id='word_1_20' title='bbox 928 437 1070 518; x_wconf 84' lang='lat' dir='ltr'><strong>paci</strong></span> <span class='ocrx_word' id='word_1_21' title='bbox 1091 446 1284 516; x_wconf 82' lang='lat' dir='ltr'><strong>atque</strong></span> <span class='ocrx_word' id='word_1_22' title='bbox 1316 438 1443 502; x_wconf 78' lang='lat' dir='ltr'><strong>otio</strong></span> <span class='ocrx_word' id='word_1_23' title='bbox 1469 456 1931 504; x_wconf 76' lang='lat' dir='ltr'><strong>concessurum.</strong></span> <span class='ocrx_word' id='word_1_24' title='bbox 1968 439 2070 505; x_wconf 79' lang='lat'><strong>74.</strong></span> <span class='ocrx_word' id='word_1_25' title='bbox 2087 441 2327 518; x_wconf 77' lang='lat' dir='ltr'><strong>Quaere</strong></span> 
     </span>
     <span class='ocr_line' id='line_1_4' title="bbox 234 524 2325 603; baseline -0 -13"><span class='ocrx_word' id='word_1_26' title='bbox 234 548 314 591; x_wconf 89' lang='lat' dir='ltr'><strong>ex</strong></span> <span class='ocrx_word' id='word_1_27' title='bbox 363 525 644 589; x_wconf 76' lang='lat' dir='ltr'><strong>familiari</strong></span> <span class='ocrx_word' id='word_1_28' title='bbox 673 535 810 603; x_wconf 88' lang='lat' dir='ltr'><strong>tuo,</strong></span> <span class='ocrx_word' id='word_1_29' title='bbox 853 525 1089 586; x_wconf 85' lang='lat' dir='ltr'><strong>Graeco</strong></span> <span class='ocrx_word' id='word_1_30' title='bbox 1136 524 1242 586; x_wconf 89' lang='lat' dir='ltr'><strong>illo</strong></span> <span class='ocrx_word' id='word_1_31' title='bbox 1275 529 1492 600; x_wconf 66' lang='lat' dir='ltr'><strong>pumat</strong></span> <span class='ocrx_word' id='word_1_32' title='bbox 1546 524 1844 601; x_wconf 79' lang='lat' dir='ltr'><strong>probabit</strong></span> <span class='ocrx_word' id='word_1_33' title='bbox 1879 542 2084 602; x_wconf 85' lang='lat' dir='ltr'><strong>genus</strong></span> <span class='ocrx_word' id='word_1_34' title='bbox 2118 526 2325 603; x_wconf 89' lang='lat' dir='ltr'><strong>ipsum</strong></span> 
     </span>
     <span class='ocr_line' id='line_1_5' title="bbox 232 607 2325 688; baseline -0.001 -13"><span class='ocrx_word' id='word_1_35' title='bbox 232 623 295 675; x_wconf 86' lang='lat' dir='ltr'><strong>et</strong></span> <span class='ocrx_word' id='word_1_36' title='bbox 324 618 625 688; x_wconf 74' lang='lat' dir='ltr'>agnoscet</span> <span class='ocrx_word' id='word_1_37' title='bbox 652 627 853 688; x_wconf 89' lang='lat' dir='ltr'><strong>neque</strong></span> <span class='ocrx_word' id='word_1_38' title='bbox 882 618 942 671; x_wconf 84' lang='lat' dir='ltr'><strong>te</strong></span> <span class='ocrx_word' id='word_1_39' title='bbox 971 608 1121 687; x_wconf 83' lang='lat' dir='ltr'><strong>nihil</strong></span> <span class='ocrx_word' id='word_1_40' title='bbox 1150 623 1377 684; x_wconf 81' lang='lat' dir='ltr'><strong>sapere</strong></span> <span class='ocrx_word' id='word_1_41' title='bbox 1402 607 1731 670; x_wconf 84' lang='lat' dir='ltr'><strong>mirabitur.</strong></span> <span class='ocrx_word' id='word_1_42' title='bbox 1772 612 1856 672; x_wconf 83' lang='lat' dir='ltr'><strong>At</strong></span> <span class='ocrx_word' id='word_1_43' title='bbox 1881 610 1943 670; x_wconf 88' lang='lat' dir='ltr'><strong>in</strong></span> <span class='ocrx_word' id='word_1_44' title='bbox 1969 613 2169 673; x_wconf 78' lang='lat' dir='ltr'><strong>altero</strong></span> <span class='ocrx_word' id='word_1_45' title='bbox 2199 609 2325 685; x_wconf 90' lang='lat' dir='ltr'><strong>illo,</strong></span> 
     </span>
     <span class='ocr_line' id='line_1_6' title="bbox 233 695 2323 772; baseline -0 -15"><span class='ocrx_word' id='word_1_46' title='bbox 233 697 295 757; x_wconf 90' lang='lat' dir='ltr'><strong>in</strong></span> <span class='ocrx_word' id='word_1_47' title='bbox 304 695 460 772; x_wconf 91' lang='lat' dir='ltr'><strong>quit,</strong></span> <span class='ocrx_word' id='word_1_48' title='bbox 503 695 754 757; x_wconf 79' lang='lat' dir='ltr'><strong>haeres.</strong></span> <span class='ocrx_word' id='word_1_49' title='bbox 739 718 754 734; x_wconf 91' lang='lat'><strong>·</strong></span> <span class='ocrx_word' id='word_1_50' title='bbox 801 709 1115 756; x_wconf 48' lang='lat' dir='ltr'><strong>concnam*</strong></span> <span class='ocrx_word' id='word_1_51' title='bbox 1153 708 1399 755; x_wconf 73' lang='grc' dir='ltr'>ιΑυιιιιΑ</span> <span class='ocrx_word' id='word_1_52' title='bbox 1440 708 1644 756; x_wconf 67' lang='lat' dir='ltr'><strong>mum.</strong></span> <span class='ocrx_word' id='word_1_53' title='bbox 1734 695 1924 755; x_wconf 89' lang='lat' dir='ltr'><strong>Immo</strong></span> <span class='ocrx_word' id='word_1_54' title='bbox 1954 695 2323 771; x_wconf 81' lang='lat' dir='ltr'><strong>mehercule,</strong></span> 
     </span>
     <span class='ocr_line' id='line_1_7' title="bbox 231 776 2325 855; baseline 0 -15"><span class='ocrx_word' id='word_1_55' title='bbox 231 780 433 841; x_wconf 88' lang='lat' dir='ltr'><strong>habeo</strong></span> <span class='ocrx_word' id='word_1_56' title='bbox 468 778 576 841; x_wconf 91' lang='lat' dir='ltr'><strong>tibi</strong></span> <span class='ocrx_word' id='word_1_57' title='bbox 603 781 877 855; x_wconf 80' lang='lat' dir='ltr'><strong>gratiam.</strong></span> <span class='ocrx_word' id='word_1_58' title='bbox 962 779 1297 840; x_wconf 87' lang='lat' dir='ltr'><strong>Haererem</strong></span> <span class='ocrx_word' id='word_1_59' title='bbox 1331 777 1521 852; x_wconf 87' lang='lat' dir='ltr'><strong>enim,</strong></span> <span class='ocrx_word' id='word_1_60' title='bbox 1556 776 1677 843; x_wconf 90' lang='lat' dir='ltr'><strong>nisi</strong></span> <span class='ocrx_word' id='word_1_61' title='bbox 1705 785 1771 840; x_wconf 92' lang='lat' dir='ltr'><strong>tu</strong></span> <span class='ocrx_word' id='word_1_62' title='bbox 1800 794 1899 840; x_wconf 85' lang='lat' dir='ltr'><strong>mc</strong></span> <span class='ocrx_word' id='word_1_63' title='bbox 1923 776 2325 854; x_wconf 83' lang='lat' dir='ltr'><strong>expedisses.</strong></span> 
     </span>
     <span class='ocr_line' id='line_1_8' title="bbox 228 861 2324 948; baseline -0.002 -22"><span class='ocrx_word' id='word_1_64' title='bbox 228 866 378 926; x_wconf 85' lang='lat' dir='ltr'><strong>Nam</strong></span> <span class='ocrx_word' id='word_1_65' title='bbox 409 881 601 948; x_wconf 89' lang='lat' dir='ltr'><strong>quum-</strong></span> <span class='ocrx_word' id='word_1_66' title='bbox 627 873 694 926; x_wconf 88' lang='lat' dir='ltr'><strong>tu</strong></span> <span class='ocrx_word' id='word_1_67' title='bbox 725 863 975 926; x_wconf 88' lang='lat' dir='ltr'><strong>timidus</strong></span> <span class='ocrx_word' id='word_1_68' title='bbox 1017 879 1093 924; x_wconf 91' lang='lat' dir='ltr'><strong>ae</strong></span> <span class='ocrx_word' id='word_1_69' title='bbox 1122 870 1392 925; x_wconf 87' lang='lat' dir='ltr'><strong>tremens</strong></span> <span class='ocrx_word' id='word_1_70' title='bbox 1434 862 1557 925; x_wconf 87' lang='lat' dir='ltr'><strong>tuis</strong></span> <span class='ocrx_word' id='word_1_71' title='bbox 1586 862 1727 940; x_wconf 89' lang='lat' dir='ltr'><strong>ipse</strong></span> <span class='ocrx_word' id='word_1_72' title='bbox 1758 861 2164 924; x_wconf 76' lang='lat' dir='ltr'><strong>furacissimis</strong></span> <span class='ocrx_word' id='word_1_73' title='bbox 2196 878 2324 923; x_wconf 84' lang='lat' dir='ltr'><strong>ma-</strong></span> 
     </span>
    </p>

    <p class='ocr_par' dir='ltr' id='par_1_3' title="bbox 224 944 2372 2700">
     <span class='ocr_line' id='line_1_9' title="bbox 229 944 2372 1024; baseline -0.002 -14"><span class='ocrx_word' id='word_1_74' title='bbox 229 948 411 1011; x_wconf 88' lang='lat' dir='ltr'><strong>nibus</strong></span> <span class='ocrx_word' id='word_1_75' title='bbox 436 950 771 1010; x_wconf 78' lang='lat' dir='ltr'><strong>detractam</strong></span> <span class='ocrx_word' id='word_1_76' title='bbox 798 946 1117 1009; x_wconf 84' lang='lat' dir='ltr'><strong>cernentis</strong></span> <span class='ocrx_word' id='word_1_77' title='bbox 1133 947 1406 1009; x_wconf 74' lang='lat' dir='ltr'><strong>fascibus</strong></span> <span class='ocrx_word' id='word_1_78' title='bbox 1421 949 1693 1009; x_wconf 89' lang='lat' dir='ltr'><strong>lauream</strong></span> <span class='ocrx_word' id='word_1_79' title='bbox 1706 947 1789 1009; x_wconf 88' lang='lat' dir='ltr'><strong>ad</strong></span> <span class='ocrx_word' id='word_1_80' title='bbox 1814 955 2056 1024; x_wconf 84' lang='lat' dir='ltr'><strong>portam</strong></span> <span class='ocrx_word' id='word_1_81' title='bbox 2084 944 2315 1022; x_wconf 87' lang='lat' dir='ltr'><strong>Esqui-</strong></span> <span class='ocrx_word' id='word_1_82' title='bbox 2369 1012 2372 1015; x_wconf 52' lang='grc'>,</span> 
     </span>
     <span class='ocr_line' id='line_1_10' title="bbox 227 1030 2325 1108; baseline -0.001 -14"><span class='ocrx_word' id='word_1_83' title='bbox 227 1033 412 1095; x_wconf 88' lang='lat' dir='ltr'><strong>linam</strong></span> <span class='ocrx_word' id='word_1_84' title='bbox 462 1032 774 1105; x_wconf 76' lang='lat' dir='ltr'><strong>abiecisti,</strong></span> <span class='ocrx_word' id='word_1_85' title='bbox 812 1030 1099 1092; x_wconf 84' lang='lat' dir='ltr'><strong>indicasti</strong></span> <span class='ocrx_word' id='word_1_86' title='bbox 1122 1047 1247 1092; x_wconf 90' lang='lat' dir='ltr'><strong>non</strong></span> <span class='ocrx_word' id='word_1_87' title='bbox 1271 1033 1459 1094; x_wconf 89' lang='lat' dir='ltr'><strong>modo</strong></span> <span class='ocrx_word' id='word_1_88' title='bbox 1496 1031 1950 1108; x_wconf 82' lang='lat' dir='ltr'><strong>amplissimae,</strong></span> <span class='ocrx_word' id='word_1_89' title='bbox 1986 1031 2104 1095; x_wconf 89' lang='lat' dir='ltr'><strong>sed</strong></span> <span class='ocrx_word' id='word_1_90' title='bbox 2139 1030 2325 1094; x_wconf 82' lang='lat' dir='ltr'><strong>etiam</strong></span> 
     </span>
     <span class='ocr_line' id='line_1_11' title="bbox 224 1078 2326 1215; baseline -0.001 -37"><span class='ocrx_word' id='word_1_91' title='bbox 224 1117 516 1180; x_wconf 83' lang='lat' dir='ltr'><strong>minimae</strong></span> <span class='ocrx_word' id='word_1_92' title='bbox 545 1115 714 1177; x_wconf 87' lang='lat' dir='ltr'><strong>laudi</strong></span> <span class='ocrx_word' id='word_1_93' title='bbox 744 1078 1011 1176; x_wconf 70' lang='lat' dir='ltr'><strong>sauream</strong></span> <span class='ocrx_word' id='word_1_94' title='bbox 1044 1115 1462 1176; x_wconf 76' lang='lat' dir='ltr'><strong>concessisse.</strong></span> <span class='ocrx_word' id='word_1_95' title='bbox 1548 1118 1775 1215; x_wconf 83' lang='lat' dir='ltr'><strong>Atque</strong></span> <span class='ocrx_word' id='word_1_96' title='bbox 1786 1119 1905 1180; x_wconf 80' lang='lat' dir='ltr'><strong>ista</strong></span> <span class='ocrx_word' id='word_1_97' title='bbox 1930 1117 2173 1180; x_wconf 82' lang='lat' dir='ltr'><strong>ratione</strong></span> <span class='ocrx_word' id='word_1_98' title='bbox 2204 1116 2326 1179; x_wconf 88' lang='lat' dir='ltr'><strong>hoc</strong></span> 
     </span>
     <span class='ocr_line' id='line_1_12' title="bbox 229 1197 2325 1273; baseline -0.001 -10"><span class='ocrx_word' id='word_1_99' title='bbox 229 1212 436 1263; x_wconf 85' lang='lat' dir='ltr'><strong>tamen</strong></span> <span class='ocrx_word' id='word_1_100' title='bbox 464 1198 752 1273; x_wconf 77' lang='lat' dir='ltr'><strong>intelligi,</strong></span> <span class='ocrx_word' id='word_1_101' title='bbox 784 1199 1116 1269; x_wconf 87' lang='lat' dir='ltr'><strong>scelerate,</strong></span> <span class='ocrx_word' id='word_1_102' title='bbox 1149 1197 1264 1269; x_wconf 90' lang='lat' dir='ltr'><strong>vis,</strong></span> <span class='ocrx_word' id='word_1_103' title='bbox 1303 1198 1709 1273; x_wconf 90' lang='lat' dir='ltr'><strong>Pompeium</strong></span> <span class='ocrx_word' id='word_1_104' title='bbox 1693 1199 2003 1261; x_wconf 83' lang='lat' dir='ltr'><strong>mimicum</strong></span> <span class='ocrx_word' id='word_1_105' title='bbox 2031 1199 2179 1261; x_wconf 89' lang='lat' dir='ltr'><strong>mihi</strong></span> <span class='ocrx_word' id='word_1_106' title='bbox 2201 1198 2325 1262; x_wconf 84' lang='lat' dir='ltr'><strong>isto</strong></span> 
     </span>
     <span class='ocr_line' id='line_1_13' title="bbox 228 1280 2326 1359; baseline -0 -14"><span class='ocrx_word' id='word_1_107' title='bbox 228 1302 419 1345; x_wconf 88' lang='lat' dir='ltr'><strong>versu</strong></span> <span class='ocrx_word' id='word_1_108' title='bbox 449 1298 596 1342; x_wconf 89' lang='lat' dir='ltr'><strong>esse</strong></span> <span class='ocrx_word' id='word_1_109' title='bbox 625 1283 882 1341; x_wconf 85' lang='lat' dir='ltr'><strong>factum·</strong></span> <span class='ocrx_word' id='word_1_110' title='bbox 911 1288 1010 1355; x_wconf 87' lang='lat' dir='ltr'><strong>ut,</strong></span> <span class='ocrx_word' id='word_1_111' title='bbox 1052 1281 1105 1340; x_wconf 89' lang='lat' dir='ltr'><strong>si</strong></span> <span class='ocrx_word' id='word_1_112' title='bbox 1133 1294 1358 1340; x_wconf 86' lang='lat' dir='ltr'><strong>versus</strong></span> <span class='ocrx_word' id='word_1_113' title='bbox 1386 1280 1531 1340; x_wconf 89' lang='lat' dir='ltr'><strong>mihi</strong></span> <span class='ocrx_word' id='word_1_114' title='bbox 1555 1283 1864 1358; x_wconf 82' lang='lat' dir='ltr'><strong>nocuerit,</strong></span> <span class='ocrx_word' id='word_1_115' title='bbox 1892 1283 1977 1343; x_wconf 83' lang='lat' dir='ltr'><strong>ab</strong></span> <span class='ocrx_word' id='word_1_116' title='bbox 2008 1299 2116 1356; x_wconf 84' lang='lat' dir='ltr'><strong>ee,</strong></span> <span class='ocrx_word' id='word_1_117' title='bbox 2141 1299 2326 1359; x_wconf 87' lang='lat' dir='ltr'><strong>quem</strong></span> 
     </span>
     <span class='ocr_line' id='line_1_14' title="bbox 227 1358 2343 1441; baseline -0 -13.988"><span class='ocrx_word' id='word_1_118' title='bbox 227 1366 285 1430; x_wconf 83' lang='lat' dir='ltr'><strong>.‘s</strong></span> <span class='ocrx_word' id='word_1_119' title='bbox 328 1367 553 1426; x_wconf 78' lang='lat' dir='ltr'><strong>v‘ersus</strong></span> <span class='ocrx_word' id='word_1_120' title='bbox 593 1362 948 1435; x_wconf 81' lang='lat' dir='ltr'><strong>offenderit,</strong></span> <span class='ocrx_word' id='word_1_121' title='bbox 991 1358 1272 1423; x_wconf 88' lang='lat' dir='ltr'><strong>videatur</strong></span> <span class='ocrx_word' id='word_1_122' title='bbox 1311 1361 1456 1422; x_wconf 85' lang='lat' dir='ltr'><strong>mihi</strong></span> <span class='ocrx_word' id='word_1_123' title='bbox 1498 1363 1803 1438; x_wconf 80' lang='lat' dir='ltr'><strong>pernicies</strong></span> <span class='ocrx_word' id='word_1_124' title='bbox 1841 1381 1989 1426; x_wconf 88' lang='lat' dir='ltr'><strong>esse</strong></span> <span class='ocrx_word' id='word_1_125' title='bbox 2027 1365 2325 1441; x_wconf 83' lang='lat' dir='ltr'><strong>quaesita.</strong></span> <span class='ocrx_word' id='word_1_126' title='bbox 2337 1400 2343 1405; x_wconf 94' lang='lat'>-</span> 
     </span>
     <span class='ocr_line' id='line_1_15' title="bbox 231 1444 2328 1523; baseline -0.001 -11"><span class='ocrx_word' id='word_1_127' title='bbox 231 1448 335 1512; x_wconf 90' lang='grc'><strong>75.</strong></span> <span class='ocrx_word' id='word_1_128' title='bbox 362 1447 581 1510; x_wconf 81' lang='lat' dir='ltr'><strong>Omitto</strong></span> <span class='ocrx_word' id='word_1_129' title='bbox 604 1445 755 1507; x_wconf 88' lang='lat' dir='ltr'><strong>nihil</strong></span> <span class='ocrx_word' id='word_1_130' title='bbox 775 1444 960 1509; x_wconf 87' lang='lat' dir='ltr'><strong>istum</strong></span> <span class='ocrx_word' id='word_1_131' title='bbox 977 1460 1228 1507; x_wconf 83' lang='lat' dir='ltr'><strong>versum</strong></span> <span class='ocrx_word' id='word_1_132' title='bbox 1250 1445 1625 1523; x_wconf 85' lang='lat' dir='ltr'><strong>pertinuisse</strong></span> <span class='ocrx_word' id='word_1_133' title='bbox 1645 1447 1724 1508; x_wconf 91' lang='lat' dir='ltr'><strong>ad</strong></span> <span class='ocrx_word' id='word_1_134' title='bbox 1749 1446 1948 1508; x_wconf 83' lang='lat' dir='ltr'><strong>illum·</strong></span> <span class='ocrx_word' id='word_1_135' title='bbox 1981 1464 2106 1511; x_wconf 91' lang='lat' dir='ltr'><strong>non</strong></span> <span class='ocrx_word' id='word_1_136' title='bbox 2131 1447 2328 1510; x_wconf 82' lang='lat' dir='ltr'><strong>fuisse</strong></span> 
     </span>
     <span class='ocr_line' id='line_1_16' title="bbox 230 1530 2326 1608; baseline -0 -13"><span class='ocrx_word' id='word_1_137' title='bbox 230 1549 487 1606; x_wconf 77' lang='lat' dir='ltr'><strong>meum,</strong></span> <span class='ocrx_word' id='word_1_138' title='bbox 516 1547 699 1608; x_wconf 89' lang='lat' dir='ltr'><strong>quem</strong></span> <span class='ocrx_word' id='word_1_139' title='bbox 743 1538 1035 1607; x_wconf 89' lang='lat' dir='ltr'><strong>quantum</strong></span> <span class='ocrx_word' id='word_1_140' title='bbox 1075 1531 1421 1608; x_wconf 86' lang='lat' dir='ltr'><strong>potuissem</strong></span> <span class='ocrx_word' id='word_1_141' title='bbox 1463 1530 1670 1593; x_wconf 82' lang='lat' dir='ltr'><strong>multis</strong></span> <span class='ocrx_word' id='word_1_142' title='bbox 1708 1546 1903 1608; x_wconf 88' lang='lat' dir='ltr'><strong>saepe</strong></span> <span class='ocrx_word' id='word_1_143' title='bbox 1946 1531 2326 1594; x_wconf 88' lang='lat' dir='ltr'><strong>orationibus</strong></span> 
     </span>
     <span class='ocr_line' id='line_1_17' title="bbox 231 1614 2328 1692; baseline -0.001 -13"><span class='ocrx_word' id='word_1_144' title='bbox 231 1615 608 1692; x_wconf 86' lang='lat' dir='ltr'><strong>scriptisque</strong></span> <span class='ocrx_word' id='word_1_145' title='bbox 654 1617 1085 1690; x_wconf 60' lang='lat' dir='ltr'><strong>decorasserm</strong></span> <span class='ocrx_word' id='word_1_146' title='bbox 1129 1614 1295 1676; x_wconf 87' lang='lat' dir='ltr'><strong>hunc</strong></span> <span class='ocrx_word' id='word_1_147' title='bbox 1326 1632 1452 1677; x_wconf 92' lang='lat' dir='ltr'><strong>uno</strong></span> <span class='ocrx_word' id='word_1_148' title='bbox 1492 1614 1729 1677; x_wconf 87' lang='lat' dir='ltr'><strong>violare</strong></span> <span class='ocrx_word' id='word_1_149' title='bbox 1762 1632 1982 1678; x_wconf 65' lang='lat' dir='ltr'><strong>versu.</strong></span> <span class='ocrx_word' id='word_1_150' title='bbox 2071 1614 2200 1677; x_wconf 89' lang='lat' dir='ltr'><strong>Sed</strong></span> <span class='ocrx_word' id='word_1_151' title='bbox 2246 1615 2328 1677; x_wconf 91' lang='lat' dir='ltr'><strong>sit</strong></span> 
     </span>
     <span class='ocr_line' id='line_1_18' title="bbox 229 1699 2327 1775; baseline -0.001 -12"><span class='ocrx_word' id='word_1_152' title='bbox 229 1701 512 1764; x_wconf 83' lang='lat' dir='ltr'><strong>offensus</strong></span> <span class='ocrx_word' id='word_1_153' title='bbox 558 1699 813 1775; x_wconf 75' lang='lat' dir='ltr'><strong>primot·</strong></span> <span class='ocrx_word' id='word_1_154' title='bbox 844 1714 1054 1760; x_wconf 87' lang='lat' dir='ltr'><strong>nonne</strong></span> <span class='ocrx_word' id='word_1_155' title='bbox 1091 1699 1518 1772; x_wconf 82' lang='lat' dir='ltr'><strong>compensavit</strong></span> <span class='ocrx_word' id='word_1_156' title='bbox 1564 1715 1702 1761; x_wconf 90' lang='lat' dir='ltr'><strong>cum</strong></span> <span class='ocrx_word' id='word_1_157' title='bbox 1738 1718 1864 1763; x_wconf 90' lang='lat' dir='ltr'><strong>uno</strong></span> <span class='ocrx_word' id='word_1_158' title='bbox 1897 1699 2203 1762; x_wconf 85' lang='lat' dir='ltr'><strong>versiculo</strong></span> <span class='ocrx_word' id='word_1_159' title='bbox 2236 1708 2327 1762; x_wconf 90' lang='lat' dir='ltr'><strong>tot</strong></span> 
     </span>
     <span class='ocr_line' id='line_1_19' title="bbox 226 1782 2323 1860; baseline -0 -13"><span class='ocrx_word' id='word_1_160' title='bbox 226 1792 367 1847; x_wconf 81' lang='lat' dir='ltr'><strong>me&#39;a</strong></span> <span class='ocrx_word' id='word_1_161' title='bbox 407 1782 720 1846; x_wconf 88' lang='lat' dir='ltr'><strong>volumina</strong></span> <span class='ocrx_word' id='word_1_162' title='bbox 762 1783 1012 1844; x_wconf 89' lang='lat' dir='ltr'><strong>laudum</strong></span> <span class='ocrx_word' id='word_1_163' title='bbox 1053 1791 1354 1846; x_wconf 71' lang='lat' dir='ltr'><strong>suarum?</strong></span> <span class='ocrx_word' id='word_1_164' title='bbox 1391 1783 1569 1859; x_wconf 76' lang='lat' dir='ltr'><strong>Quod</strong></span> <span class='ocrx_word' id='word_1_165' title='bbox 1610 1783 1662 1845; x_wconf 91' lang='lat' dir='ltr'><strong>si</strong></span> <span class='ocrx_word' id='word_1_166' title='bbox 1696 1793 1793 1846; x_wconf 85' lang='lat' dir='ltr'><strong>est</strong></span> <span class='ocrx_word' id='word_1_167' title='bbox 1822 1793 2199 1860; x_wconf 86' lang='lat' dir='ltr'><strong>commotus,</strong></span> <span class='ocrx_word' id='word_1_168' title='bbox 2242 1782 2323 1846; x_wconf 91' lang='lat' dir='ltr'><strong>ad</strong></span> 
     </span>
     <span class='ocr_line' id='line_1_20' title="bbox 226 1866 2321 1947; baseline -0 -17"><span class='ocrx_word' id='word_1_169' title='bbox 226 1867 643 1947; x_wconf 84' lang='lat' dir='ltr'><strong>perniciemne</strong></span> <span class='ocrx_word' id='word_1_170' title='bbox 677 1884 802 1928; x_wconf 88' lang='lat' dir='ltr'><strong>non</strong></span> <span class='ocrx_word' id='word_1_171' title='bbox 838 1866 1039 1929; x_wconf 85' lang='lat' dir='ltr'><strong>dicam</strong></span> <span class='ocrx_word' id='word_1_172' title='bbox 1066 1866 1440 1942; x_wconf 83' lang='lat' dir='ltr'><strong>amicissimi,</strong></span> <span class='ocrx_word' id='word_1_173' title='bbox 1470 1885 1594 1929; x_wconf 89' lang='lat' dir='ltr'><strong>non</strong></span> <span class='ocrx_word' id='word_1_174' title='bbox 1629 1868 1713 1932; x_wconf 86' lang='lat' dir='ltr'><strong>ita</strong></span> <span class='ocrx_word' id='word_1_175' title='bbox 1740 1869 1959 1932; x_wconf 86' lang='lat' dir='ltr'><strong>desua</strong></span> <span class='ocrx_word' id='word_1_176' title='bbox 1980 1870 2164 1930; x_wconf 87' lang='lat' dir='ltr'><strong>laude</strong></span> <span class='ocrx_word' id='word_1_177' title='bbox 2194 1885 2321 1930; x_wconf 90' lang='lat' dir='ltr'><strong>me·</strong></span> 
     </span>
     <span class='ocr_line' id='line_1_21' title="bbox 226 1951 2322 2029; baseline -0 -15"><span class='ocrx_word' id='word_1_178' title='bbox 226 1953 345 2029; x_wconf 84' lang='lat' dir='ltr'><strong>riti,</strong></span> <span class='ocrx_word' id='word_1_179' title='bbox 381 1953 612 2016; x_wconf 87' lang='lat' dir='ltr'><strong>nonita</strong></span> <span class='ocrx_word' id='word_1_180' title='bbox 642 1954 721 2014; x_wconf 93' lang='lat' dir='ltr'><strong>de</strong></span> <span class='ocrx_word' id='word_1_181' title='bbox 742 1969 811 2014; x_wconf 90' lang='lat' dir='ltr'><strong>re</strong></span> <span class='ocrx_word' id='word_1_182' title='bbox 834 1951 1109 2029; x_wconf 86' lang='lat' dir='ltr'><strong>publica,</strong></span> <span class='ocrx_word' id='word_1_183' title='bbox 1130 1967 1255 2013; x_wconf 90' lang='lat' dir='ltr'><strong>non</strong></span> <span class='ocrx_word' id='word_1_184' title='bbox 1288 1951 1655 2028; x_wconf 87' lang='lat' dir='ltr'><strong>consularis,</strong></span> <span class='ocrx_word' id='word_1_185' title='bbox 1685 1970 1806 2015; x_wconf 88' lang='lat' dir='ltr'><strong>non</strong></span> <span class='ocrx_word' id='word_1_186' title='bbox 1833 1953 2160 2029; x_wconf 79' lang='lat' dir='ltr'><strong>senatoriS,</strong></span> <span class='ocrx_word' id='word_1_187' title='bbox 2195 1970 2322 2017; x_wconf 89' lang='lat' dir='ltr'><strong>uon</strong></span> 
     </span>
     <span class='ocr_line' id='line_1_22' title="bbox 228 2035 2323 2115; baseline -0.001 -16"><span class='ocrx_word' id='word_1_188' title='bbox 228 2037 415 2112; x_wconf 89' lang='lat' dir='ltr'><strong>civis,</strong></span> <span class='ocrx_word' id='word_1_189' title='bbox 458 2053 582 2099; x_wconf 87' lang='lat' dir='ltr'><strong>non</strong></span> <span class='ocrx_word' id='word_1_190' title='bbox 614 2036 819 2098; x_wconf 72' lang='lat' dir='ltr'><strong>liberiz</strong></span> <span class='ocrx_word' id='word_1_191' title='bbox 858 2036 922 2096; x_wconf 81' lang='grc' dir='ltr'><strong>ίιι</strong></span> <span class='ocrx_word' id='word_1_192' title='bbox 964 2035 1232 2097; x_wconf 86' lang='lat' dir='ltr'><strong>hominis</strong></span> <span class='ocrx_word' id='word_1_193' title='bbox 1275 2045 1461 2114; x_wconf 90' lang='lat' dir='ltr'><strong>caput</strong></span> <span class='ocrx_word' id='word_1_194' title='bbox 1489 2036 1591 2099; x_wconf 90' lang='lat' dir='ltr'><strong>ille</strong></span> <span class='ocrx_word' id='word_1_195' title='bbox 1619 2046 1739 2099; x_wconf 89' lang='lat' dir='ltr'><strong>tam</strong></span> <span class='ocrx_word' id='word_1_196' title='bbox 1772 2040 2048 2100; x_wconf 76' lang='lat' dir='ltr'><strong>crudelis?</strong></span> <span class='ocrx_word' id='word_1_197' title='bbox 2068 2049 2323 2115; x_wconf 85' lang='lat' dir='ltr'><strong>propter</strong></span> 
     </span>
     <span class='ocr_line' id='line_1_23' title="bbox 225 2119 2323 2198; baseline 0 -17"><span class='ocrx_word' id='word_1_198' title='bbox 225 2137 478 2183; x_wconf 85' lang='lat' dir='ltr'><strong>versum</strong></span> <span class='ocrx_word' id='word_1_199' title='bbox 508 2120 772 2182; x_wconf 64' lang='lat' dir='ltr'><strong>fuisset?</strong></span> <span class='ocrx_word' id='word_1_200' title='bbox 807 2119 1017 2180; x_wconf 90' lang='lat' dir='ltr'><strong>XXXI.</strong></span> <span class='ocrx_word' id='word_1_201' title='bbox 1047 2120 1138 2182; x_wconf 85' lang='lat' dir='ltr'><strong>Tu</strong></span> <span class='ocrx_word' id='word_1_202' title='bbox 1167 2121 1334 2197; x_wconf 91' lang='lat' dir='ltr'><strong>quid,</strong></span> <span class='ocrx_word' id='word_1_203' title='bbox 1364 2129 1427 2183; x_wconf 85' lang='lat' dir='ltr'><strong>tu</strong></span> <span class='ocrx_word' id='word_1_204' title='bbox 1455 2120 1626 2197; x_wconf 87' lang='lat' dir='ltr'><strong>apud</strong></span> <span class='ocrx_word' id='word_1_205' title='bbox 1655 2138 1832 2198; x_wconf 88' lang='lat' dir='ltr'><strong>quos,</strong></span> <span class='ocrx_word' id='word_1_206' title='bbox 1864 2131 1931 2185; x_wconf 88' lang='lat' dir='ltr'><strong>tu</strong></span> <span class='ocrx_word' id='word_1_207' title='bbox 1967 2124 2056 2184; x_wconf 80' lang='lat' dir='ltr'><strong>de&#39;</strong></span> <span class='ocrx_word' id='word_1_208' title='bbox 2078 2139 2202 2197; x_wconf 91' lang='lat' dir='ltr'><strong>quo</strong></span> <span class='ocrx_word' id='word_1_209' title='bbox 2233 2121 2323 2182; x_wconf 91' lang='lat' dir='ltr'><strong>di-</strong></span> 
     </span>
     <span class='ocr_line' id='line_1_24' title="bbox 226 2203 2324 2282; baseline -0 -15"><span class='ocrx_word' id='word_1_210' title='bbox 226 2223 339 2267; x_wconf 84' lang='lat' dir='ltr'><strong>cas</strong></span> <span class='ocrx_word' id='word_1_211' title='bbox 366 2203 701 2281; x_wconf 70' lang='lat' dir='ltr'><strong>intelligis?</strong></span> <span class='ocrx_word' id='word_1_212' title='bbox 744 2203 1078 2280; x_wconf 82' lang='lat' dir='ltr'><strong>complecti</strong></span> <span class='ocrx_word' id='word_1_213' title='bbox 1122 2204 1216 2266; x_wconf 91' lang='lat' dir='ltr'><strong>vis</strong></span> <span class='ocrx_word' id='word_1_214' title='bbox 1262 2203 1681 2282; x_wconf 86' lang='lat' dir='ltr'><strong>amplissimos</strong></span> <span class='ocrx_word' id='word_1_215' title='bbox 1725 2207 1892 2269; x_wconf 82' lang='lat' dir='ltr'><strong>viros</strong></span> <span class='ocrx_word' id='word_1_216' title='bbox 1938 2205 2016 2266; x_wconf 87' lang='lat' dir='ltr'><strong>ad</strong></span> <span class='ocrx_word' id='word_1_217' title='bbox 2062 2216 2232 2270; x_wconf 89' lang='lat' dir='ltr'><strong>tuum</strong></span> <span class='ocrx_word' id='word_1_218' title='bbox 2261 2212 2324 2267; x_wconf 83' lang='lat' dir='ltr'><strong>et</strong></span> 
     </span>
     <span class='ocr_line' id='line_1_25' title="bbox 228 2287 2318 2365; baseline -0 -14"><span class='ocrx_word' id='word_1_219' title='bbox 228 2288 471 2352; x_wconf 88' lang='lat' dir='ltr'><strong>Gabinii</strong></span> <span class='ocrx_word' id='word_1_220' title='bbox 497 2290 723 2362; x_wconf 85' lang='lat' dir='ltr'><strong>scelus,</strong></span> <span class='ocrx_word' id='word_1_221' title='bbox 756 2304 961 2364; x_wconf 88' lang='lat' dir='ltr'><strong>neque</strong></span> <span class='ocrx_word' id='word_1_222' title='bbox 993 2287 1058 2348; x_wconf 90' lang='lat' dir='ltr'><strong>id</strong></span> <span class='ocrx_word' id='word_1_223' title='bbox 1088 2290 1347 2352; x_wconf 87' lang='lat' dir='ltr'><strong>occulte.</strong></span> <span class='ocrx_word' id='word_1_224' title='bbox 1389 2289 1538 2350; x_wconf 89' lang='lat' dir='ltr'><strong>Nam</strong></span> <span class='ocrx_word' id='word_1_225' title='bbox 1569 2291 1777 2365; x_wconf 90' lang='lat' dir='ltr'><strong>paullo</strong></span> <span class='ocrx_word' id='word_1_226' title='bbox 1810 2299 1953 2352; x_wconf 82' lang='lat' dir='ltr'><strong>ante</strong></span> <span class='ocrx_word' id='word_1_227' title='bbox 1985 2288 2195 2351; x_wconf 85' lang='lat' dir='ltr'><strong>dixisti</strong></span> <span class='ocrx_word' id='word_1_228' title='bbox 2219 2305 2318 2350; x_wconf 89' lang='lat' dir='ltr'><strong>me</strong></span> 
     </span>
     <span class='ocr_line' id='line_1_26' title="bbox 228 2371 2320 2450; baseline -0.001 -15"><span class='ocrx_word' id='word_1_229' title='bbox 228 2391 366 2435; x_wconf 91' lang='lat' dir='ltr'><strong>cum</strong></span> <span class='ocrx_word' id='word_1_230' title='bbox 400 2373 478 2435; x_wconf 90' lang='lat' dir='ltr'><strong>iis</strong></span> <span class='ocrx_word' id='word_1_231' title='bbox 511 2371 848 2448; x_wconf 84' lang='lat' dir='ltr'><strong>confligere</strong></span> <span class='ocrx_word' id='word_1_232' title='bbox 865 2382 889 2447; x_wconf 70' lang='lat'><strong>,&#39;</strong></span> <span class='ocrx_word' id='word_1_233' title='bbox 913 2390 1075 2449; x_wconf 86' lang='lat' dir='ltr'><strong>quos</strong></span> <span class='ocrx_word' id='word_1_234' title='bbox 1104 2373 1525 2448; x_wconf 74' lang='lat' dir='ltr'><strong>despIceremz</strong></span> <span class='ocrx_word' id='word_1_235' title='bbox 1557 2390 1680 2435; x_wconf 89' lang='lat' dir='ltr'><strong>nou</strong></span> <span class='ocrx_word' id='word_1_236' title='bbox 1709 2373 2007 2450; x_wconf 77' lang='lat' dir='ltr'><strong>attingere</strong></span> <span class='ocrx_word' id='word_1_237' title='bbox 2036 2391 2181 2447; x_wconf 85' lang='grc'><strong>303,</strong></span> <span class='ocrx_word' id='word_1_238' title='bbox 2215 2373 2320 2448; x_wconf 89' lang='lat' dir='ltr'><strong>qui</strong></span> 
     </span>
     <span class='ocr_line' id='line_1_27' title="bbox 225 2456 2324 2535; baseline -0.001 -17"><span class='ocrx_word' id='word_1_239' title='bbox 225 2459 370 2535; x_wconf 92' lang='lat' dir='ltr'><strong>plus</strong></span> <span class='ocrx_word' id='word_1_240' title='bbox 392 2465 670 2535; x_wconf 82' lang='lat' dir='ltr'><strong>possent,</strong></span> <span class='ocrx_word' id='word_1_241' title='bbox 704 2456 928 2534; x_wconf 90' lang='lat' dir='ltr'><strong>quibus</strong></span> <span class='ocrx_word' id='word_1_242' title='bbox 958 2456 1150 2519; x_wconf 85' lang='lat' dir='ltr'><strong>iratus</strong></span> <span class='ocrx_word' id='word_1_243' title='bbox 1172 2474 1319 2519; x_wconf 90' lang='lat' dir='ltr'><strong>esse</strong></span> <span class='ocrx_word' id='word_1_244' title='bbox 1341 2458 1650 2520; x_wconf 89' lang='lat' dir='ltr'><strong>deberem.</strong></span> <span class='ocrx_word' id='word_1_245' title='bbox 1690 2457 1959 2533; x_wconf 82' lang='lat' dir='ltr'><strong>Quorum</strong></span> <span class='ocrx_word' id='word_1_246' title='bbox 1976 2458 2324 2534; x_wconf 89' lang='lat' dir='ltr'><strong>quidem-</strong></span> 
     </span>
     <span class='ocr_line' id='line_1_28' title="bbox 227 2540 2321 2618; baseline -0.002 -15"><span class='ocrx_word' id='word_1_247' title='bbox 227 2543 371 2618; x_wconf 85' lang='lat' dir='ltr'><strong>quis</strong></span> <span class='ocrx_word' id='word_1_248' title='bbox 417 2542 579 2604; x_wconf 89' lang='lat' dir='ltr'><strong>enim</strong></span> <span class='ocrx_word' id='word_1_249' title='bbox 639 2556 761 2603; x_wconf 89' lang='lat' dir='ltr'><strong>non</strong></span> <span class='ocrx_word' id='word_1_250' title='bbox 802 2540 1083 2617; x_wconf 79' lang='lat' dir='ltr'><strong>intelligit</strong></span> <span class='ocrx_word' id='word_1_251' title='bbox 1126 2555 1291 2615; x_wconf 89' lang='lat' dir='ltr'><strong>quos</strong></span> <span class='ocrx_word' id='word_1_252' title='bbox 1351 2541 1524 2602; x_wconf 83' lang='lat' dir='ltr'><strong>dicas</strong></span> <span class='ocrx_word' id='word_1_253' title='bbox 1548 2548 1579 2601; x_wconf 64' lang='grc' dir='ltr'><strong>ι</strong></span> <span class='ocrx_word' id='word_1_254' title='bbox 1632 2572 1711 2588; x_wconf 90' lang='lat'>-</span> <span class='ocrx_word' id='word_1_255' title='bbox 1767 2557 2142 2618; x_wconf 81' lang='lat' dir='ltr'><strong>quamquam</strong></span> <span class='ocrx_word' id='word_1_256' title='bbox 2197 2555 2321 2600; x_wconf 91' lang='lat' dir='ltr'><strong>non</strong></span> 
     </span>
     <span class='ocr_line' id='line_1_29' title="bbox 224 2623 2326 2700; baseline -0.002 -13"><span class='ocrx_word' id='word_1_257' title='bbox 224 2636 329 2688; x_wconf 84' lang='lat' dir='ltr'><strong>est</strong></span> <span class='ocrx_word' id='word_1_258' title='bbox 369 2642 560 2689; x_wconf 86' lang='lat' dir='ltr'><strong>causa</strong></span> <span class='ocrx_word' id='word_1_259' title='bbox 602 2642 726 2688; x_wconf 89' lang='lat' dir='ltr'><strong>una</strong></span> <span class='ocrx_word' id='word_1_260' title='bbox 772 2625 1070 2699; x_wconf 88' lang='lat' dir='ltr'><strong>omnium,</strong></span> <span class='ocrx_word' id='word_1_261' title='bbox 1122 2633 1325 2686; x_wconf 86' lang='lat' dir='ltr'><strong>tamen</strong></span> <span class='ocrx_word' id='word_1_262' title='bbox 1378 2633 1475 2686; x_wconf 90' lang='lat' dir='ltr'><strong>est</strong></span> <span class='ocrx_word' id='word_1_263' title='bbox 1529 2624 1798 2686; x_wconf 83' lang='lat' dir='ltr'><strong>omnium</strong></span> <span class='ocrx_word' id='word_1_264' title='bbox 1854 2623 2001 2685; x_wconf 86' lang='lat' dir='ltr'><strong>mihi</strong></span> <span class='ocrx_word' id='word_1_265' title='bbox 2042 2623 2326 2700; x_wconf 88' lang='lat' dir='ltr'><strong>probata</strong></span> 
     </span>
    </p>

    <p class='ocr_par' dir='ltr' id='par_1_4' title="bbox 227 2706 2322 2787">
     <span class='ocr_line' id='line_1_30' title="bbox 227 2706 2322 2787; baseline -0.004 -12"><span class='ocrx_word' id='word_1_266' title='bbox 227 2710 334 2775; x_wconf 83' lang='lat'><strong>76.</strong></span> <span class='ocrx_word' id='word_1_267' title='bbox 355 2712 463 2772; x_wconf 91' lang='grc' dir='ltr'><strong>Μ3</strong></span> <span class='ocrx_word' id='word_1_268' title='bbox 489 2710 595 2772; x_wconf 81' lang='lat' dir='ltr'><strong>Gn.</strong></span> <span class='ocrx_word' id='word_1_269' title='bbox 632 2710 964 2787; x_wconf 86' lang='lat' dir='ltr'><strong>Pompeius</strong></span> <span class='ocrx_word' id='word_1_270' title='bbox 1006 2708 1215 2771; x_wconf 88' lang='lat' dir='ltr'><strong>multis</strong></span> <span class='ocrx_word' id='word_1_271' title='bbox 1257 2706 1701 2769; x_wconf 77' lang='lat' dir='ltr'><strong>obsistentibus</strong></span> <span class='ocrx_word' id='word_1_272' title='bbox 1731 2708 1866 2768; x_wconf 84' lang='lat' dir='ltr'><strong>eius</strong></span> <span class='ocrx_word' id='word_1_273' title='bbox 1892 2722 2039 2781; x_wconf 79' lang='lat' dir='ltr'><strong>erga</strong></span> <span class='ocrx_word' id='word_1_274' title='bbox 2067 2722 2165 2766; x_wconf 92' lang='lat' dir='ltr'><strong>me</strong></span> <span class='ocrx_word' id='word_1_275' title='bbox 2196 2714 2322 2767; x_wconf 78' lang='lat' dir='ltr'><strong>sm·</strong></span> 
     </span>
    </p>

    <p class='ocr_par' dir='ltr' id='par_1_5' title="bbox 227 2788 2322 2873">
     <span class='ocr_line' id='line_1_31' title="bbox 227 2788 2322 2873; baseline -0.002 -17"><span class='ocrx_word' id='word_1_276' title='bbox 227 2794 337 2856; x_wconf 91' lang='lat' dir='ltr'><strong>dio</strong></span> <span class='ocrx_word' id='word_1_277' title='bbox 369 2803 554 2873; x_wconf 81' lang='lat' dir='ltr'><strong>atque</strong></span> <span class='ocrx_word' id='word_1_278' title='bbox 581 2794 775 2857; x_wconf 85' lang='lat' dir='ltr'><strong>amori</strong></span> <span class='ocrx_word' id='word_1_279' title='bbox 805 2810 1054 2871; x_wconf 89' lang='lat' dir='ltr'><strong>semper</strong></span> <span class='ocrx_word' id='word_1_280' title='bbox 1082 2792 1314 2867; x_wconf 85' lang='lat' dir='ltr'><strong>dilexit,</strong></span> <span class='ocrx_word' id='word_1_281' title='bbox 1348 2807 1596 2868; x_wconf 85' lang='lat' dir='ltr'><strong>semper</strong></span> <span class='ocrx_word' id='word_1_282' title='bbox 1624 2806 1738 2853; x_wconf 88' lang='lat' dir='ltr'><strong>sua</strong></span> <span class='ocrx_word' id='word_1_283' title='bbox 1769 2788 2198 2854; x_wconf 78' lang='lat' dir='ltr'><strong>coniunctione</strong></span> <span class='ocrx_word' id='word_1_284' title='bbox 2230 2788 2322 2851; x_wconf 91' lang='lat' dir='ltr'><strong>di·</strong></span> 
     </span>
    </p>

    <p class='ocr_par' dir='ltr' id='par_1_6' title="bbox 226 2872 2321 3044">
     <span class='ocr_line' id='line_1_32' title="bbox 226 2872 2321 2977; baseline -0.001 -38"><span class='ocrx_word' id='word_1_285' title='bbox 226 2878 589 2955; x_wconf 87' lang='lat' dir='ltr'><strong>gnissimum</strong></span> <span class='ocrx_word' id='word_1_286' title='bbox 619 2878 933 2954; x_wconf 79' lang='lat' dir='ltr'><strong>iudicavit,</strong></span> <span class='ocrx_word' id='word_1_287' title='bbox 964 2894 1212 2977; x_wconf 81' lang='lat' dir='ltr'><strong>semper</strong></span> <span class='ocrx_word' id='word_1_288' title='bbox 1231 2893 1358 2938; x_wconf 91' lang='lat' dir='ltr'><strong>non</strong></span> <span class='ocrx_word' id='word_1_289' title='bbox 1381 2877 1567 2937; x_wconf 88' lang='lat' dir='ltr'><strong>modo</strong></span> <span class='ocrx_word' id='word_1_290' title='bbox 1590 2874 1975 2951; x_wconf 89' lang='lat' dir='ltr'><strong>incolumem,</strong></span> <span class='ocrx_word' id='word_1_291' title='bbox 2002 2875 2117 2938; x_wconf 92' lang='lat' dir='ltr'><strong>sed</strong></span> <span class='ocrx_word' id='word_1_292' title='bbox 2139 2872 2321 2938; x_wconf 87' lang='lat' dir='ltr'><strong>etiam</strong></span> 
     </span>
     <span class='ocr_line' id='line_1_33' title="bbox 226 2960 2321 3044; baseline -0.002 -19"><span class='ocrx_word' id='word_1_293' title='bbox 226 2963 674 3040; x_wconf 87' lang='lat' dir='ltr'><strong>amplissimum</strong></span> <span class='ocrx_word' id='word_1_294' title='bbox 707 2973 894 3044; x_wconf 83' lang='lat' dir='ltr'><strong>atque</strong></span> <span class='ocrx_word' id='word_1_295' title='bbox 923 2962 1376 3034; x_wconf 83' lang='lat' dir='ltr'><strong>ornatissimum</strong></span> <span class='ocrx_word' id='word_1_296' title='bbox 1411 2960 1608 3024; x_wconf 84' lang='lat' dir='ltr'><strong>voluit</strong></span> <span class='ocrx_word' id='word_1_297' title='bbox 1630 2978 1794 3023; x_wconf 91' lang='grc'><strong>3333.</strong></span> <span class='ocrx_word' id='word_1_298' title='bbox 1867 2962 2130 3024; x_wconf 86' lang='lat' dir='ltr'><strong>Vestrae</strong></span> <span class='ocrx_word' id='word_1_299' title='bbox 2161 2962 2321 3022; x_wconf 87' lang='lat' dir='ltr'><strong>frau-</strong></span> 
     </span>
    </p>

    <p class='ocr_par' dir='ltr' id='par_1_7' title="bbox 226 3045 2318 3123">
     <span class='ocr_line' id='line_1_34' title="bbox 226 3045 2318 3123; baseline -0.003 -14"><span class='ocrx_word' id='word_1_300' title='bbox 226 3048 363 3123; x_wconf 91' lang='lat' dir='ltr'><strong>des,</strong></span> <span class='ocrx_word' id='word_1_301' title='bbox 394 3045 2006 3121; x_wconf 71' lang='lat' dir='ltr'><strong>vestrumscelus,vostraecr1m1nauones1ns1d1arum</strong></span> <span class='ocrx_word' id='word_1_302' title='bbox 2027 3060 2318 3115; x_wconf 87' lang='lat' dir='ltr'><strong>mearum,</strong></span> 
     </span>
    </p>

    <p class='ocr_par' dir='ltr' id='par_1_8' title="bbox 228 3125 2320 3211">
     <span class='ocr_line' id='line_1_35' title="bbox 228 3125 2320 3211; baseline -0.003 -18"><span class='ocrx_word' id='word_1_303' title='bbox 228 3131 393 3195; x_wconf 85' lang='lat' dir='ltr'><strong>illius</strong></span> <span class='ocrx_word' id='word_1_304' title='bbox 424 3133 853 3211; x_wconf 84' lang='lat' dir='ltr'><strong>periculorum,</strong></span> <span class='ocrx_word' id='word_1_305' title='bbox 883 3132 1117 3195; x_wconf 78' lang='lat' dir='ltr'><strong>nefarie</strong></span> <span class='ocrx_word' id='word_1_306' title='bbox 1146 3132 1355 3205; x_wconf 85' lang='lat' dir='ltr'><strong>fictae,</strong></span> <span class='ocrx_word' id='word_1_307' title='bbox 1390 3129 1571 3195; x_wconf 89' lang='lat' dir='ltr'><strong>simul</strong></span> <span class='ocrx_word' id='word_1_308' title='bbox 1599 3147 1843 3203; x_wconf 92' lang='lat' dir='ltr'><strong>eorum,</strong></span> <span class='ocrx_word' id='word_1_309' title='bbox 1877 3128 1983 3208; x_wconf 90' lang='lat' dir='ltr'><strong>qui</strong></span> <span class='ocrx_word' id='word_1_310' title='bbox 2014 3125 2320 3191; x_wconf 84' lang='lat' dir='ltr'><strong>familiari·</strong></span> 
     </span>
    </p>

    <p class='ocr_par' dir='ltr' id='par_1_9' title="bbox 225 3211 2323 3379">
     <span class='ocr_line' id='line_1_36' title="bbox 225 3211 2323 3294; baseline -0.005 -15"><span class='ocrx_word' id='word_1_311' title='bbox 225 3216 370 3279; x_wconf 87' lang='lat' dir='ltr'><strong>tatis</strong></span> <span class='ocrx_word' id='word_1_312' title='bbox 395 3218 640 3281; x_wconf 83' lang='lat' dir='ltr'><strong>licentia</strong></span> <span class='ocrx_word' id='word_1_313' title='bbox 663 3234 914 3281; x_wconf 87' lang='lat' dir='ltr'><strong>suorum</strong></span> <span class='ocrx_word' id='word_1_314' title='bbox 937 3214 1536 3294; x_wconf 86' lang='lat' dir='ltr'><strong>improbissimorum</strong></span> <span class='ocrx_word' id='word_1_315' title='bbox 1559 3232 1913 3279; x_wconf 85' lang='lat' dir='ltr'><strong>sermonum</strong></span> <span class='ocrx_word' id='word_1_316' title='bbox 1947 3211 2323 3276; x_wconf 86' lang='lat' dir='ltr'><strong>domicilium</strong></span> 
     </span>
     <span class='ocr_line' id='line_1_37' title="bbox 228 3292 2319 3379; baseline -0.003 -17"><span class='ocrx_word' id='word_1_317' title='bbox 228 3300 293 3362; x_wconf 91' lang='lat' dir='ltr'><strong>in</strong></span> <span class='ocrx_word' id='word_1_318' title='bbox 342 3302 597 3366; x_wconf 85' lang='lat' dir='ltr'><strong>auribus</strong></span> <span class='ocrx_word' id='word_1_319' title='bbox 638 3304 775 3372; x_wconf 78' lang='lat' dir='ltr'><strong>elus</strong></span> <span class='ocrx_word' id='word_1_320' title='bbox 817 3301 1088 3379; x_wconf 90' lang='lat' dir='ltr'><strong>impulsu</strong></span> <span class='ocrx_word' id='word_1_321' title='bbox 1129 3307 1341 3362; x_wconf 85' lang='lat' dir='ltr'><strong>vestro</strong></span> <span class='ocrx_word' id='word_1_322' title='bbox 1373 3300 1750 3363; x_wconf 74' lang='lat' dir='ltr'><strong>collocarunt</strong></span> <span class='ocrx_word' id='word_1_323' title='bbox 1782 3300 2051 3379; x_wconf 88' lang='lat' dir='ltr'><strong>[vestrae</strong></span> <span class='ocrx_word' id='word_1_324' title='bbox 2082 3292 2319 3369; x_wconf 87' lang='lat' dir='ltr'><strong>cupidi·</strong></span> 
     </span>
    </p>

    <p class='ocr_par' dir='ltr' id='par_1_10' title="bbox 227 3382 2321 3550">
     <span class='ocr_line' id='line_1_38' title="bbox 227 3382 2321 3482; baseline -0.007 -34"><span class='ocrx_word' id='word_1_325' title='bbox 227 3393 391 3449; x_wconf 83' lang='lat' dir='ltr'><strong>tates</strong></span> <span class='ocrx_word' id='word_1_326' title='bbox 414 3387 869 3465; x_wconf 80' lang='lat' dir='ltr'><strong>provinciarum</strong></span> <span class='ocrx_word' id='word_1_327' title='bbox 893 3387 1275 3482; x_wconf 64' lang='lat' dir='ltr'><strong>effecerunq,</strong></span> <span class='ocrx_word' id='word_1_328' title='bbox 1305 3393 1374 3446; x_wconf 86' lang='lat' dir='ltr'><strong>ut</strong></span> <span class='ocrx_word' id='word_1_329' title='bbox 1393 3400 1511 3460; x_wconf 84' lang='lat' dir='ltr'><strong>ego</strong></span> <span class='ocrx_word' id='word_1_330' title='bbox 1542 3383 1928 3456; x_wconf 87' lang='lat' dir='ltr'><strong>excluderer,</strong></span> <span class='ocrx_word' id='word_1_331' title='bbox 1960 3382 2321 3448; x_wconf 81' lang='lat' dir='ltr'><strong>omnesque,</strong></span> 
     </span>
     <span class='ocr_line' id='line_1_39' title="bbox 231 3465 2315 3550; baseline -0.007 -18"><span class='ocrx_word' id='word_1_332' title='bbox 231 3469 341 3547; x_wconf 85' lang='lat' dir='ltr'><strong>qui</strong></span> <span class='ocrx_word' id='word_1_333' title='bbox 368 3489 485 3549; x_wconf 90' lang='lat' dir='ltr'><strong>me,</strong></span> <span class='ocrx_word' id='word_1_334' title='bbox 518 3472 622 3550; x_wconf 89' lang='lat' dir='ltr'><strong>qui</strong></span> <span class='ocrx_word' id='word_1_335' title='bbox 658 3473 819 3534; x_wconf 89' lang='lat' dir='ltr'><strong>illius</strong></span> <span class='ocrx_word' id='word_1_336' title='bbox 850 3471 1124 3549; x_wconf 83' lang='lat' dir='ltr'><strong>gloriam,</strong></span> <span class='ocrx_word' id='word_1_337' title='bbox 1157 3468 1264 3547; x_wconf 89' lang='lat' dir='ltr'><strong>qui</strong></span> <span class='ocrx_word' id='word_1_338' title='bbox 1286 3484 1412 3530; x_wconf 89' lang='lat' dir='ltr'><strong>rem</strong></span> <span class='ocrx_word' id='word_1_339' title='bbox 1447 3467 1754 3543; x_wconf 85' lang='lat' dir='ltr'><strong>publicam</strong></span> <span class='ocrx_word' id='word_1_340' title='bbox 1777 3465 2011 3524; x_wconf 85' lang='lat' dir='ltr'><strong>salvam</strong></span> <span class='ocrx_word' id='word_1_341' title='bbox 2041 3472 2183 3518; x_wconf 86' lang='lat' dir='ltr'><strong>esse</strong></span> <span class='ocrx_word' id='word_1_342' title='bbox 2216 3469 2315 3512; x_wconf 82' lang='lat' dir='ltr'><strong>cu</strong></span> 
     </span>
    </p>
   </div>
  </div>
 </body>
</html>
