<?xml version="1.0" encoding="UTF-8"?>
<!DOCTYPE html PUBLIC "-//W3C//DTD XHTML 1.0 Transitional//EN"
    "http://www.w3.org/TR/xhtml1/DTD/xhtml1-transitional.dtd">
<html xmlns="http://www.w3.org/1999/xhtml" xml:lang="en" lang="en">
 <head>
  <title>
</title>
<meta http-equiv="Content-Type" content="text/html;charset=utf-8" />
  <meta name='ocr-system' content='tesseract 3.04.00' />
  <meta name='ocr-capabilities' content='ocr_page ocr_carea ocr_par ocr_line ocrx_word'/>
</head>
<body>
  <div class='ocr_page' id='page_1' title='image "./scriptaquaemans02cicegoog_0334.png"; bbox 0 0 2514 3928; ppageno 0'>
   <div class='ocr_carea' id='block_1_1' title="bbox 283 285 2353 383">
    <p class='ocr_par' dir='ltr' id='par_1_1' title="bbox 283 285 2353 383">
     <span class='ocr_line' id='line_1_1' title="bbox 283 285 2353 383; baseline -0.006 -29"><span class='ocrx_word' id='word_1_1' title='bbox 283 291 411 356; x_wconf 73' lang='lat'><strong>274</strong></span> <span class='ocrx_word' id='word_1_2' title='bbox 853 286 1002 348; x_wconf 87' lang='lat' dir='ltr'><strong>PRO</strong></span> <span class='ocrx_word' id='word_1_3' title='bbox 1063 285 1130 360; x_wconf 82' lang='lat' dir='ltr'><strong>Q.</strong></span> <span class='ocrx_word' id='word_1_4' title='bbox 1161 286 1479 349; x_wconf 85' lang='lat' dir='ltr'>LIGARIO</span> <span class='ocrx_word' id='word_1_5' title='bbox 1517 285 1822 383; x_wconf 79' lang='lat' dir='ltr'><strong>ORATIO.</strong></span> <span class='ocrx_word' id='word_1_6' title='bbox 2282 300 2353 352; x_wconf 77' lang='lat'><strong>50</strong></span> 
     </span>
    </p>
   </div>
   <div class='ocr_carea' id='block_1_2' title="bbox 273 435 2366 2172">
    <p class='ocr_par' dir='ltr' id='par_1_2' title="bbox 282 435 2352 601">
     <span class='ocr_line' id='line_1_2' title="bbox 282 435 2352 514; baseline 0 -10"><span class='ocrx_word' id='word_1_7' title='bbox 282 445 416 504; x_wconf 87' lang='lat' dir='ltr'><strong>bias</strong></span> <span class='ocrx_word' id='word_1_8' title='bbox 453 449 513 503; x_wconf 90' lang='lat' dir='ltr'><strong>et</strong></span> <span class='ocrx_word' id='word_1_9' title='bbox 545 439 893 512; x_wconf 79' lang='lat' dir='ltr'><strong>custodias,</strong></span> <span class='ocrx_word' id='word_1_10' title='bbox 937 438 1051 500; x_wconf 86' lang='lat' dir='ltr'><strong>sed</strong></span> <span class='ocrx_word' id='word_1_11' title='bbox 1080 435 1260 499; x_wconf 86' lang='lat' dir='ltr'><strong>etiam</strong></span> <span class='ocrx_word' id='word_1_12' title='bbox 1284 439 1536 498; x_wconf 87' lang='lat' dir='ltr'><strong>laterum</strong></span> <span class='ocrx_word' id='word_1_13' title='bbox 1568 447 1917 500; x_wconf 82' lang='lat' dir='ltr'><strong>nostrorum</strong></span> <span class='ocrx_word' id='word_1_14' title='bbox 1947 439 2265 514; x_wconf 84' lang='lat' dir='ltr'><strong>oppositus</strong></span> <span class='ocrx_word' id='word_1_15' title='bbox 2292 451 2352 505; x_wconf 87' lang='lat' dir='ltr'><strong>et</strong></span> 
     </span>
     <span class='ocr_line' id='line_1_3' title="bbox 284 521 1020 601; baseline -0.01 -13"><span class='ocrx_word' id='word_1_16' title='bbox 284 541 607 601; x_wconf 87' lang='lat' dir='ltr'><strong>corporum</strong></span> <span class='ocrx_word' id='word_1_17' title='bbox 645 521 1020 599; x_wconf 78' lang='lat' dir='ltr'><strong>pollicemur.</strong></span> 
     </span>
    </p>

    <p class='ocr_par' dir='ltr' id='par_1_3' title="bbox 273 602 2366 2172">
     <span class='ocr_line' id='line_1_4' title="bbox 409 602 2350 681; baseline 0.001 -13"><span class='ocrx_word' id='word_1_18' title='bbox 409 609 511 668; x_wconf 87' lang='lat' dir='ltr'><strong>XI.</strong></span> <span class='ocrx_word' id='word_1_19' title='bbox 540 606 641 670; x_wconf 82' lang='lat'><strong>33.</strong></span> <span class='ocrx_word' id='word_1_20' title='bbox 669 606 793 667; x_wconf 85' lang='lat' dir='ltr'><strong>Sed</strong></span> <span class='ocrx_word' id='word_1_21' title='bbox 824 605 1079 678; x_wconf 53' lang='lat' dir='ltr'><strong>uuunde</strong></span> <span class='ocrx_word' id='word_1_22' title='bbox 1107 612 1204 666; x_wconf 89' lang='lat' dir='ltr'><strong>est</strong></span> <span class='ocrx_word' id='word_1_23' title='bbox 1231 620 1394 679; x_wconf 88' lang='lat' dir='ltr'><strong>orsa,</strong></span> <span class='ocrx_word' id='word_1_24' title='bbox 1416 602 1477 664; x_wconf 92' lang='lat' dir='ltr'><strong>in</strong></span> <span class='ocrx_word' id='word_1_25' title='bbox 1509 605 1729 666; x_wconf 89' lang='lat' dir='ltr'><strong>eodem</strong></span> <span class='ocrx_word' id='word_1_26' title='bbox 1755 604 2107 667; x_wconf 82' lang='lat' dir='ltr'><strong>terminetur</strong></span> <span class='ocrx_word' id='word_1_27' title='bbox 2140 608 2350 681; x_wconf 81' lang='lat' dir='ltr'><strong>oratio,</strong></span> 
     </span>
     <span class='ocr_line' id='line_1_5' title="bbox 282 686 2352 765; baseline -0.001 -12"><span class='ocrx_word' id='word_1_28' title='bbox 282 691 578 753; x_wconf 86' lang='lat' dir='ltr'><strong>maximas</strong></span> <span class='ocrx_word' id='word_1_29' title='bbox 599 689 708 752; x_wconf 90' lang='lat' dir='ltr'><strong>tibi</strong></span> <span class='ocrx_word' id='word_1_30' title='bbox 736 706 951 751; x_wconf 87' lang='lat' dir='ltr'><strong>omnes</strong></span> <span class='ocrx_word' id='word_1_31' title='bbox 980 687 1207 765; x_wconf 75' lang='lat' dir='ltr'>gratias</span> <span class='ocrx_word' id='word_1_32' title='bbox 1229 686 1490 764; x_wconf 72' lang='lat' dir='ltr'><strong>agimuS,</strong></span> <span class='ocrx_word' id='word_1_33' title='bbox 1519 687 1582 748; x_wconf 83' lang='lat' dir='ltr'><strong>C.</strong></span> <span class='ocrx_word' id='word_1_34' title='bbox 1612 687 1854 762; x_wconf 88' lang='lat' dir='ltr'><strong>Caesar,</strong></span> <span class='ocrx_word' id='word_1_35' title='bbox 1891 688 2153 751; x_wconf 90' lang='lat' dir='ltr'><strong>maiores</strong></span> <span class='ocrx_word' id='word_1_36' title='bbox 2177 691 2352 752; x_wconf 88' lang='lat' dir='ltr'><strong>etiam</strong></span> 
     </span>
     <span class='ocr_line' id='line_1_6' title="bbox 282 771 2353 849; baseline -0.001 -11"><span class='ocrx_word' id='word_1_37' title='bbox 282 777 596 838; x_wconf 87' lang='lat' dir='ltr'><strong>habemus.</strong></span> <span class='ocrx_word' id='word_1_38' title='bbox 669 774 819 835; x_wconf 86' lang='lat' dir='ltr'><strong>Nam</strong></span> <span class='ocrx_word' id='word_1_39' title='bbox 851 789 1065 834; x_wconf 87' lang='lat' dir='ltr'><strong>omnes</strong></span> <span class='ocrx_word' id='word_1_40' title='bbox 1096 773 1257 833; x_wconf 87' lang='lat' dir='ltr'><strong>idem</strong></span> <span class='ocrx_word' id='word_1_41' title='bbox 1288 772 1574 844; x_wconf 84' lang='lat' dir='ltr'><strong>sentiunt,</strong></span> <span class='ocrx_word' id='word_1_42' title='bbox 1612 771 1780 846; x_wconf 86' lang='lat' dir='ltr'><strong>quod</strong></span> <span class='ocrx_word' id='word_1_43' title='bbox 1809 789 1887 833; x_wconf 89' lang='lat' dir='ltr'><strong>ex</strong></span> <span class='ocrx_word' id='word_1_44' title='bbox 1916 771 2185 835; x_wconf 88' lang='lat' dir='ltr'><strong>omnium</strong></span> <span class='ocrx_word' id='word_1_45' title='bbox 2219 792 2353 849; x_wconf 87' lang='lat' dir='ltr'><strong>pre·</strong></span> 
     </span>
     <span class='ocr_line' id='line_1_7' title="bbox 281 853 2352 930; baseline -0.001 -8"><span class='ocrx_word' id='word_1_46' title='bbox 281 860 455 923; x_wconf 83' lang='lat' dir='ltr'><strong>cibus</strong></span> <span class='ocrx_word' id='word_1_47' title='bbox 496 868 558 921; x_wconf 80' lang='lat' dir='ltr'><strong>et</strong></span> <span class='ocrx_word' id='word_1_48' title='bbox 583 856 848 919; x_wconf 80' lang='lat' dir='ltr'><strong>lacrimis</strong></span> <span class='ocrx_word' id='word_1_49' title='bbox 879 856 1104 918; x_wconf 80' lang='lat' dir='ltr'><strong>sentire</strong></span> <span class='ocrx_word' id='word_1_50' title='bbox 1138 853 1418 930; x_wconf 78' lang='lat' dir='ltr'><strong>potuisti:</strong></span> <span class='ocrx_word' id='word_1_51' title='bbox 1464 854 1577 916; x_wconf 86' lang='lat' dir='ltr'><strong>sed</strong></span> <span class='ocrx_word' id='word_1_52' title='bbox 1618 855 1762 930; x_wconf 87' lang='lat' dir='ltr'><strong>quia</strong></span> <span class='ocrx_word' id='word_1_53' title='bbox 1794 873 1915 916; x_wconf 92' lang='lat' dir='ltr'><strong>non</strong></span> <span class='ocrx_word' id='word_1_54' title='bbox 1949 866 2045 918; x_wconf 86' lang='lat' dir='ltr'><strong>est</strong></span> <span class='ocrx_word' id='word_1_55' title='bbox 2073 857 2352 919; x_wconf 89' lang='lat' dir='ltr'><strong>omnibus</strong></span> 
     </span>
     <span class='ocr_line' id='line_1_8' title="bbox 281 937 2352 1012; baseline -0.002 -6"><span class='ocrx_word' id='word_1_56' title='bbox 281 944 583 1006; x_wconf 76' lang='lat' dir='ltr'><strong>stantibus</strong></span> <span class='ocrx_word' id='word_1_57' title='bbox 610 957 872 1002; x_wconf 88' lang='lat' dir='ltr'><strong>necesse</strong></span> <span class='ocrx_word' id='word_1_58' title='bbox 905 939 1131 1012; x_wconf 79' lang='lat' dir='ltr'><strong>dicere,</strong></span> <span class='ocrx_word' id='word_1_59' title='bbox 1160 955 1198 998; x_wconf 89' lang='lat' dir='ltr'><strong>a</strong></span> <span class='ocrx_word' id='word_1_60' title='bbox 1229 954 1326 998; x_wconf 89' lang='lat' dir='ltr'><strong>me</strong></span> <span class='ocrx_word' id='word_1_61' title='bbox 1356 945 1521 999; x_wconf 89' lang='lat' dir='ltr'><strong>certe</strong></span> <span class='ocrx_word' id='word_1_62' title='bbox 1553 937 1676 998; x_wconf 88' lang='lat' dir='ltr'><strong>dici</strong></span> <span class='ocrx_word' id='word_1_63' title='bbox 1708 939 1937 1012; x_wconf 86' lang='lat' dir='ltr'><strong>volunt,</strong></span> <span class='ocrx_word' id='word_1_64' title='bbox 1966 941 2064 1001; x_wconf 88' lang='lat' dir='ltr'><strong>cui</strong></span> <span class='ocrx_word' id='word_1_65' title='bbox 2094 957 2352 1002; x_wconf 88' lang='lat' dir='ltr'><strong>necesse</strong></span> 
     </span>
     <span class='ocr_line' id='line_1_9' title="bbox 282 1021 2351 1103; baseline -0.002 -13"><span class='ocrx_word' id='word_1_66' title='bbox 282 1035 376 1090; x_wconf 88' lang='lat' dir='ltr'><strong>est</strong></span> <span class='ocrx_word' id='word_1_67' title='bbox 403 1027 672 1103; x_wconf 90' lang='lat' dir='ltr'><strong>quodam</strong></span> <span class='ocrx_word' id='word_1_68' title='bbox 700 1025 904 1096; x_wconf 92' lang='lat' dir='ltr'><strong>modo,</strong></span> <span class='ocrx_word' id='word_1_69' title='bbox 939 1032 1000 1085; x_wconf 90' lang='lat' dir='ltr'><strong>et</strong></span> <span class='ocrx_word' id='word_1_70' title='bbox 1031 1022 1197 1099; x_wconf 92' lang='lat' dir='ltr'><strong>quod</strong></span> <span class='ocrx_word' id='word_1_71' title='bbox 1236 1021 1371 1082; x_wconf 85' lang='lat' dir='ltr'><strong>fieri</strong></span> <span class='ocrx_word' id='word_1_72' title='bbox 1407 1022 1586 1083; x_wconf 88' lang='lat' dir='ltr'><strong>decet</strong></span> <span class='ocrx_word' id='word_1_73' title='bbox 1613 1022 1698 1082; x_wconf 89' lang='grc' dir='ltr'><strong>Μ.</strong></span> <span class='ocrx_word' id='word_1_74' title='bbox 1726 1022 2018 1085; x_wconf 86' lang='lat' dir='ltr'><strong>Marcello</strong></span> <span class='ocrx_word' id='word_1_75' title='bbox 2042 1041 2084 1086; x_wconf 82' lang='lat' dir='ltr'><strong>a</strong></span> <span class='ocrx_word' id='word_1_76' title='bbox 2124 1033 2183 1085; x_wconf 91' lang='lat' dir='ltr'><strong>te</strong></span> <span class='ocrx_word' id='word_1_77' title='bbox 2212 1024 2351 1085; x_wconf 83' lang='lat' dir='ltr'><strong>huie</strong></span> 
     </span>
     <span class='ocr_line' id='line_1_10' title="bbox 282 1103 2349 1184; baseline -0.001 -13"><span class='ocrx_word' id='word_1_78' title='bbox 282 1109 476 1172; x_wconf 87' lang='lat' dir='ltr'><strong>ordini</strong></span> <span class='ocrx_word' id='word_1_79' title='bbox 511 1108 867 1184; x_wconf 81' lang='lat' dir='ltr'><strong>populoque</strong></span> <span class='ocrx_word' id='word_1_80' title='bbox 895 1108 1174 1168; x_wconf 89' lang='lat' dir='ltr'><strong>Romano</strong></span> <span class='ocrx_word' id='word_1_81' title='bbox 1204 1113 1266 1166; x_wconf 89' lang='lat' dir='ltr'><strong>et</strong></span> <span class='ocrx_word' id='word_1_82' title='bbox 1297 1103 1690 1181; x_wconf 86' lang='lat' dir='ltr'><strong>reipublicae</strong></span> <span class='ocrx_word' id='word_1_83' title='bbox 1714 1105 1975 1178; x_wconf 88' lang='lat' dir='ltr'><strong>reddito,</strong></span> <span class='ocrx_word' id='word_1_84' title='bbox 2007 1106 2141 1168; x_wconf 89' lang='lat' dir='ltr'><strong>fieri</strong></span> <span class='ocrx_word' id='word_1_85' title='bbox 2168 1107 2232 1167; x_wconf 90' lang='lat' dir='ltr'><strong>id</strong></span> <span class='ocrx_word' id='word_1_86' title='bbox 2261 1106 2349 1168; x_wconf 87' lang='lat' dir='ltr'><strong>in·</strong></span> 
     </span>
     <span class='ocr_line' id='line_1_11' title="bbox 282 1188 2346 1269; baseline -0.001 -15"><span class='ocrx_word' id='word_1_87' title='bbox 282 1193 506 1269; x_wconf 79' lang='lat' dir='ltr'><strong>telligo.</strong></span> <span class='ocrx_word' id='word_1_88' title='bbox 566 1191 717 1251; x_wconf 87' lang='lat' dir='ltr'><strong>Nam</strong></span> <span class='ocrx_word' id='word_1_89' title='bbox 745 1188 956 1251; x_wconf 85' lang='lat' dir='ltr'><strong>laetari</strong></span> <span class='ocrx_word' id='word_1_90' title='bbox 987 1206 1200 1251; x_wconf 91' lang='lat' dir='ltr'><strong>omnes</strong></span> <span class='ocrx_word' id='word_1_91' title='bbox 1231 1204 1354 1249; x_wconf 92' lang='lat' dir='ltr'><strong>non</strong></span> <span class='ocrx_word' id='word_1_92' title='bbox 1385 1190 1463 1250; x_wconf 88' lang='lat' dir='ltr'><strong>de</strong></span> <span class='ocrx_word' id='word_1_93' title='bbox 1488 1188 1667 1250; x_wconf 88' lang='lat' dir='ltr'><strong>unius</strong></span> <span class='ocrx_word' id='word_1_94' title='bbox 1695 1191 1912 1263; x_wconf 89' lang='lat' dir='ltr'><strong>solum,</strong></span> <span class='ocrx_word' id='word_1_95' title='bbox 1941 1191 2053 1252; x_wconf 91' lang='lat' dir='ltr'><strong>sed</strong></span> <span class='ocrx_word' id='word_1_96' title='bbox 2079 1192 2157 1252; x_wconf 91' lang='lat' dir='ltr'><strong>de</strong></span> <span class='ocrx_word' id='word_1_97' title='bbox 2187 1207 2346 1253; x_wconf 87' lang='lat' dir='ltr'><strong>com·</strong></span> 
     </span>
     <span class='ocr_line' id='line_1_12' title="bbox 279 1270 2351 1347; baseline -0 -11"><span class='ocrx_word' id='word_1_98' title='bbox 279 1274 446 1340; x_wconf 89' lang='lat' dir='ltr'><strong>muni</strong></span> <span class='ocrx_word' id='word_1_99' title='bbox 474 1275 740 1337; x_wconf 87' lang='lat' dir='ltr'><strong>omnium</strong></span> <span class='ocrx_word' id='word_1_100' title='bbox 772 1276 967 1336; x_wconf 82' lang='lat' dir='ltr'><strong>salute</strong></span> <span class='ocrx_word' id='word_1_101' title='bbox 996 1272 1215 1336; x_wconf 88' lang='lat' dir='ltr'><strong>sentio.</strong></span> <span class='ocrx_word' id='word_1_102' title='bbox 1290 1270 1392 1334; x_wconf 85' lang='lat'><strong>34.</strong></span> <span class='ocrx_word' id='word_1_103' title='bbox 1431 1272 1606 1347; x_wconf 82' lang='lat' dir='ltr'><strong>Quod</strong></span> <span class='ocrx_word' id='word_1_104' title='bbox 1635 1281 1834 1334; x_wconf 88' lang='lat' dir='ltr'><strong>autem</strong></span> <span class='ocrx_word' id='word_1_105' title='bbox 1865 1288 2138 1336; x_wconf 88' lang='lat' dir='ltr'><strong>summae</strong></span> <span class='ocrx_word' id='word_1_106' title='bbox 2166 1275 2351 1335; x_wconf 90' lang='lat' dir='ltr'><strong>bene-</strong></span> 
     </span>
     <span class='ocr_line' id='line_1_13' title="bbox 281 1354 2348 1435; baseline -0 -16"><span class='ocrx_word' id='word_1_107' title='bbox 281 1360 585 1422; x_wconf 87' lang='lat' dir='ltr'><strong>volentiae</strong></span> <span class='ocrx_word' id='word_1_108' title='bbox 612 1367 727 1434; x_wconf 88' lang='lat' dir='ltr'><strong>est,</strong></span> <span class='ocrx_word' id='word_1_109' title='bbox 760 1373 920 1434; x_wconf 88' lang='lat' dir='ltr'><strong>quae</strong></span> <span class='ocrx_word' id='word_1_110' title='bbox 941 1372 1080 1419; x_wconf 89' lang='lat' dir='ltr'><strong>mea</strong></span> <span class='ocrx_word' id='word_1_111' title='bbox 1106 1372 1251 1432; x_wconf 79' lang='lat' dir='ltr'><strong>erga</strong></span> <span class='ocrx_word' id='word_1_112' title='bbox 1280 1354 1445 1420; x_wconf 90' lang='lat' dir='ltr'><strong>illum</strong></span> <span class='ocrx_word' id='word_1_113' title='bbox 1470 1356 1753 1418; x_wconf 89' lang='lat' dir='ltr'><strong>omnibus</strong></span> <span class='ocrx_word' id='word_1_114' title='bbox 1783 1375 2030 1435; x_wconf 86' lang='lat' dir='ltr'><strong>semper</strong></span> <span class='ocrx_word' id='word_1_115' title='bbox 2058 1366 2201 1420; x_wconf 87' lang='lat' dir='ltr'><strong>nota</strong></span> <span class='ocrx_word' id='word_1_116' title='bbox 2223 1359 2348 1431; x_wconf 77' lang='lat' dir='ltr'><strong>rull,</strong></span> 
     </span>
     <span class='ocr_line' id='line_1_14' title="bbox 278 1439 2350 1518; baseline -0.002 -12"><span class='ocrx_word' id='word_1_117' title='bbox 278 1454 345 1506; x_wconf 84' lang='lat' dir='ltr'><strong>ut</strong></span> <span class='ocrx_word' id='word_1_118' title='bbox 375 1442 478 1504; x_wconf 88' lang='lat' dir='ltr'><strong>vix</strong></span> <span class='ocrx_word' id='word_1_119' title='bbox 510 1443 574 1504; x_wconf 82' lang='lat' dir='ltr'><strong>C.</strong></span> <span class='ocrx_word' id='word_1_120' title='bbox 601 1443 909 1516; x_wconf 88' lang='lat' dir='ltr'><strong>Marcello,</strong></span> <span class='ocrx_word' id='word_1_121' title='bbox 941 1440 1171 1518; x_wconf 89' lang='lat' dir='ltr'><strong>optimo</strong></span> <span class='ocrx_word' id='word_1_122' title='bbox 1201 1449 1262 1501; x_wconf 89' lang='lat' dir='ltr'><strong>et</strong></span> <span class='ocrx_word' id='word_1_123' title='bbox 1282 1439 1698 1503; x_wconf 87' lang='lat' dir='ltr'><strong>amantissimo</strong></span> <span class='ocrx_word' id='word_1_124' title='bbox 1725 1441 1910 1517; x_wconf 82' lang='lat' dir='ltr'><strong>fratri,</strong></span> <span class='ocrx_word' id='word_1_125' title='bbox 1941 1451 2182 1517; x_wconf 87' lang='lat' dir='ltr'><strong>praeter</strong></span> <span class='ocrx_word' id='word_1_126' title='bbox 2211 1458 2350 1502; x_wconf 75' lang='lat' dir='ltr'><strong>eum</strong></span> 
     </span>
     <span class='ocr_line' id='line_1_15' title="bbox 283 1523 2351 1605; baseline -0.001 -16"><span class='ocrx_word' id='word_1_127' title='bbox 283 1527 529 1605; x_wconf 86' lang='lat' dir='ltr'><strong>quidem</strong></span> <span class='ocrx_word' id='word_1_128' title='bbox 558 1528 841 1588; x_wconf 79' lang='lat' dir='ltr'><strong>cederem</strong></span> <span class='ocrx_word' id='word_1_129' title='bbox 871 1524 1126 1599; x_wconf 87' lang='lat' dir='ltr'><strong>nemini,</strong></span> <span class='ocrx_word' id='word_1_130' title='bbox 1159 1541 1352 1600; x_wconf 79' lang='lat' dir='ltr'><strong>quum</strong></span> <span class='ocrx_word' id='word_1_131' title='bbox 1382 1523 1446 1584; x_wconf 92' lang='lat' dir='ltr'><strong>id</strong></span> <span class='ocrx_word' id='word_1_132' title='bbox 1477 1523 1914 1598; x_wconf 87' lang='lat' dir='ltr'><strong>sollicitudine,</strong></span> <span class='ocrx_word' id='word_1_133' title='bbox 1946 1542 2109 1599; x_wconf 88' lang='lat' dir='ltr'><strong>cura,</strong></span> <span class='ocrx_word' id='word_1_134' title='bbox 2141 1526 2351 1586; x_wconf 84' lang='lat' dir='ltr'><strong>labore</strong></span> 
     </span>
     <span class='ocr_line' id='line_1_16' title="bbox 282 1606 2350 1686; baseline -0.002 -13"><span class='ocrx_word' id='word_1_135' title='bbox 282 1621 401 1674; x_wconf 86' lang='lat' dir='ltr'><strong>tam</strong></span> <span class='ocrx_word' id='word_1_136' title='bbox 432 1609 537 1672; x_wconf 87' lang='lat' dir='ltr'><strong>diu</strong></span> <span class='ocrx_word' id='word_1_137' title='bbox 566 1608 991 1686; x_wconf 77' lang='lat' dir='ltr'><strong>praestiterim,</strong></span> <span class='ocrx_word' id='word_1_138' title='bbox 1022 1625 1205 1684; x_wconf 89' lang='lat' dir='ltr'><strong>quam</strong></span> <span class='ocrx_word' id='word_1_139' title='bbox 1235 1606 1341 1669; x_wconf 88' lang='lat' dir='ltr'><strong>diu</strong></span> <span class='ocrx_word' id='word_1_140' title='bbox 1371 1614 1467 1668; x_wconf 90' lang='lat' dir='ltr'><strong>est</strong></span> <span class='ocrx_word' id='word_1_141' title='bbox 1494 1608 1572 1669; x_wconf 91' lang='lat' dir='ltr'><strong>dc</strong></span> <span class='ocrx_word' id='word_1_142' title='bbox 1594 1607 1754 1670; x_wconf 88' lang='lat' dir='ltr'><strong>illius</strong></span> <span class='ocrx_word' id='word_1_143' title='bbox 1777 1611 1971 1671; x_wconf 87' lang='lat' dir='ltr'><strong>salute</strong></span> <span class='ocrx_word' id='word_1_144' title='bbox 1994 1607 2350 1684; x_wconf 86' lang='lat' dir='ltr'><strong>dubitatum,</strong></span> 
     </span>
     <span class='ocr_line' id='line_1_17' title="bbox 281 1690 2352 1769; baseline -0.002 -13"><span class='ocrx_word' id='word_1_145' title='bbox 281 1703 446 1757; x_wconf 82' lang='lat' dir='ltr'><strong>certe</strong></span> <span class='ocrx_word' id='word_1_146' title='bbox 475 1695 595 1755; x_wconf 91' lang='lat' dir='ltr'><strong>hoc</strong></span> <span class='ocrx_word' id='word_1_147' title='bbox 626 1702 902 1769; x_wconf 85' lang='lat' dir='ltr'><strong>tempore</strong></span> <span class='ocrx_word' id='word_1_148' title='bbox 930 1690 1167 1768; x_wconf 81' lang='lat' dir='ltr'><strong>magnis</strong></span> <span class='ocrx_word' id='word_1_149' title='bbox 1200 1690 1396 1766; x_wconf 87' lang='lat' dir='ltr'><strong>curis,</strong></span> <span class='ocrx_word' id='word_1_150' title='bbox 1440 1691 1756 1766; x_wconf 84' lang='lat' dir='ltr'><strong>molestiis,</strong></span> <span class='ocrx_word' id='word_1_151' title='bbox 1786 1691 2103 1754; x_wconf 88' lang='lat' dir='ltr'><strong>doloribus</strong></span> <span class='ocrx_word' id='word_1_152' title='bbox 2134 1693 2352 1754; x_wconf 88' lang='lat' dir='ltr'><strong>libera-</strong></span> 
     </span>
     <span class='ocr_line' id='line_1_18' title="bbox 282 1774 2354 1854; baseline -0.001 -14"><span class='ocrx_word' id='word_1_153' title='bbox 282 1789 377 1840; x_wconf 88' lang='lat' dir='ltr'><strong>tus</strong></span> <span class='ocrx_word' id='word_1_154' title='bbox 408 1785 722 1854; x_wconf 84' lang='lat' dir='ltr'><strong>praestare</strong></span> <span class='ocrx_word' id='word_1_155' title='bbox 752 1776 972 1836; x_wconf 90' lang='lat' dir='ltr'><strong>debeo.</strong></span> <span class='ocrx_word' id='word_1_156' title='bbox 1059 1775 1290 1850; x_wconf 86' lang='lat' dir='ltr'><strong>Itaque,</strong></span> <span class='ocrx_word' id='word_1_157' title='bbox 1335 1774 1397 1835; x_wconf 89' lang='lat' dir='ltr'><strong>C.</strong></span> <span class='ocrx_word' id='word_1_158' title='bbox 1423 1774 1664 1847; x_wconf 87' lang='lat' dir='ltr'><strong>Caesar,</strong></span> <span class='ocrx_word' id='word_1_159' title='bbox 1700 1775 1790 1836; x_wconf 90' lang='lat' dir='ltr'><strong>sic</strong></span> <span class='ocrx_word' id='word_1_160' title='bbox 1821 1774 1922 1838; x_wconf 91' lang='lat' dir='ltr'><strong>tibi</strong></span> <span class='ocrx_word' id='word_1_161' title='bbox 1952 1777 2177 1852; x_wconf 84' lang='lat' dir='ltr'><strong>gratias</strong></span> <span class='ocrx_word' id='word_1_162' title='bbox 2209 1792 2354 1852; x_wconf 79' lang='lat' dir='ltr'><strong>ago,</strong></span> 
     </span>
     <span class='ocr_line' id='line_1_19' title="bbox 283 1858 2354 1932; baseline -0.001 -9"><span class='ocrx_word' id='word_1_163' title='bbox 283 1870 347 1923; x_wconf 92' lang='lat' dir='ltr'><strong>ut</strong></span> <span class='ocrx_word' id='word_1_164' title='bbox 375 1859 656 1921; x_wconf 83' lang='lat' dir='ltr'><strong>omnibus</strong></span> <span class='ocrx_word' id='word_1_165' title='bbox 686 1874 784 1919; x_wconf 87' lang='lat' dir='ltr'><strong>me</strong></span> <span class='ocrx_word' id='word_1_166' title='bbox 823 1858 1009 1919; x_wconf 89' lang='lat' dir='ltr'><strong>rebus</strong></span> <span class='ocrx_word' id='word_1_167' title='bbox 1052 1874 1091 1918; x_wconf 90' lang='lat' dir='ltr'><strong>a</strong></span> <span class='ocrx_word' id='word_1_168' title='bbox 1118 1865 1177 1919; x_wconf 84' lang='lat' dir='ltr'><strong>te</strong></span> <span class='ocrx_word' id='word_1_169' title='bbox 1206 1872 1332 1919; x_wconf 90' lang='lat' dir='ltr'><strong>non</strong></span> <span class='ocrx_word' id='word_1_170' title='bbox 1369 1866 1733 1921; x_wconf 85' lang='lat' dir='ltr'><strong>conservato</strong></span> <span class='ocrx_word' id='word_1_171' title='bbox 1758 1861 1992 1932; x_wconf 68' lang='lat' dir='ltr'><strong>solum,</strong></span> <span class='ocrx_word' id='word_1_172' title='bbox 2029 1860 2141 1921; x_wconf 90' lang='lat' dir='ltr'><strong>scd</strong></span> <span class='ocrx_word' id='word_1_173' title='bbox 2169 1859 2354 1921; x_wconf 89' lang='lat' dir='ltr'><strong>etiam</strong></span> 
     </span>
     <span class='ocr_line' id='line_1_20' title="bbox 281 1940 2357 2020; baseline -0.001 -14"><span class='ocrx_word' id='word_1_174' title='bbox 281 1951 513 2018; x_wconf 85' lang='lat' dir='ltr'><strong>ornato,</strong></span> <span class='ocrx_word' id='word_1_175' title='bbox 546 1951 744 2005; x_wconf 87' lang='lat' dir='ltr'><strong>tamen</strong></span> <span class='ocrx_word' id='word_1_176' title='bbox 774 1942 851 2003; x_wconf 88' lang='lat' dir='ltr'><strong>ad</strong></span> <span class='ocrx_word' id='word_1_177' title='bbox 877 1949 980 2004; x_wconf 86' lang='lat' dir='ltr'><strong>tua</strong></span> <span class='ocrx_word' id='word_1_178' title='bbox 1007 1940 1068 2003; x_wconf 88' lang='lat' dir='ltr'><strong>in</strong></span> <span class='ocrx_word' id='word_1_179' title='bbox 1092 1958 1190 2004; x_wconf 90' lang='lat' dir='ltr'><strong>me</strong></span> <span class='ocrx_word' id='word_1_180' title='bbox 1223 1958 1410 2005; x_wconf 90' lang='lat' dir='ltr'><strong>unum</strong></span> <span class='ocrx_word' id='word_1_181' title='bbox 1436 1940 1894 2005; x_wconf 83' lang='lat' dir='ltr'><strong>innumerabilia</strong></span> <span class='ocrx_word' id='word_1_182' title='bbox 1921 1942 2151 2020; x_wconf 81' lang='lat' dir='ltr'><strong>merita,</strong></span> <span class='ocrx_word' id='word_1_183' title='bbox 2182 1942 2357 2020; x_wconf 90' lang='lat' dir='ltr'><strong>quod</strong></span> 
     </span>
     <span class='ocr_line' id='line_1_21' title="bbox 273 2025 2366 2103; baseline -0.001 -14"><span class='ocrx_word' id='word_1_184' title='bbox 273 2026 411 2089; x_wconf 87' lang='lat' dir='ltr'><strong>fieri</strong></span> <span class='ocrx_word' id='word_1_185' title='bbox 443 2026 560 2092; x_wconf 79' lang='lat' dir='ltr'><strong>iam</strong></span> <span class='ocrx_word' id='word_1_186' title='bbox 594 2042 788 2103; x_wconf 87' lang='lat' dir='ltr'><strong>posse</strong></span> <span class='ocrx_word' id='word_1_187' title='bbox 817 2042 938 2088; x_wconf 90' lang='lat' dir='ltr'><strong>non</strong></span> <span class='ocrx_word' id='word_1_188' title='bbox 969 2025 1322 2100; x_wconf 87' lang='lat' dir='ltr'><strong>arbitrabar,</strong></span> <span class='ocrx_word' id='word_1_189' title='bbox 1351 2025 1652 2088; x_wconf 88' lang='lat' dir='ltr'><strong>maximus</strong></span> <span class='ocrx_word' id='word_1_190' title='bbox 1683 2028 1800 2090; x_wconf 88' lang='lat' dir='ltr'><strong>hoc</strong></span> <span class='ocrx_word' id='word_1_191' title='bbox 1831 2035 1935 2089; x_wconf 89' lang='lat' dir='ltr'><strong>tuo</strong></span> <span class='ocrx_word' id='word_1_192' title='bbox 1958 2029 2117 2090; x_wconf 80' lang='lat' dir='ltr'><strong>facto</strong></span> <span class='ocrx_word' id='word_1_193' title='bbox 2142 2044 2366 2090; x_wconf 89' lang='lat' dir='ltr'><strong>cumu-</strong></span> 
     </span>
     <span class='ocr_line' id='line_1_22' title="bbox 277 2107 759 2172; baseline -0.002 -1"><span class='ocrx_word' id='word_1_194' title='bbox 277 2114 375 2172; x_wconf 86' lang='lat' dir='ltr'><strong>lus</strong></span> <span class='ocrx_word' id='word_1_195' title='bbox 406 2107 759 2172; x_wconf 82' lang='lat' dir='ltr'><strong>accesserit.</strong></span> 
     </span>
    </p>
   </div>
   <div class='ocr_carea' id='block_1_3' title="bbox 1117 2308 1499 2319">
    <p class='ocr_par' dir='ltr' id='par_1_4' title="bbox 1117 2308 1499 2319">
     <span class='ocr_line' id='line_1_23' title="bbox 1117 2308 1499 2319; baseline 0 1609"><span class='ocrx_word' id='word_1_196' title='bbox 1117 2308 1499 2319; x_wconf 95' lang='lat' dir='ltr'><strong> </strong></span> 
     </span>
    </p>
   </div>
   <div class='ocr_carea' id='block_1_4' title="bbox 661 2423 1917 2673">
    <p class='ocr_par' dir='ltr' id='par_1_5' title="bbox 661 2423 1917 2673">
     <span class='ocr_line' id='line_1_24' title="bbox 866 2423 1761 2507; baseline 0.001 -1"><span class='ocrx_word' id='word_1_197' title='bbox 866 2425 951 2506; x_wconf 84' lang='grc' dir='ltr'><strong>Μ.</strong></span> <span class='ocrx_word' id='word_1_198' title='bbox 1013 2423 1283 2507; x_wconf 65' lang='lat' dir='ltr'><strong>&#39;runnu</strong></span> <span class='ocrx_word' id='word_1_199' title='bbox 1337 2424 1761 2507; x_wconf 74' lang='lat' dir='ltr'><strong>clcssssoms</strong></span> 
     </span>
     <span class='ocr_line' id='line_1_25' title="bbox 661 2564 1917 2673; baseline -0.002 -9"><span class='ocrx_word' id='word_1_200' title='bbox 661 2564 860 2664; x_wconf 75' lang='lat' dir='ltr'><strong>PRO</strong></span> <span class='ocrx_word' id='word_1_201' title='bbox 924 2567 1016 2673; x_wconf 75' lang='lat' dir='ltr'><strong>ll·</strong></span> <span class='ocrx_word' id='word_1_202' title='bbox 1074 2567 1465 2665; x_wconf 78' lang='lat' dir='ltr'><strong>LlGARlo</strong></span> <span class='ocrx_word' id='word_1_203' title='bbox 1528 2568 1917 2663; x_wconf 74' lang='grc' dir='ltr'><strong>θΒΑΤΙθ.</strong></span> 
     </span>
    </p>
   </div>
   <div class='ocr_carea' id='block_1_5' title="bbox 1176 2747 1514 2758">
    <p class='ocr_par' dir='ltr' id='par_1_6' title="bbox 1176 2747 1514 2758">
     <span class='ocr_line' id='line_1_26' title="bbox 1176 2747 1514 2758; baseline 0 1170"><span class='ocrx_word' id='word_1_204' title='bbox 1176 2747 1514 2758; x_wconf 95' lang='lat' dir='ltr'><strong> </strong></span> 
     </span>
    </p>
   </div>
   <div class='ocr_carea' id='block_1_6' title="bbox 973 2870 1646 2948">
    <p class='ocr_par' dir='ltr' id='par_1_7' title="bbox 973 2870 1646 2948">
     <span class='ocr_line' id='line_1_27' title="bbox 973 2870 1646 2948; baseline 0 -17"><span class='ocrx_word' id='word_1_205' title='bbox 973 2870 1646 2948; x_wconf 73' lang='lat' dir='ltr'><strong>ARGUMENTUM.</strong></span> 
     </span>
    </p>
   </div>
   <div class='ocr_carea' id='block_1_7' title="bbox 269 2995 2368 3616">
    <p class='ocr_par' dir='ltr' id='par_1_8' title="bbox 269 2995 2368 3616">
     <span class='ocr_line' id='line_1_28' title="bbox 413 2995 2359 3065; baseline -0.001 -15"><span class='ocrx_word' id='word_1_206' title='bbox 413 2997 474 3057; x_wconf 86' lang='lat' dir='ltr'><strong>Q.</strong></span> <span class='ocrx_word' id='word_1_207' title='bbox 509 2998 749 3065; x_wconf 69' lang='lat' dir='ltr'><strong>Ligarius</strong></span> <span class='ocrx_word' id='word_1_208' title='bbox 784 3004 930 3059; x_wconf 80' lang='lat' dir='ltr'><strong>ante,</strong></span> <span class='ocrx_word' id='word_1_209' title='bbox 983 3012 1135 3061; x_wconf 85' lang='lat' dir='ltr'><strong>quam</strong></span> <span class='ocrx_word' id='word_1_210' title='bbox 1180 2996 1390 3047; x_wconf 77' lang='lat' dir='ltr'><strong>bellum·</strong></span> <span class='ocrx_word' id='word_1_211' title='bbox 1413 2997 1564 3048; x_wconf 86' lang='lat' dir='ltr'><strong>civile</strong></span> <span class='ocrx_word' id='word_1_212' title='bbox 1592 2998 1722 3047; x_wconf 82' lang='lat' dir='ltr'><strong>inter</strong></span> <span class='ocrx_word' id='word_1_213' title='bbox 1756 2995 1812 3049; x_wconf 81' lang='lat' dir='ltr'><strong>C.</strong></span> <span class='ocrx_word' id='word_1_214' title='bbox 1851 2995 2115 3047; x_wconf 75' lang='lat' dir='ltr'><strong>Gaesarem</strong></span> <span class='ocrx_word' id='word_1_215' title='bbox 2163 3006 2217 3047; x_wconf 79' lang='lat' dir='ltr'><strong>et</strong></span> <span class='ocrx_word' id='word_1_216' title='bbox 2257 2996 2359 3048; x_wconf 78' lang='lat' dir='ltr'><strong>Gn.</strong></span> 
     </span>
     <span class='ocr_line' id='line_1_29' title="bbox 271 3064 2363 3133; baseline -0.001 -15"><span class='ocrx_word' id='word_1_217' title='bbox 271 3067 567 3130; x_wconf 83' lang='lat' dir='ltr'><strong>Pompeium</strong></span> <span class='ocrx_word' id='word_1_218' title='bbox 603 3075 769 3117; x_wconf 82' lang='lat' dir='ltr'><strong>ortum</strong></span> <span class='ocrx_word' id='word_1_219' title='bbox 800 3074 903 3126; x_wconf 83' lang='lat' dir='ltr'><strong>est,</strong></span> <span class='ocrx_word' id='word_1_220' title='bbox 946 3064 1002 3118; x_wconf 84' lang='lat' dir='ltr'><strong>G.</strong></span> <span class='ocrx_word' id='word_1_221' title='bbox 1044 3064 1338 3116; x_wconf 81' lang='lat' dir='ltr'><strong>Considium</strong></span> <span class='ocrx_word' id='word_1_222' title='bbox 1372 3066 1606 3132; x_wconf 80' lang='lat' dir='ltr'><strong>Longum</strong></span> <span class='ocrx_word' id='word_1_223' title='bbox 1655 3081 1746 3133; x_wconf 85' lang='lat' dir='ltr'><strong>pro</strong></span> <span class='ocrx_word' id='word_1_224' title='bbox 1791 3074 2021 3131; x_wconf 82' lang='lat' dir='ltr'><strong>praetore</strong></span> <span class='ocrx_word' id='word_1_225' title='bbox 2055 3065 2262 3133; x_wconf 76' lang='lat' dir='ltr'><strong>legatus</strong></span> <span class='ocrx_word' id='word_1_226' title='bbox 2301 3066 2363 3115; x_wconf 76' lang='lat' dir='ltr'><strong>in</strong></span> 
     </span>
     <span class='ocr_line' id='line_1_30' title="bbox 272 3134 2362 3199; baseline 0.001 -19"><span class='ocrx_word' id='word_1_227' title='bbox 272 3134 583 3195; x_wconf 81' lang='lat' dir='ltr'><strong>provinciam</strong></span> <span class='ocrx_word' id='word_1_228' title='bbox 625 3134 856 3185; x_wconf 76' lang='lat' dir='ltr'><strong>Africam</strong></span> <span class='ocrx_word' id='word_1_229' title='bbox 914 3141 1115 3185; x_wconf 80' lang='lat' dir='ltr'><strong>secutus</strong></span> <span class='ocrx_word' id='word_1_230' title='bbox 1166 3142 1290 3190; x_wconf 75' lang='lat' dir='ltr'><strong>erat.</strong></span> <span class='ocrx_word' id='word_1_231' title='bbox 1342 3135 1391 3184; x_wconf 84' lang='lat' dir='ltr'><strong>Is</strong></span> <span class='ocrx_word' id='word_1_232' title='bbox 1426 3136 1677 3187; x_wconf 80' lang='lat' dir='ltr'><strong>decedens</strong></span> <span class='ocrx_word' id='word_1_233' title='bbox 1712 3135 1777 3185; x_wconf 85' lang='lat' dir='ltr'><strong>de</strong></span> <span class='ocrx_word' id='word_1_234' title='bbox 1811 3136 2073 3199; x_wconf 84' lang='lat' dir='ltr'><strong>provincia</strong></span> <span class='ocrx_word' id='word_1_235' title='bbox 2120 3150 2219 3186; x_wconf 81' lang='lat' dir='ltr'><strong>sua</strong></span> <span class='ocrx_word' id='word_1_236' title='bbox 2270 3148 2362 3183; x_wconf 74' lang='lat' dir='ltr'><strong>re·</strong></span> 
     </span>
     <span class='ocr_line' id='line_1_31' title="bbox 276 3198 2363 3269; baseline 0.002 -22"><span class='ocrx_word' id='word_1_237' title='bbox 276 3198 489 3261; x_wconf 77' lang='lat' dir='ltr'><strong>liquerat</strong></span> <span class='ocrx_word' id='word_1_238' title='bbox 523 3204 577 3252; x_wconf 84' lang='lat' dir='ltr'><strong>in</strong></span> <span class='ocrx_word' id='word_1_239' title='bbox 607 3202 782 3253; x_wconf 79' lang='lat' dir='ltr'><strong>Africa</strong></span> <span class='ocrx_word' id='word_1_240' title='bbox 824 3202 884 3262; x_wconf 83' lang='lat' dir='ltr'><strong>Q.</strong></span> <span class='ocrx_word' id='word_1_241' title='bbox 916 3202 1175 3267; x_wconf 80' lang='lat' dir='ltr'><strong>Ligarium</strong></span> <span class='ocrx_word' id='word_1_242' title='bbox 1223 3219 1439 3267; x_wconf 88' lang='lat' dir='ltr'><strong>eumque</strong></span> <span class='ocrx_word' id='word_1_243' title='bbox 1477 3205 1771 3269; x_wconf 83' lang='lat' dir='ltr'><strong>provinciae</strong></span> <span class='ocrx_word' id='word_1_244' title='bbox 1785 3203 2117 3269; x_wconf 72' lang='lat' dir='ltr'><strong>praefecerat.</strong></span> <span class='ocrx_word' id='word_1_245' title='bbox 2176 3202 2363 3264; x_wconf 84' lang='lat' dir='ltr'><strong>Quum</strong></span> 
     </span>
     <span class='ocr_line' id='line_1_32' title="bbox 272 3269 2362 3339; baseline 0.002 -21"><span class='ocrx_word' id='word_1_246' title='bbox 272 3270 463 3321; x_wconf 79' lang='lat' dir='ltr'><strong>interea</strong></span> <span class='ocrx_word' id='word_1_247' title='bbox 499 3270 689 3322; x_wconf 82' lang='lat' dir='ltr'><strong>bellum</strong></span> <span class='ocrx_word' id='word_1_248' title='bbox 719 3269 870 3321; x_wconf 85' lang='lat' dir='ltr'><strong>civile</strong></span> <span class='ocrx_word' id='word_1_249' title='bbox 905 3279 1134 3322; x_wconf 83' lang='lat' dir='ltr'><strong>exortum</strong></span> <span class='ocrx_word' id='word_1_250' title='bbox 1170 3279 1334 3334; x_wconf 76' lang='lat' dir='ltr'><strong>esset,</strong></span> <span class='ocrx_word' id='word_1_251' title='bbox 1380 3273 1469 3335; x_wconf 88' lang='lat' dir='ltr'><strong>qui</strong></span> <span class='ocrx_word' id='word_1_252' title='bbox 1506 3274 1558 3323; x_wconf 85' lang='lat' dir='ltr'><strong>in</strong></span> <span class='ocrx_word' id='word_1_253' title='bbox 1592 3288 1656 3323; x_wconf 86' lang='lat' dir='ltr'><strong>ea</strong></span> <span class='ocrx_word' id='word_1_254' title='bbox 1686 3274 1947 3339; x_wconf 83' lang='lat' dir='ltr'><strong>provincia</strong></span> <span class='ocrx_word' id='word_1_255' title='bbox 1981 3273 2217 3339; x_wconf 78' lang='lat' dir='ltr'><strong>partibus</strong></span> <span class='ocrx_word' id='word_1_256' title='bbox 2257 3269 2362 3322; x_wconf 87' lang='lat' dir='ltr'><strong>Cn.</strong></span> 
     </span>
     <span class='ocr_line' id='line_1_33' title="bbox 271 3334 2365 3409; baseline 0.002 -24"><span class='ocrx_word' id='word_1_257' title='bbox 271 3334 501 3404; x_wconf 80' lang='lat' dir='ltr'><strong>Pompeii</strong></span> <span class='ocrx_word' id='word_1_258' title='bbox 536 3340 852 3401; x_wconf 74' lang='lat' dir='ltr'><strong>studuerunt,</strong></span> <span class='ocrx_word' id='word_1_259' title='bbox 884 3340 1237 3406; x_wconf 75' lang='lat' dir='ltr'><strong>flagitaverunt</strong></span> <span class='ocrx_word' id='word_1_260' title='bbox 1268 3356 1301 3391; x_wconf 86' lang='lat' dir='ltr'><strong>a</strong></span> <span class='ocrx_word' id='word_1_261' title='bbox 1329 3341 1391 3401; x_wconf 85' lang='lat' dir='ltr'><strong>Q.</strong></span> <span class='ocrx_word' id='word_1_262' title='bbox 1425 3341 1650 3409; x_wconf 74' lang='lat' dir='ltr'><strong>Ligario,</strong></span> <span class='ocrx_word' id='word_1_263' title='bbox 1684 3348 1741 3391; x_wconf 83' lang='lat' dir='ltr'><strong>ut</strong></span> <span class='ocrx_word' id='word_1_264' title='bbox 1773 3342 1886 3407; x_wconf 79' lang='lat' dir='ltr'><strong>ipse</strong></span> <span class='ocrx_word' id='word_1_265' title='bbox 1920 3356 2121 3405; x_wconf 89' lang='lat' dir='ltr'><strong>quoque</strong></span> <span class='ocrx_word' id='word_1_266' title='bbox 2154 3340 2365 3391; x_wconf 84' lang='lat' dir='ltr'><strong>bellum</strong></span> 
     </span>
     <span class='ocr_line' id='line_1_34' title="bbox 274 3406 2363 3476; baseline 0 -19"><span class='ocrx_word' id='word_1_267' title='bbox 274 3406 519 3459; x_wconf 78' lang='lat' dir='ltr'><strong>adversus</strong></span> <span class='ocrx_word' id='word_1_268' title='bbox 562 3406 617 3459; x_wconf 83' lang='lat' dir='ltr'><strong>G.</strong></span> <span class='ocrx_word' id='word_1_269' title='bbox 653 3406 918 3459; x_wconf 80' lang='lat' dir='ltr'><strong>Gaesarem</strong></span> <span class='ocrx_word' id='word_1_270' title='bbox 968 3410 1247 3475; x_wconf 80' lang='lat' dir='ltr'><strong>susciperet</strong></span> <span class='ocrx_word' id='word_1_271' title='bbox 1282 3411 1626 3475; x_wconf 87' lang='lat' dir='ltr'><strong>Pompeioque</strong></span> <span class='ocrx_word' id='word_1_272' title='bbox 1664 3411 1972 3476; x_wconf 81' lang='lat' dir='ltr'><strong>provinciam</strong></span> <span class='ocrx_word' id='word_1_273' title='bbox 1998 3416 2363 3464; x_wconf 77' lang='lat' dir='ltr'><strong>conservaret.</strong></span> 
     </span>
     <span class='ocr_line' id='line_1_35' title="bbox 270 3471 2368 3545; baseline -0 -19"><span class='ocrx_word' id='word_1_274' title='bbox 270 3471 440 3535; x_wconf 76' lang='lat' dir='ltr'><strong>Quum</strong></span> <span class='ocrx_word' id='word_1_275' title='bbox 473 3479 517 3527; x_wconf 82' lang='lat' dir='ltr'><strong>is</strong></span> <span class='ocrx_word' id='word_1_276' title='bbox 543 3485 711 3528; x_wconf 76' lang='lat' dir='ltr'><strong>tamen</strong></span> <span class='ocrx_word' id='word_1_277' title='bbox 741 3476 876 3528; x_wconf 90' lang='lat' dir='ltr'><strong>nullo</strong></span> <span class='ocrx_word' id='word_1_278' title='bbox 908 3492 966 3529; x_wconf 78' lang='lat' dir='ltr'><strong>se</strong></span> <span class='ocrx_word' id='word_1_279' title='bbox 995 3478 1244 3543; x_wconf 86' lang='lat' dir='ltr'><strong>implicari</strong></span> <span class='ocrx_word' id='word_1_280' title='bbox 1277 3480 1478 3545; x_wconf 78' lang='lat' dir='ltr'><strong>negotio</strong></span> <span class='ocrx_word' id='word_1_281' title='bbox 1525 3494 1710 3545; x_wconf 77' lang='lat' dir='ltr'><strong>passus</strong></span> <span class='ocrx_word' id='word_1_282' title='bbox 1743 3487 1902 3543; x_wconf 80' lang='lat' dir='ltr'><strong>esset,</strong></span> <span class='ocrx_word' id='word_1_283' title='bbox 1938 3479 1996 3529; x_wconf 89' lang='lat' dir='ltr'><strong>P.</strong></span> <span class='ocrx_word' id='word_1_284' title='bbox 2032 3478 2205 3529; x_wconf 79' lang='lat' dir='ltr'><strong>Attius</strong></span> <span class='ocrx_word' id='word_1_285' title='bbox 2245 3478 2368 3527; x_wconf 77' lang='lat' dir='ltr'><strong>Va-</strong></span> 
     </span>
     <span class='ocr_line' id='line_1_36' title="bbox 269 3544 2367 3616; baseline -0.001 -19"><span class='ocrx_word' id='word_1_286' title='bbox 269 3559 379 3607; x_wconf 67' lang='lat' dir='ltr'><strong>rus,</strong></span> <span class='ocrx_word' id='word_1_287' title='bbox 411 3560 560 3610; x_wconf 80' lang='lat' dir='ltr'><strong>quem</strong></span> <span class='ocrx_word' id='word_1_288' title='bbox 592 3553 763 3597; x_wconf 73' lang='lat' dir='ltr'><strong>eontra</strong></span> <span class='ocrx_word' id='word_1_289' title='bbox 795 3544 852 3601; x_wconf 87' lang='lat' dir='ltr'><strong>G.</strong></span> <span class='ocrx_word' id='word_1_290' title='bbox 889 3546 1156 3599; x_wconf 72' lang='lat' dir='ltr'><strong>Caesarem</strong></span> <span class='ocrx_word' id='word_1_291' title='bbox 1183 3548 1481 3599; x_wconf 81' lang='lat' dir='ltr'><strong>militantem</strong></span> <span class='ocrx_word' id='word_1_292' title='bbox 1511 3550 1564 3598; x_wconf 84' lang='lat' dir='ltr'><strong>in</strong></span> <span class='ocrx_word' id='word_1_293' title='bbox 1600 3562 1724 3616; x_wconf 75' lang='lat' dir='ltr'><strong>agro</strong></span> <span class='ocrx_word' id='word_1_294' title='bbox 1744 3550 1930 3599; x_wconf 87' lang='lat' dir='ltr'><strong>Piceno</strong></span> <span class='ocrx_word' id='word_1_295' title='bbox 1965 3546 2033 3598; x_wconf 78' lang='lat' dir='ltr'><strong>ad</strong></span> <span class='ocrx_word' id='word_1_296' title='bbox 2059 3545 2367 3597; x_wconf 69' lang='lat' dir='ltr'><strong>Auximum</strong></span> 
     </span>
    </p>
   </div>
   <div class='ocr_carea' id='block_1_8' title="bbox 2467 129 2476 429">
    <p class='ocr_par' dir='ltr' id='par_1_9' title="bbox 2467 129 2476 429">
     <span class='ocr_line' id='line_1_37' title="bbox 2467 129 2476 429; baseline 0 3499"><span class='ocrx_word' id='word_1_297' title='bbox 2467 129 2476 429; x_wconf 95' lang='lat' dir='ltr'><strong> </strong></span> 
     </span>
    </p>
   </div>
  </div>
 </body>
</html>
