2514 3928
850 304 1028 365 cAP.
1062 313 1182 366 4—
1203 313 1253 366 6.
1312 311 1365 370 s.
1400 315 1557 366 10-
1575 314 1661 367 15.
2212 307 2288 370 61

219 459 381 520 niam
412 465 599 532 atque
640 458 783 518 inde
826 456 888 517 in
932 456 1248 517 Africam?
1310 457 1611 530 fuerisne,
1663 457 1832 533 quod
1867 453 2001 519 sine
2037 469 2291 521 senatus

215 543 504 604 consulto
555 539 659 600 tibi
706 543 911 601 facere
953 557 1073 601 non
1118 540 1315 613 licuit,
1364 540 1423 600 in
1469 557 1659 615 regno
1698 539 2115 616 Hiempsalis?
2164 545 2292 605 sue·

218 626 384 688 risne
417 624 477 685 in
505 641 698 698 regno
727 624 1183 686 Mastanesosi?
1229 624 1553 685 venerisne
1574 626 1654 684 ad
1691 626 1903 684 fretum
1921 643 2034 702 per
2054 627 2292 687 Maure·

218 710 487 772 taniam?
547 724 731 805 quem
776 707 939 769 scias
983 725 1277 785 umquam
1323 700 1587 784 legatum
1640 707 2113 784 Hispaniensem
2155 711 2290 772 istis

216 789 584 856 itineribus*
570 809 629 852 in
661 791 823 852 illam
856 791 1236 868 provinciam
1267 791 1676 867 pervenisse?

387 876 486 939 13.
545 875 769 937 Factus
812 893 881 937 es
923 877 1200 938 tribunus
1243 874 1537 951 plebis—
1577 876 1725 951 quid
1769 876 1932 937 enim
1972 885 2033 938 te
2081 879 2159 939 de
2185 880 2291 940 Hi-

215 960 661 1038 spaniensibus
705 960 953 1036 flagitiis
1008 960 1128 1021 tuis
1182 959 1758 1036 sordidissimisque
1808 960 1983 1021 furtis
2034 961 2291 1024 interro·

214 1053 399 1121 gem?
432 1078 519 1092 -
541 1061 771 1121 quaero
801 1047 915 1105 abs
942 1056 997 1106 te
1030 1043 1291 1120 primum
1321 1043 1610 1105 universe
1635 1045 1804 1119 quod
1834 1061 2034 1120 genus
2064 1045 2291 1123 impro-

215 1130 419 1191 bitatis
449 1138 511 1189 et
553 1127 808 1188 sceleris
851 1128 910 1188 in
943 1145 1019 1190 eo
1060 1127 1419 1208 magistratu
1466 1126 1995 1205 praetermiseris?
2050 1131 2145 1191 Ac
2184 1131 2291 1192 tibi

216 1214 335 1274 iam
367 1213 510 1274 inde
544 1212 900 1289 praescribo
919 1259 933 1285 ,
977 1229 1056 1272 ne
1099 1221 1238 1274 tuas
1269 1213 1492 1275 sordes
1522 1228 1660 1273 cum
1694 1212 2170 1275 clarissimorum
2200 1216 2290 1275 vi-

216 1315 421 1359 rorum
450 1297 783 1372 splendore
814 1297 1211 1372 permisceas.
1292 1297 1424 1372 Ego
1459 1304 1533 1368 te,
1572 1313 1998 1371 quaecumque
2032 1300 2286 1374 rogabo,

214 1384 296 1442 de
335 1390 395 1442 te
435 1380 575 1456 ipso
617 1380 886 1455 rogab0,
940 1396 1145 1454 neque
1189 1387 1250 1440 te
1311 1395 1391 1438 ex
1431 1378 1792 1453 amplissimi
1830 1381 1947 1440 viri
1976 1381 2288 1457 dignitate,

215 1466 329 1526 sed
365 1482 444 1526 ex
474 1464 591 1524 tui-s
619 1463 892 1524 tenebris
924 1463 1273 1523 extraham=
1318 1461 1647 1537 omniaque
1677 1479 1815 1522 mea
1857 1465 1978 1525 tela
2018 1464 2110 1525 sic
2140 1465 2197 1525 in
2233 1473 2291 1526 te

215 1548 645 1620 coniicientur,
702 1555 765 1607 ut
806 1563 984 1608 nemo
1032 1563 1145 1623 per
1181 1555 1351 1609 tuum
1395 1547 1584 1619 latus,
1636 1547 1802 1621 quod
1848 1548 2015 1607 soles
2066 1547 2291 1622 dicere,

216 1633 556 1694 saucietur=
603 1632 664 1692 in
695 1631 815 1694 tuis
848 1632 1241 1707 pulmonibus
1274 1647 1346 1692 ac
1374 1629 1721 1690 visceribus
1750 1629 2107 1691 haerebunt.
2184 1632 2290 1690 Vl.

217 1715 318 1779 14.
362 1717 438 1778 Et
468 1716 756 1792 quoniam
801 1716 1070 1776 omnium
1111 1732 1316 1777 rerum
1357 1730 1711 1790 magnarum
1741 1713 1820 1773 ab
1853 1713 1950 1774 dis
1984 1715 2290 1776 immorta-

217 1802 377 1862 libus
409 1800 712 1880 principia
745 1800 1078 1873 ducuntur,
1134 1801 1276 1862 volo
1322 1807 1385 1859 ut
1414 1796 1570 1858 ‘mihi
1612 1800 2002 1874 respondeas
2032 1807 2127 1873 tu,
2187 1799 2289 1875 qui

218 1894 273 1946 te
315 1885 766 1962 Pythagoreum
808 1886 976 1946 soles
1016 1885 1222 1945 dicere
1265 1892 1326 1944 et
1364 1881 1628 1944 hominis
1684 1882 2025 1944 doctissimi
2067 1900 2286 1945 nomen

217 1969 337 2031 tuis
370 1968 736 2030 immanibus
779 1978 840 2029 et
877 1968 1156 2031 barbaris
1201 1968 1474 2029 moribus
1529 1968 1967 2043 praetendere,
2023 1986 2183 2045 quae
2231 1977 2289 2029 tc

215 2061 380 2115 tanta
418 2052 701 2127 pravitas‘
730 2052 949 2114 mentis
996 2050 1292 2127 tenuerit,
1323 2050 1427 2129 qui
1462 2060 1667 2112 tantus
1711 2053 1907 2125 furor,
1958 2062 2053 2127 ut,
2097 2069 2287 2128 quum
2375 2124 2383 2132 ,

211 2136 489 2197 inaudita
533 2152 607 2195 ac
642 2137 874 2197 nefaria
905 2154 1082 2197 sacra
1123 2135 1515 2212 succeperis,
1561 2154 1747 2211 quum
1789 2136 2121 2197 inferorum
2157 2136 2287 2196 ani-

212 2237 349 2281 mas
387 2219 642 2291 elicere,
676 2236 863 2295 quum
897 2237 1223 2295 puerorum
1255 2220 1416 2281 extis
1452 2220 1607 2280 deos
1636 2237 1851 2281 manes
1882 2229 2152 2281 mactare
2185 2237 2284 2280 so-

218 2307 379 2377 leaS,
410 2302 719 2379 auspicia,
770 2305 994 2381 quibus
1022 2305 1176 2366 haec
1212 2305 1356 2365 urbs
1389 2304 1634 2365 condita
1663 2313 1789 2378 est,
1833 2302 2059 2379 quibus
2093 2304 2287 2363 omnis

213 2405 314 2449 res
346 2388 589 2464 publica
617 2397 800 2463 atque
842 2388 1160 2465 imperium
1206 2397 1470 2459 tenetur,
1516 2387 1963 2465 contempseris
1990 2386 2289 2464 initioque

212 2470 556 2535 tribunatus
600 2472 686 2533 tui
730 2472 971 2535 senatui
1023 2472 1406 2533 denuntiaris
1452 2472 1571 2533 tuis
1610 2470 1956 2546 actionibus
1986 2488 2285 2548 augurum

216 2572 522 2632 responsa
558 2565 746 2633 atque
781 2557 914 2617 eius
947 2555 1190 2633 collegii
1235 2554 1657 2633 adrogantiam
1693 2555 2127 2633 impedimento
2161 2572 2284 2616 non

219 2640 460 2700 futura?
532 2639 634 2703 15.
687 2640 1041 2702 Secundum
1083 2656 1158 2700 ea
1200 2657 1433 2717 quaero
1464 2642 1817 2701 servarisne
1847 2640 1907 2700 in
1951 2656 2027 2700 eo
2061 2639 2289 2699 fidem?

215 2740 369 2801 num,
393 2726 642 2799 quando
675 2724 780 2785 tibi
810 2741 1042 2785 moram
1072 2724 1337 2786 attulerit
1362 2741 1486 2800 quo
1519 2724 1718 2785 minus
1741 2723 2062 2785 concilium
2095 2724 2285 2781 advo-

215 2822 393 2867 cares
435 2809 756 2882 legemque
800 2809 1023 2882 ferres,
1081 2809 1252 2884 quod
1292 2824 1368 2869 eo
1414 2808 1513 2868 die
1554 2808 1749 2869 scires
1799 2808 1876 2867 de
1923 2808 2095 2867 caelo
2141 2823 2286 2867 esse

215 2898 573 2964 servatum?
630 2891 707 2951 Et
747 2891 1032 2966 quoniam
1073 2892 1172 2953 hic
1215 2895 1391 2953 locus
1434 2900 1529 2962 est
1570 2908 1731 2952 unus
1774 2907 1954 2966 quem
2000 2889 2103 2951 tibi
2145 2907 2285 2952 cum

214 2974 479 3034 Caesare
510 2990 892 3036 communem
923 2992 1065 3037 esse
1095 2977 1303 3050 dicas,
1349 2976 1667 3049 seiungam
1701 2983 1760 3035 te
1787 2974 1863 3035 ab
1894 2975 1998 3037 illo
2030 2992 2153 3036 non
2182 2994 2281 3037 so·

217 3059 341 3118 lum
371 3056 461 3119 rei
491 3058 776 3135 publicae
805 3076 1022 3133 causa,
1084 3077 1297 3122 verum
1344 3061 1522 3121 etiam
1564 3057 1874 3132 CaesariS,
1931 3077 2009 3121 ne
2054 3078 2175 3136 qua
2205 3077 2284 3121 ex

214 3154 315 3202 tua
349 3159 586 3204 summa
616 3142 970 3220 indignitate
1002 3144 1177 3206 labes
1208 3144 1370 3205 illius
1395 3143 1667 3220 dignitati
1697 3160 1955 3219 aspersa
1985 3142 2283 3204 videatur.

214 3224 472 3287 Primum
502 3245 733 3304 quaero
765 3246 906 3289 num
932 3238 996 3290 tu
1019 3227 1260 3290 senatui
1289 3245 1540 3290 causam
1569 3236 1732 3313 tuam
1757 3229 2090 3326 permitta8‚
2116 3228 2280 3303 quod

215 3308 360 3370 facit
388 3310 656 3372 Caesar?
699 3312 924 3373 deinde
951 3328 1111 3388 quae
1137 3313 1215 3373 sit
1243 3312 1576 3373 auctoritas
1600 3308 1767 3386 eius,
1798 3312 1903 3388 qui
1936 3328 2006 3372 se
2034 3310 2296 3371 alterius,

216 3394 396 3470 sacto,
420 3411 540 3455 non
574 3412 690 3457 suo
716 3397 1048 3457 defendat?
1091 3395 1317 3457 deinde
1360 3405 1742 3473 -erumpet
1766 3394 1925 3456 enim
1951 3392 2281 3467 aliquando

211 3494 294 3537 ex
323 3495 422 3546 me
455 3495 600 3539 vera
633 3497 758 3540 -vox
788 3488 850 3541 et
877 3479 1076 3541 dicam
1108 3479 1243 3540 sine
1279 3480 1666 3541 cunctatione
1697 3479 1864 3573 quod
1895 3476 2091 3536 sentio
2120 3508 2189 3518 —
2200 3471 2281 3542 ‚si

211 3559 330 3622 iam
365 3561 692 3625 violentior
721 3563 972 3641 aliqua
955 3580 1018 3623 ιιι
1048 3580 1114 3624 re
1147 3564 1211 3624 C.
1246 3559 1471 3623 Caesar
1501 3562 1748 3630 suisset,
1800 3559 1853 3617 si
1883 3572 2021 3615 eum
2050 3549 2277 3621 magni-
