2514 3928
1027 150 1189 212 CAP.
1224 163 1275 213 1.
1320 158 1372 218 5.
1406 159 1598 213 1-3.
2279 149 2355 216 57

277 308 348 363 ad
391 307 676 371 familiares
716 307 866 372 epist.
910 305 1001 358 lib.
1041 307 1093 355 2.
1128 319 1212 370 ep.
1242 303 1298 358 9.
1337 304 1381 370 §-
1419 306 1501 365 7.‚
1549 311 1600 354 et
1634 304 2054 369 vituperationem
2084 308 2195 356 eius
2226 309 2361 358 vitae

277 377 637 441 turpissimae,
685 391 837 438 quam
899 375 1173 423 orationem
1218 387 1418 422 summo
1455 374 1678 423 adsensu
1722 374 1950 423 omnium
1986 375 2213 426 auditam
2247 392 2362 428 esse

277 444 389 510 ipse
419 445 597 494 scribit
631 443 803 494 Cicero
836 444 909 494 ad
938 444 996 506 Q.
1019 444 1242 507 fratrem
1275 443 1364 494 lib.
1395 443 1458 495 ΙΙ.
1498 456 1583 507 ep.
1616 443 1668 496 4.
1703 442 1752 504 s.
1795 443 1843 492 1.

450 559 491 616 l.
543 559 595 618 1.
651 519 729 618 Si
768 568 872 620 tua
909 567 1138 619 tantum
1170 559 1386 631 modo,
1427 557 1666 630 Vatini,
1700 559 1847 633 quid
1883 558 2214 635 indignitas
2248 580 2357 640 po·

279 643 534 704 stularet
562 652 845 718 spectare
877 643 1235 715 voluissem,
1267 641 1556 703 fecissem
1588 641 1669 714 id,
1705 643 1874 718 quod
1907 642 2001 702 his
2028 645 2358 707 vehemen-

189 800 194 804 ,
279 735 370 787 ter
401 727 713 802 placebat,
756 736 823 789 ut
854 735 941 801 te,
984 728 1161 788 cuius
1191 726 1606 787 testimonium
1639 734 1892 803 propter
1924 726 2357 802 turpitudinem

279 810 439 873 vitae
469 812 820 888 sordesque
851 811 1224 872 domesticas
1255 811 1477 872 nullius
1507 810 1801 872 momenti
1834 820 2178 886 putaretur,
2213 817 2357 874 taci-

278 904 374 957 tus
405 894 788 957 dimitterem.
853 896 1042 955 Nemo
1080 894 1241 955 enim
1274 894 1489 956 horum
1523 904 1632 956 aut
1657 895 1741 956 ita
1776 904 1836 957 te
1865 897 2259 958 refutandum
2294 907 2360 960 ut

275 993 530 1053 gravem
545 976 974 1037 adversarium
991 985 1098 1035 aut
1111 975 1194 1034 ita
1212 977 1489 1050 roganda
1501 991 1557 1053 m
1572 983 1640 1035 ut
1652 977 2008 1052 religiosum
2025 987 2245 1040 testem
2277 993 2369 1036 ar-

276 1060 640 1122 bitrabatur.
687 1059 814 1122 Sed
835 1060 922 1120 sui
945 1060 1153 1134 paullo
1176 1066 1322 1118 ante
1340 1058 1844 1135 intemperantior
1872 1064 2143 1124 sortasse
2179 1077 2361 1138 quarn

280 1145 485 1206 debui.
534 1144 691 1205 Odio
722 1144 882 1203 enim
914 1146 1018 1216 tui,
1056 1143 1115 1203 in
1151 1161 1274 1218 quo
1305 1143 1423 1204 etsi
1451 1160 1667 1205 omnes
1697 1154 1949 1220 propter
1979 1154 2148 1207 tuum
2179 1147 2237 1207 in
2266 1166 2363 1210 me

282 1229 492 1289 scelus
525 1244 822 1301 superare
852 1227 1080 1298 debeo,
1121 1234 1320 1285 tamen
1350 1226 1427 1285 ab
1457 1226 1741 1288 omnibus
1780 1244 1976 1303 paene
2007 1229 2238 1304 vincor,
2270 1232 2362 1293 sic

284 1327 423 1370 sum
472 1308 784 1384 incitatuS,
831 1318 924 1384 ut,
967 1326 1155 1386 quum
1200 1317 1259 1369 te
1300 1325 1419 1369 non
1462 1309 1665 1369 minus
1695 1318 2150 1372 contemnerem
2180 1332 2362 1388 quam

285 1393 592 1466 odissem,
624 1402 825 1454 tamen
856 1401 1144 1454 vexatum
1178 1391 1384 1468 potius
1417 1410 1601 1469 quam
1633 1393 1992 1468 despectum
2028 1396 2243 1456 vellem
2273 1398 2364 1457 di-

285 1478 542 1539 mittere.
611 1478 671 1538 2.
730 1478 862 1552 Qua
903 1495 970 1538 re
1003 1495 1080 1537 ne
1110 1477 1215 1538 tibi
1245 1477 1409 1537 hunc
1441 1477 1738 1538 honorem
1768 1494 1806 1537 a
1835 1494 1932 1536 me
1962 1478 2175 1540 haberi
2209 1481 2364 1542 forte

283 1562 517 1634 mirere,
552 1563 719 1637 quod
743 1564 1131 1637 interrogem,
1162 1570 1345 1637 quem
1370 1577 1549 1623 nemo
1577 1577 1935 1637 congressu,
1970 1579 2150 1623 nemo
2174 1563 2361 1637 aditu,

281 1663 465 1707 nemo
487 1646 802 1722 suffragio,
840 1662 1019 1706 nemo
1044 1645 1306 1717 civitate,
1342 1663 1521 1707 nemo
1548 1647 1685 1707 luce
1708 1645 1957 1722 dignum
1988 1655 2176 1723 putet,
2200 1651 2364 1709 nulla

283 1746 379 1790 me
408 1747 600 1791 causa
634 1730 1004 1807 impulisset,
1039 1730 1157 1791 nisi
1190 1739 1253 1791 ut
1289 1732 1662 1792 ferocitatem
1692 1730 1870 1791 istam
1904 1739 2063 1792 tuam
2096 1733 2360 1808 compri-

281 1830 506 1876 merem
551 1823 612 1876 et
655 1814 976 1876 audaciam
1026 1817 1365 1890 frangerem
1402 1826 1462 1876 et
1496 1815 1924 1891 loquacitatem
1958 1815 2171 1891 paucis
2206 1817 2359 1878 meis

283 1898 860 1975 interrogationibus
882 1899 1181 1961 irretitam
1211 1901 1606 1959 retardarem.
1649 1899 1889 1960 Etenim
1919 1900 2204 1975 debuisti,
2236 1903 2359 1961 Va·-

279 1983 418 2056 tini,
446 1983 629 2044 etiam
670 1984 723 2044 si
757 1985 912 2044 falso
945 1984 1227 2045 venisses
1265 1983 1323 2042 in
1365 1983 1775 2059 suspitionem
1804 1984 1864 2044 P.
1903 1984 2124 2057 SestiO,
2159 1994 2361 2046 tamen

281 2067 426 2126 mihi
457 2067 817 2142 ignoscere,
853 2066 908 2127 si
937 2067 995 2127 in
1032 2076 1194 2129 tanto
1233 2067 1496 2128 hominis
1527 2068 1605 2128 de
1637 2085 1732 2128 me
1763 2068 1991 2142 optime
2021 2066 2218 2129 meriti
2254 2086 2359 2143 pe-
2425 2126 2430 2130 ,

280 2150 473 2211 riculo
505 2160 566 2212 et
594 2151 853 2227 tempori
885 2153 1016 2212 eius
1049 2160 1109 2213 et
1141 2153 1433 2213 voluntati
1471 2168 1687 2227 parere
1720 2151 2075 2213 voluissem.
2141 2151 2200 2212 3.
2234 2151 2359 2212 Sed

280 2234 572 2296 hesterno
622 2253 731 2312 pro
777 2236 1125 2297 testimonio
1167 2252 1313 2297 esse
1358 2235 1708 2308 mentitum,
1762 2254 1947 2311 quum
1998 2236 2360 2296 adfirmares

281 2320 511 2379 nullum
557 2319 660 2380 tibi
709 2320 956 2381 omnino
1005 2336 1143 2381 cum
1174 2319 1570 2381 Albinovano
1620 2336 1963 2381 sermonem
2012 2336 2136 2381 non
2172 2320 2359 2380 modo

281 2404 361 2464 de
389 2402 593 2465 Sestio
625 2405 999 2476 accusando,
1033 2405 1145 2465 sed
1176 2406 1342 2464 nulla
1373 2420 1661 2479 umquam
1693 2405 1771 2464 de
1800 2420 1869 2465 re
1900 2403 2112 2479 fuisse,
2151 2404 2359 2480 paullo

283 2496 423 2548 ante
453 2488 810 2565 imprudens
844 2488 1156 2549 indicasti=
1191 2488 1297 2563 qui
1327 2497 1388 2548 ct
1416 2489 1481 2547 T.
1512 2488 2055 2549 Claudium-tecum
2088 2503 2358 2548 commu-

281 2572 527 2632 nicasse
557 2580 619 2633 et
648 2589 685 2632 a
717 2580 777 2634 te
806 2572 1128 2634 consilium
1156 2571 1218 2631 P.
1255 2572 1439 2632 Sestii
1468 2571 1804 2633 accusandi
1835 2570 2068 2649 petisse
2103 2579 2164 2633 et
2190 2570 2357 2631 Albi·

282 2671 622 2728 novanum,
662 2674 842 2732 quem
877 2665 1058 2717 antea
1091 2658 1193 2716 vix
1224 2656 1328 2717 tibi
1365 2664 1569 2717 notum
1603 2673 1746 2716 esse
1777 2655 2080 2729 dixisseS,
2111 2655 2359 2716 domum

280 2746 447 2800 tuam
485 2741 752 2813 venisse,
783 2740 970 2801 multa
1000 2749 1197 2801 tecum
1231 2742 1497 2801 locutum
1530 2739 1791 2812 dixeris,
1828 2738 2097 2813 denique
2125 2738 2351 2800 contio-

282 2840 396 2883 nes
435 2824 498 2882 P.
546 2823 730 2885 Sestii
781 2823 1075 2899 scriptas,
1126 2841 1284 2899 quas
1326 2842 1529 2900 neque
1579 2833 1796 2885 nosset
1840 2839 2045 2898 neque
2084 2825 2359 2902 reperire

283 2916 531 2982 posset,
572 2917 628 2969 te
654 2909 1047 2969 Albinovano
1095 2909 1349 2970 dedisse
1396 2925 1630 2983 easque
1675 2908 1733 2967 in
1778 2908 1899 2968 hoc
1941 2908 2167 2969 iudicio
2214 2924 2359 2968 esse

280 2990 589 3052 recitatas.
651 2993 719 3052 In
767 3009 890 3068 quo
937 2994 1190 3053 alterum
1234 3009 1305 3053 es
1345 2993 1706 3064 confessuS‚
1756 3008 1794 3052 a
1844 3000 1904 3053 te
1958 3000 2360 3053 accusatores

282 3090 426 3136 esse
467 3074 800 3138 instructos
844 3084 905 3137 et
933 3077 1336 3151 subornatoS,
1377 3076 1438 3136 in
1472 3076 1663 3136 altero
1697 3074 2166 3137 inconstantiam
2199 3083 2359 3153 tuam

283 3176 472 3235 quum
497 3160 741 3221 levitate
772 3170 896 3223 tum
925 3160 1104 3221 etiam
1139 3160 1409 3235 periurio
1445 3159 1811 3234 implicatam
1846 3158 2139 3230 refellisti,
2173 3172 2359 3241 quum

284 3259 466 3317 quem
498 3262 535 3303 a
566 3254 624 3306 te
657 3246 1093 3305 alienissimum
1126 3261 1273 3305 csse
1304 3242 1592 3313 dixisses,
1625 3259 1763 3302 eum
1789 3240 1954 3302 domi
1981 3248 2119 3301 tuae
2145 3239 2356 3302 ruisse,

283 3344 466 3401 quem
501 3328 1052 3403 praevaricatorem
1085 3343 1230 3388 esse
1257 3328 1337 3386 ab
1369 3326 1540 3388 initio
1577 3325 1953 3392 iudicasseS,
2003 3322 2060 3379 ei
2103 3331 2161 3379 te
2200 3334 2359 3389 quos

277 3421 567 3485 rogasset
597 3412 676 3472 ad
706 3412 1126 3472 accusandum
1163 3410 1352 3470 libros
1393 3407 1625 3469 dixeris
1656 3404 1928 3463 dedisse.
