2514 3928
711 318 879 378 CAP.
908 326 1173 379 42—45.
1217 325 1269 384 s.
1300 276 1566 381 §li-9⁸.
2107 316 2190 384 37

109 486 249 531 num
283 468 774 532 facinerosorum
809 471 1136 538 concitavit
1164 479 1223 530 et
1254 473 1473 531 servos
1516 471 1594 531 ad
1630 472 1883 532 caedem
1927 473 2190 534 idoneos

105 552 250 614 emit
278 562 339 614 et
368 553 429 613 in
460 555 767 615 tribunatu
801 569 1109 615 carcerem
1143 562 1331 615 totum
1367 553 1426 614 in
1459 557 1655 616 sorum
1688 537 1931 630 effudit,
1978 556 2191 619 volitat

103 636 354 711 aedilis,
401 647 654 699 accusat
684 654 854 712 eum,
901 639 1005 715 qui
1047 638 1254 715 aliqua
1285 655 1362 698 ex
1399 647 1572 714 parte
1608 639 1742 700 eius
1781 641 2044 702 furorem
2080 658 2185 701 ex·

102 723 426 782 sultantem
453 721 779 798 repressit:
825 722 954 796 hic,
985 723 1092 799 qui
1122 739 1191 783 se
1221 730 1319 783 est
1351 729 1577 784 tutatus
1609 723 1728 796 sic,
1764 732 1830 784 ut
1859 725 1916 803 in
1952 724 2186 801 privata

99 821 168 865 re
209 806 364 866 deos
401 816 658 882 penates
701 823 884 881 suoS,
937 808 998 867 in
1047 824 1116 868 re
1162 806 1411 883 publica
1452 809 1586 869 iura
1629 807 1968 884 tribunatus
2000 803 2186 884 atque

98 889 381 965 auspicia
409 891 795 964 defenderet,
829 907 1128 953 accusare
1151 908 1292 953 eum
1320 893 1663 965 moderate,
1696 908 1733 951 a
1765 909 1888 966 quo
1918 891 2055 969 ipse
2080 909 2182 953 ne-

100 973 251 1034 farie
281 983 636 1048 accusatur,
684 991 798 1051 per
831 985 1084 1038 senatus
1116 976 1532 1037 auctoritatem
1564 993 1686 1036 non
1719 985 1815 1037 est
1843 975 2015 1036 situS.
2081 975 2182 1038 96.

97 1057 386 1119 Nimirum
426 1058 546 1120 hoc
585 1059 736 1121 illud
777 1067 900 1132 est,
952 1063 1121 1136 quod
1151 1062 1229 1121 de
1259 1077 1361 1120 vme
1394 1060 1782 1136 potissimum
1816 1060 1970 1139 tud‘n
2003 1076 2183 1122 accu-

97 1142 336 1204 satione
381 1144 706 1219 quaesisti,
763 1161 960 1219 quae
1004 1153 1223 1206 esset
1272 1153 1541 1205 nostra
1582 1146 1796 1206 natio
1850 1145 2183 1221 optima-

96 1227 307 1287 tium=
353 1227 444 1288 sic
486 1229 646 1288 enim
689 1227 916 1289 dixisti.
982 1230 1135 1290 Rem
1172 1228 1418 1304 quaeris
1464 1231 1843 1304 praeclaram
1882 1229 2183 1291 iuventuti

98 1312 178 1370 ad
207 1311 572 1371 discendum
603 1327 719 1371 nec
759 1311 906 1370 mihi
947 1311 1260 1372 difficilem
1289 1312 1368 1370 ad
1402 1313 1893 1386 perdocendum,
1945 1316 2024 1374 de
2058 1330 2183 1390 qua

103 1410 320 1468 pauca,
354 1393 613 1467 iudiceS,
644 1395 876 1464 dicam,
912 1401 990 1466 et,
1023 1403 1093 1453 ut
1120 1394 1395 1466 arbitror,
1430 1410 1545 1453 nec
1571 1398 1647 1455 ab
1674 1397 1926 1457 utilitate
1949 1408 2181 1469 eorum,

107 1477 212 1550 qui
242 1475 518 1548 audient,
553 1493 666 1536 nec
692 1476 771 1535 ab
803 1475 1011 1536 officio
1046 1484 1251 1536 vestro
1284 1492 1399 1535 nec
1429 1477 1505 1535 ab
1530 1475 1669 1550 ipsa
1699 1494 1888 1538 causa
1908 1481 1971 1540 P.
1998 1480 2184 1541 Sestii

102 1558 459 1623 abhorrebit
489 1559 682 1621 oratio
715 1574 869 1619 mea.

104 1640 143 1677 ὓ
190 1668 201 1687 ->
269 1643 454 1704 XLV.
500 1645 634 1706 Duo
657 1660 888 1720 genera
917 1659 1167 1719 semper
1188 1643 1246 1704 in
1274 1643 1389 1704 hac
1414 1642 1658 1704 civitate
1687 1643 1931 1706 suerunt
1958 1661 2185 1720 eorum,
2265 1708 2272 1711 ,

101 1728 207 1805 qui
237 1727 475 1788 versari
510 1729 567 1788 in
610 1746 677 1789 re
709 1727 956 1805 publica
996 1736 1182 1802 atque
1211 1727 1270 1788 in
1311 1744 1386 1789 ea
1424 1745 1495 1788 se
1540 1727 1943 1789 excellentius
1972 1744 2190 1804 gerere

97 1814 493 1875 studuerunt=
544 1813 766 1888 quibus
799 1830 877 1874 ex
907 1812 1236 1888 generibus
1279 1813 1453 1874 alteri
1484 1828 1555 1874 se
1597 1813 1958 1888 populareS,
2014 1813 2187 1873 alteri

97 1896 424 1974 optimates
455 1905 516 1958 et
545 1898 758 1959 haberi
794 1905 855 1959 et
883 1914 1029 1959 esse
1062 1898 1401 1958 voluerunt.
1491 1896 1605 1972 Qui
1646 1912 1748 1970 ea,
1798 1914 1957 1973 quae
2001 1898 2182 1958 sacie-

99 1982 243 2042 bant
283 1999 568 2059 quaeque
596 1983 927 2059 dicebant,
976 1981 1343 2044 multitudini
1383 1982 1651 2044 iucunda
1689 1982 1978 2044 volebant
2018 2000 2180 2057 esse,

95 2067 460 2142 populares=
496 2066 601 2144 qui
631 2076 834 2129 autem
857 2067 942 2129 ita
971 2083 1041 2129 se
1066 2068 1392 2143 gerebant,
1418 2076 1486 2129 ut
1515 2083 1630 2128 sua
1658 2066 1918 2128 consilia
1950 2067 2181 2144 optimo

95 2148 323 2227 cuique
353 2151 712 2226 probarent,
744 2151 1070 2227 optimates
1101 2150 1499 2212 habebantur.
1532 2148 1662 2222 97.
1707 2150 1853 2225 Quis
1887 2167 2035 2226 ergo
2064 2152 2182 2212 iste

97 2232 374 2303 optimus
422 2231 725 2305 quisque?
809 2234 1106 2301 Numero,
1152 2234 1204 2293 si
1252 2234 1526 2309 quaeris,
1574 2231 2048 2293 innumerabiles
2084 2262 2161 2275 -·

95 2327 307 2387 neque
339 2314 501 2375 enim
543 2315 721 2375 aliter
752 2328 917 2376 stare
958 2332 1290 2392 possemus
1332 2336 1443 2377 -ε
1489 2324 1635 2378 sunt
1680 2316 1995 2393 principes
2039 2329 2182 2372 con-

97 2398 221 2459 silii
250 2398 510 2475 publici,
564 2407 706 2460 sunt
737 2398 841 2475 qui
871 2415 1085 2461 eorum
1115 2407 1348 2460 sectam
1391 2406 1762 2474 sequuntur,
1813 2404 1954 2458 sunt
1993 2395 2183 2457 maxi-

94 2500 333 2543 morum
367 2483 649 2544 ordinum
678 2483 990 2557 homineS,
1037 2482 1263 2559 quibus
1306 2491 1473 2557 patet
1514 2481 1715 2555 curia,
1758 2490 1900 2543 sunt
1928 2479 2184 2543 munici-

97 2568 277 2643 pales
308 2566 647 2643 rusticique
674 2568 960 2641 Romani‚
1023 2574 1167 2628 sunt
1194 2564 1421 2641 negotii
1466 2574 1782 2641 gerenteS,
1835 2573 1978 2627 sunt
2004 2567 2185 2626 etiam

84 2650 362 2712 libertini
393 2650 738 2727 optimates.
797 2651 1128 2723 Numerus,
1170 2659 1237 2711 ut
1267 2650 1427 2725 dixi,
1475 2650 1657 2710 huius
1698 2648 1943 2725 generis
1973 2649 2094 2709 late
2125 2660 2187 2708 et

98 2734 271 2795 varie
312 2734 576 2797 diffusus
618 2743 742 2797 est:
799 2736 911 2796 sed
956 2751 1153 2811 genus
1196 2734 1581 2807 universum,
1624 2743 1692 2795 ut
1720 2735 1963 2794 tollatur
1994 2748 2183 2807 error,

96 2817 276 2879 brevi
307 2817 722 2881 circumscribi
753 2828 814 2880 et
846 2818 1084 2879 definiri
1118 2826 1340 2895 potest.
1405 2817 1631 2878 Omnes
1666 2816 1992 2894 optimates
2025 2826 2183 2891 sunt,

94 2901 211 2979 qui
244 2919 448 2979 neque
478 2913 775 2964 nocentes
807 2911 949 2964 sunt
980 2919 1095 2963 nec
1127 2910 1339 2963 natura
1361 2900 1634 2977 improbi
1674 2917 1788 2961 nec
1826 2898 2039 2961 furiosi
2071 2915 2183 2960 nec

94 2985 280 3047 malis
310 2986 666 3049 domesticis
696 2987 990 3084 impediti.
1067 2987 1178 3048 Est
1205 2985 1387 3061 igitur
1431 2995 1496 3048 ut
1523 2986 1565 3046 ii
1589 2986 1737 3057 sint,
1778 3001 1960 3060 quam
1990 2993 2055 3047 tu
2078 3002 2184 3046 na-

91 3071 331 3133 tionem
374 3072 730 3147 appellasti,
783 3071 885 3146 qui
928 3070 1146 3147 integri
1180 3079 1323 3132 sunt
1353 3079 1413 3131 et
1443 3070 1577 3132 sani
1610 3078 1671 3131 et
1702 3070 1858 3131 bene
1889 3070 1968 3129 de
1996 3070 2183 3132 rebus

92 3154 462 3217 domesticis
497 3155 828 3216 constituti.
886 3156 1118 3216 Horum
1152 3154 1257 3231 qui
1288 3151 1615 3226 voluntati,
1646 3154 2019 3225 commodiS,
2051 3153 2181 3227 opi

99 3238 437 3301 nionibus
422 3257 480 3299 1n
508 3238 908 3315 gubernanda
932 3255 1000 3299 re
1023 3237 1270 3335 publica
1292 3234 1588 3305 serxiunt,
1625 3235 1991 3295 defensores
2018 3230 2174 3305 opti-

98 3324 357 3385 matium
383 3323 630 3399 ipsique
649 3322 977 3418 optimates
993 3319 1341 3397 gravissimi
1365 3324 1427 3379 et
1442 3317 1764 3378 clarissimi
1778 3318 1874 3379 civ
1883 3332 1951 3375 es
1965 3330 2175 3374 nume-

99 3416 318 3469 rantur
347 3415 409 3468 et
435 3406 746 3482 principes
779 3404 1059 3465 civitatis.
1129 3402 1232 3465 98.
1279 3401 1434 3476 Quid
1466 3407 1562 3460 est
1589 3397 1772 3472 igitur
1802 3394 2189 3471 plopositum

100 3491 202 3553 bis
232 3490 324 3551 rei
357 3482 640 3565 publicae
669 3486 1179 3564 gubernatoribus
1212 3485 1378 3560 quod
1423 3480 1641 3543 intueri
1681 3489 1742 3540 et
1778 3495 1900 3552 quo
1943 3489 2186 3562 cursum

106 3592 290 3637 suum
320 3573 586 3649 dirigere
614 3574 921 3633 debeant?
975 3570 1044 3630 Id
1073 3569 1240 3645 quod
1264 3575 1361 3627 est
1382 3560 1973 3640 praestantissimum
1998 3550 2160 3608 maxi
