2514 3928
149 293 220 350 so
578 363 592 387 -‚
831 289 994 350 cAP.
1032 297 1224 351 1-4.
1267 296 1319 356 s.
1356 298 1548 352 2—9.
2104 290 2228 353 303

151 456 278 521 que
316 439 617 502 lecerunt:
662 440 856 500 Albae
882 439 1301 513 constiterunt,
1333 440 1391 499 in
1417 440 1566 502 urbe
1588 450 1952 517 opportuna,
1984 441 2230 519 munita,

150 523 532 599 propinqua,
599 522 1066 584 fortissimorum
1112 522 1409 594 virorum,
1467 524 1957 606 fidelissimorum
2007 526 2232 589 civium

148 614 342 685 atque
387 606 776 682 optimorum.
846 607 1041 669 Huius
1074 605 1330 667 Martiae
1376 607 1636 682 legionis
1671 608 1827 685 legio
1859 618 2074 686 quarta
2099 610 2229 672 imi-

152 696 280 752 tata
329 688 640 765 virtutem,
704 692 862 751 duce
904 690 972 751 L.
1019 688 1409 766 Egnatuleio,
1476 707 1658 766 quem
1708 701 1960 755 senatus
2012 693 2225 757 merito

151 775 362 847 paullo
399 781 540 835 ante
570 772 867 848 laudavit,
913 772 1296 843 G.„Caesaris
1327 772 1660 834 exercitum
1692 783 2015 849 persecuta
2045 785 2155 839 est.

278 856 379 923 111.
413 856 579 933 Quae
609 866 969 936 exspectas,
996 858 1078 924 Μ.
1104 857 1362 933 Antoni,
1391 855 1616 919 iudicia
1651 858 1976 934 graviora?
2006 859 2230 921 Caesar

148 940 343 1002 fertur
375 940 437 1002 in
473 944 740 1018 caelum,
779 943 883 1019 qui
914 950 1126 1005 contra
1163 951 1219 1004 te
1250 939 1582 1004 exercitum
1615 942 2010 1017 comparavit.
2074 943 2230 1005 Lau-

148 1024 375 1087 dantur
419 1024 920 1103 exquisitissimis
965 1025 1171 1088 verbis
1201 1025 1511 1103 legiones,
1557 1041 1719 1102 quae
1748 1034 1806 1088 te
1834 1026 2228 1103 reliquerunt,

153 1125 317 1183 quae
344 1126 381 1170 a
412 1118 470 1172 te
504 1110 837 1173 arcessitae
868 1119 1040 1184 sunt,
1074 1126 1233 1185 quae
1263 1118 1506 1183 essent,
1538 1111 1591 1170 si
1623 1120 1680 1172 te
1702 1113 2021 1173 consulem
2049 1128 2230 1186 quam

148 1188 386 1255 hostem
425 1193 784 1267 maluisseS,
828 1202 985 1255 tuae.
1051 1193 1313 1267 Quarum
1356 1192 1663 1270 legionum
1696 1194 2090 1257 fortissimum
2121 1197 2229 1256 ve·

149 1275 585 1353 rissimumque
615 1276 902 1339 iudicium
936 1276 1254 1339 confirmat
1281 1285 1563 1352 senatus,
1593 1280 1954 1354 comprobat
1980 1277 2227 1340 univer-

148 1374 264 1422 sus
312 1361 580 1435 populus
624 1362 969 1434 Romanus,
1011 1358 1129 1421 nisi
1174 1362 1328 1422 sorte
1368 1377 1514 1434 voS,
1558 1360 1847 1436 Quirites,
1892 1364 2226 1436 consulem,

151 1459 278 1503 non
321 1443 561 1506 hostem
644 1442 928 1506 iudicatis
967 1443 1318 1505 Antonium.
1405 1441 1467 1507 7.
1517 1444 1620 1505 Sic
1665 1445 2031 1517 arbitrabar,
2089 1445 2229 1520 Qui-

148 1526 332 1603 rites,
364 1543 482 1589 vos
510 1526 812 1601 iudicare,
847 1535 913 1589 ut
938 1526 1281 1590 ostenditis.
1327 1527 1527 1602 Quid?
1553 1527 1899 1603 municipia,
1934 1529 2228 1602 coloniaS‚

151 1613 572 1685 praefecturas
618 1628 763 1673 num
805 1611 978 1672 aliter
1021 1611 1293 1672 iudicare
1340 1610 1650 1672 censetis?
1686 1611 1909 1672 Omnes
1941 1612 2226 1673 mortales

147 1712 276 1774 *una
316 1704 519 1758 mente
559 1695 970 1757 consentiuntz
1012 1696 1217 1757 omnia
1248 1712 1416 1756 arma
1447 1711 1688 1768 eorum,
1740 1695 1843 1771 qui
1873 1694 2026 1755 haec
2056 1696 2230 1757 salva

152 1780 370 1854 velint,
420 1787 633 1843 contra
677 1779 838 1840 illam
884 1788 1118 1855 pestem
1150 1795 1294 1841 esse
1324 1778 1641 1855 capienda.
1719 1778 1917 1853 Quid?
1959 1780 2028 1840 D.
2058 1776 2228 1839 Bruti

150 1862 471 1937 iudicium,
507 1862 799 1937 QuiriteS,
833 1864 999 1939 quod
1030 1880 1108 1936 ex
1136 1862 1437 1925 hodierno
1471 1863 1604 1923 eius
1635 1862 1836 1925 edicto
1871 1862 2227 1939 perspicere

150 1945 468 2023 potuistis,
499 1966 654 2013 ,num
685 1947 782 2009 cui
813 1948 1055 2011 tandem
1094 1948 1602 2011 contemnendum
1635 1946 1914 2010 videtui-‘3
1949 1947 2138 2008 Recte
2169 1953 2230 2008 et

154 2047 299 2091 vere
335 2031 601 2107 negatis,
637 2031 916 2106 Quirites.
973 2033 1084 2094 Est
1116 2032 1276 2092 enim
1309 2031 1487 2107 quasi
1519 2033 1770 2092 deorum
1803 2031 2225 2092 immortalium

150 2114 455 2176 beneficio
498 2124 558 2176 et
601 2132 849 2176 munere
891 2117 1092 2177 datum
1130 2114 1219 2176 rei
1266 2115 1547 2192 publicae
1575 2116 1898 2177 Brutorum
1941 2131 2138 2190 genus
2169 2124 2230 2175 et

150 2214 376 2259 nomen
421 2199 499 2258 ad
542 2197 877 2260 libertatem
923 2199 1132 2275 populi
1174 2198 1431 2261 Romani
1475 2202 1573 2261 vel
1611 2199 2098 2262 constituendam
2131 2200 2222 2257 vel

150 2281 585 2357 recipiendam.
676 2281 734 2344 8.
774 2282 931 2356 Quid
973 2283 1151 2358 igitur
1190 2284 1260 2343 D.
1283 2284 1509 2344 Brutus
1549 2284 1626 2343 de
1654 2284 1734 2344 Μ.
1764 2283 2029 2344 Antonio
2074 2281 2226 2343 iudi-

145 2365 360 2427 cavit?
407 2366 692 2428 Excludit
728 2366 1073 2442 provincia=
1120 2365 1394 2429 exercitu
1436 2367 1702 2429 obsistit:
1745 2367 1998 2428 Galliam
2037 2375 2225 2428 totam

146 2450 428 2511 hortatur
466 2451 547 2511 ad
588 2451 808 2511 bellum
842 2450 1040 2526 ipsam
1068 2468 1183 2512 sua
1210 2459 1432 2526 sponte
1467 2467 1708 2527 suoque
1739 2449 1964 2512 iudicio
1998 2449 2224 2512 excita-

147 2542 291 2595 tam.
359 2532 425 2594 Si
456 2536 674 2595 consul
705 2533 1041 2608 Antonius,
1073 2536 1298 2596 Brutus
1329 2535 1560 2597 hostis:
1623 2534 1677 2594 si
1707 2542 2108 2596 conservator
2136 2533 2225 2593 rei

145 2615 433 2694 publicae
462 2619 717 2692 Brutu8‚
758 2618 956 2680 hostis
981 2618 1308 2680 Antonius.
1369 2619 1522 2680 Num
1562 2617 1745 2694 igitur
1773 2625 1969 2678 utrum
2008 2617 2224 2680 horum

142 2700 230 2763 sit
256 2701 944 2778 dubitarepossumus?
996 2704 1098 2762 IV.
1120 2704 1325 2778 Atque
1353 2710 1421 2764 ut
1455 2718 1566 2762 vos
1595 2718 1723 2761 una.
1751 2708 1950 2761 mente
1981 2716 2226 2774 unaque

145 2801 306 2847 voce
329 2785 606 2849 dubitare
628 2804 745 2848 vos
769 2785 1024 2862 negatis,
1062 2786 1154 2849 sic
1178 2787 1362 2847 modo
1386 2784 1657 2847 decrevit
1679 2793 1950 2857 senatuS,
1981 2783 2052 2842 D.
2073 2783 2225 2847 Bru-

141 2879 272 2931 tum
303 2868 529 2944 optime
559 2871 637 2932 de
667 2887 732 2931 re
769 2869 1013 2946 publica
1040 2869 1276 2943 mereri,
1311 2886 1497 2945 quum
1529 2876 1781 2930 senatus
1804 2869 2225 2928 auctoritatem

146 2953 487 3029 populique
504 2953 758 3016 Romani
782 2955 1114 3015 libertatem
1139 2953 1582 3030 imperiumque
1605 2953 1978 3013 defenderet.
2019 2952 2076 3013 A
2101 2966 2223 3028 quo

146 3035 553 3099 defenderet?
592 3055 810 3113 nempe
850 3037 927 3097 ab
972 3037 1169 3103 hoste.
1245 3037 1414 3111 Quae
1456 3045 1552 3098 cst
1582 3034 1740 3097 enim
1773 3035 1891 3099 alia
1919 3036 2225 3097 laudanda

144 3119 473 3184 defensio?
557 3121 617 3182 9.
660 3121 969 3197 Deinceps
1011 3122 1292 3187 laudatur
1321 3119 1636 3197 provincia
1663 3120 1854 3183 Gallia
1884 3119 2222 3195 meritoque

142 3211 398 3267 ornatur
438 3204 640 3266 verbis
672 3204 1065 3281 amplissimis
1102 3205 1180 3270 ab
1204 3212 1438 3274 senatu,
1475 3205 1644 3281 quod
1664 3202 1912 3266 resistat
1931 3203 2222 3268 AntoniO.

144 3287 338 3360 Quem
365 3286 417 3349 si
442 3290 761 3351 consulem
783 3288 884 3349 illa
911 3288 1233 3365 provincia,
1252 3295 1495 3365 putaret
1512 3305 1715 3364 neque
1738 3298 1875 3350 eum
1899 3287 2218 3363 reciperet,

146 3386 367 3445 magno
416 3374 654 3434 scelere
687 3388 758 3435 se
792 3371 1183 3448 astringeret=
1242 3389 1459 3435 omnes
1501 3372 1664 3434 enim
1691 3371 1749 3432 in
1783 3370 2056 3433 consulis
2087 3370 2220 3430 iure

144 3467 208 3512 et
240 3454 495 3529 imperio
528 3457 751 3516 debent
778 3473 921 3519 esse
953 3456 1326 3532 provinciae.
1389 3457 1584 3532 Negat
1606 3456 1725 3516 hoc
1753 3456 1823 3516 D.
1854 3455 2078 3514 Brutus
2111 3450 2218 3511 im·

142 3543 424 3613 perator,
468 3541 687 3600 consul
725 3540 1117 3616 designatus,
1161 3547 1338 3600 natus
1383 3539 1471 3600 rei
1502 3538 1784 3610 publicae
1817 3534 1998 3594 civis:
2041 3541 2220 3603 negat
