2514 3928
202 335 239 388 9
437 284 447 290 -
888 326 1051 384 CAP.
1088 336 1281 388 1--3-
1326 333 1377 393 S.
1415 336 1607 390 1—7.
2164 327 2293 390 233

202 473 258 535 si
289 473 556 555 donique
600 491 889 548 umquam
935 477 1110 535 locus
1156 475 1671 551 amplissimorum
1717 477 1994 539 ordinum
2033 479 2287 541 delectis

199 558 349 620 viris
380 560 563 639 datus
597 567 709 630 est,
741 565 808 618 ut
830 575 945 618 sua
968 557 1171 619 studia
1196 575 1342 634 erga
1364 561 1562 621 ‘fortes
1586 569 1647 621 et
1678 562 1879 623 bonos
1905 561 2092 635 civeS,
2126 581 2293 639 quae

202 644 374 702 vultu
402 649 464 702 et
493 638 703 701 verbis
736 657 925 716 saepe
960 639 1443 719 significassent,
1471 660 1539 703 re
1567 651 1627 704 et
1657 645 1974 706 sententiis
2006 646 2284 707 declara-

198 733 365 798 rent,
407 724 529 783 hoc
577 725 853 799 profecto
886 733 1160 800 tempore
1192 743 1329 786 eam
1356 734 1723 801 potestatem
1755 745 1997 789 omnem
2029 746 2142 790 vos
2178 731 2284 791 ha-

197 806 393 879 betiS,
423 815 491 868 ut
524 807 800 870 statuatis
828 817 1026 870 utrum
1048 826 1195 881 nos,
1245 809 1352 884 qui
1385 827 1633 886 semper
1664 819 1907 871 vestrae
1941 813 2289 875 auctoritati

200 891 390 953 dediti
426 889 681 964 fuimuS,
730 908 976 967 semper
1004 891 1213 954 miseri
1242 896 1564 968 lugeamus
1597 911 1675 953 an
1711 893 1815 955 diu
1850 897 2056 956 vexati
2079 914 2116 955 a
2147 914 2283 972 per-

200 973 518 1036 ditissimis
562 973 800 1037 civibus
842 975 1176 1052 aliquando
1220 995 1331 1053 per
1365 995 1480 1038 vos
1523 995 1595 1038 ac
1642 995 1755 1053 per
1781 986 2051 1039 vestram
2080 980 2288 1054 fidem,

196 1057 479 1121 virtutem
509 1059 995 1136 sapientiamque
1021 1078 1387 1122 recreemur.
1445 1061 1504 1125 5.
1545 1062 1701 1134 Quid
1734 1061 1894 1123 enim
1923 1062 2103 1122 nobis
2132 1063 2284 1124 duo-

196 1145 334 1216 buS,
365 1142 625 1217 iudiceS,
663 1142 1056 1220 laboriosius,
1088 1144 1236 1220 quid
1267 1145 1461 1221 magis
1495 1145 1841 1221 sollicitum,
1876 1145 2074 1221 magis
2105 1164 2284 1208 exer-

198 1226 384 1288 citum
424 1226 545 1287 dici
576 1235 684 1287 aut
709 1226 859 1303 fingi
889 1236 1125 1303 potest,
1171 1228 1278 1301 qui
1319 1246 1434 1304 spe
1473 1228 1988 1304 amplissimorum
2022 1230 2282 1306 praemi-

200 1327 375 1372 orum
418 1310 498 1369 ad
541 1326 670 1370 rem
702 1308 1004 1384 publicam
1050 1309 1298 1370 adducti
1344 1321 1510 1372 metu
1541 1312 2103 1375 crudelissimorum
2134 1332 2307 1390 sup-⁷

200 1392 523 1469 pliciorum
556 1407 766 1452 carere
815 1406 940 1452 non
978 1400 1354 1468 possumus?
1393 1393 1694 1468 Equidem
1771 1404 2008 1456 ceteras
2050 1405 2282 1472 tempe-

200 1484 393 1538 states
424 1483 485 1535 et
516 1476 819 1550 procellas
847 1473 1043 1536 inillis
1067 1477 1212 1536 dum
1231 1483 1398 1536 taxat
1416 1475 1702 1536 fluctibus
1745 1477 2095 1539 contionum
2124 1496 2283 1540 sem-

200 1577 314 1638 per
358 1557 568 1634 putavi
595 1558 808 1619 Miloni
849 1574 993 1619 esse
1041 1559 1431 1632 subeundas,
1471 1558 1614 1634 quia
1655 1577 1900 1635 semper
1946 1577 2058 1636 pro
2102 1563 2286 1623 bonis

197 1653 415 1706 contra
443 1642 759 1718 improbos
795 1649 1101 1715 senserat,
1148 1642 1210 1701 in
1252 1641 1478 1704 iudicio
1526 1659 1674 1703 vero
1717 1651 1777 1703 et
1809 1642 1865 1702 in
1899 1659 1973 1704 eo
2005 1645 2287 1720 consili0,

198 1728 259 1789 in
291 1744 416 1803 quo
452 1742 531 1786 ex
562 1723 800 1787 cunctis
833 1723 1151 1787 ordinibus
1182 1724 1547 1802 amplissimi
1577 1723 1688 1785 viri
1718 1725 2078 1798 iudicarent,
2110 1745 2278 1788 num-

198 1829 381 1888 quam
415 1808 763 1872 existimavi
786 1827 961 1885 spem
995 1808 1178 1871 ullam
1208 1826 1353 1871 esse
1373 1810 1695 1872 habituros
1723 1809 1970 1871 Milonis
2003 1809 2287 1872 inimicos

196 1897 277 1957 ad
304 1895 439 1956 eius
463 1911 588 1956 non
610 1896 797 1956 modo
823 1897 1081 1956 salutem
1105 1893 1638 1971 exstinguendam,
1673 1894 1786 1955 sed
1818 1893 1997 1954 etiam
2027 1895 2285 1971 gloriam

199 1997 309 2057 per
349 1981 503 2040 tales
544 1978 715 2041 viros
760 1978 1228 2055 infringendam.
1316 1980 1375 2040 6.
1409 1979 1790 2055 Quamquam
1821 1976 1882 2037 in
1914 1978 2032 2039 hac
2068 1996 2286 2053 causa,

204 2072 474 2141 iudices,
525 2072 594 2129 T.
633 2065 819 2126 Annii
853 2065 1194 2139 tribunatu,
1234 2061 1550 2136 rebusque
1594 2062 1875 2124 omnibus
1914 2079 2027 2139 pro
2075 2063 2279 2120 salute

207 2153 298 2213 rei
327 2153 611 2228 publicae
633 2149 827 2225 gestis
856 2147 935 2207 ad
958 2144 1139 2205 huius
1166 2142 1432 2205 criminis
1464 2146 1887 2207 defensionem
1912 2164 2035 2205 non
2065 2146 2279 2205 abute-

207 2254 364 2295 mur.
421 2234 551 2295 Nisi
576 2232 770 2295 oculis
794 2229 1070 2291 videritis
1094 2227 1349 2289 insidias
1371 2228 1585 2289 Miloni
1606 2247 1641 2290 a
1668 2231 1880 2292 Clodio
1906 2231 2123 2300 sactaS,
2155 2243 2284 2287 nec

200 2318 587 2393 deprecaturi
625 2334 867 2392 sumus,
897 2324 965 2379 ut
986 2315 1213 2377 crimen
1245 2314 1365 2375 hoc
1395 2314 1576 2376 nobis
1607 2320 1857 2389 propter
1887 2312 2075 2372 multa
2104 2327 2280 2386 prae-

202 2405 367 2482 clara
394 2399 453 2462 in
477 2418 606 2462 rem
639 2400 942 2477 publicam
970 2400 1182 2461 merita
1206 2398 1589 2472 condonetiS,
1619 2412 1735 2457 nec
1773 2393 2155 2471 postulaturi,
2192 2402 2285 2467 ut,

200 2486 254 2548 si
291 2501 457 2546 mors
483 2486 548 2545 P.
580 2484 775 2547 Clodii
797 2488 966 2546 salus
990 2492 1196 2546 vestra
1242 2482 1446 2554 fuerit,
1492 2479 1724 2542 idcirco
1759 2495 1893 2539 eam
1925 2477 2135 2539 virtuti
2168 2476 2281 2537 Mi-

201 2569 361 2631 lonis
409 2569 612 2644 potius
659 2585 839 2645 quam
881 2567 1093 2645 populi
1121 2566 1384 2628 Romani
1415 2562 1681 2642 felicitati
1723 2560 2081 2637 adsignetis.
2173 2560 2283 2621 Sin

201 2653 365 2715 illius
395 2652 655 2714 insidiae
687 2654 978 2714 clariores
1007 2652 1125 2711 hac
1157 2652 1295 2711 luce
1328 2648 1580 2720 fuerint,
1621 2655 1749 2707 tum
1795 2644 2066 2719 denique
2099 2645 2280 2705 obse-

199 2738 386 2799 crabo
419 2737 898 2812 obtestaborque
928 2752 1074 2807 VOS,
1124 2732 1361 2794 iudices
1380 2778 1394 2805 ,
1424 2729 1478 2792 si
1553 2739 1753 2792 cetera
1781 2727 2128 2799 amisimuS‚
2158 2727 2287 2786 hoc

202 2823 418 2883 saltem
446 2821 627 2882 nobis
654 2828 718 2881 ut
744 2818 1140 2893 relinquatur,
1175 2815 1359 2876 vitam
1388 2815 1465 2874 ab
1495 2813 1875 2873 inImicorum
1905 2808 2164 2870 audacia
2197 2818 2284 2871 te-

200 2906 401 2979 lisque
429 2912 497 2965 ut
523 2905 772 2980 impune
799 2901 982 2964 liceat
1009 2900 1359 2961 defendere.

154 3052 160 3056 ,
327 2988 427 3048 111.
458 2986 517 3050 7.
548 2988 672 3049 Sed
702 2994 844 3048 ante
874 3002 1056 3062 quam
1082 2985 1163 3045 ad
1191 3000 1326 3043 eam
1353 2979 1689 3043 orationem
1721 2976 1936 3054 veni0,
1983 2996 2141 3053 quae
2192 2984 2289 3040 est

203 3072 456 3150 propria
519 3080 766 3132 vestrae
812 3064 1223 3143 quaestionis,
1283 3065 1570 3123 videntur
1625 3079 1700 3123 ea
1745 3080 1888 3126 esse
1943 3062 2286 3136 refutanda,

201 3172 365 3232 quae
390 3152 534 3216 etin
559 3159 779 3215 senatu
805 3150 883 3211 ab
906 3147 1164 3210 inimicis
1188 3164 1379 3224 saepe
1410 3147 1631 3208 iactata
1660 3154 1802 3208 sunt
1823 3154 1884 3207 et
1913 3146 1971 3205 in
1998 3145 2288 3207 contione

200 3240 279 3301 ab
308 3235 607 3314 improbis
646 3244 708 3297 et
725 3235 933 3312 paullo
965 3241 1107 3294 ante
1137 3231 1212 3292 ab
1242 3230 1741 3306 accusatoribus,
1789 3239 1859 3291 ut
1887 3230 2048 3291 omni
2078 3244 2289 3290 errore

203 3324 448 3385 sublato
475 3337 607 3381 rem
638 3320 851 3395 plane,
901 3333 1061 3392 quae
1088 3314 1297 3376 veniat
1325 3313 1385 3375 in
1414 3313 1738 3391 iudicium,
1767 3313 1980 3375 videre
2010 3310 2295 3389 possitis.

205 3407 442 3481 Negant
475 3402 694 3465 intueri
729 3404 926 3463 lucem
962 3415 1107 3461 esse
1137 3400 1230 3460 fas
1262 3397 1340 3474 ei,
1376 3400 1479 3474 qui
1507 3416 1544 3459 a
1577 3414 1647 3459 se
1675 3397 1981 3459 hominem
2014 3396 2292 3456 occisum

208 3504 354 3549 esse
398 3490 673 3550 fateatur.
758 3488 827 3546 ln
866 3501 990 3561 qua
1023 3484 1267 3545 tandem
1307 3484 1460 3543 urbe
1488 3482 1608 3542 hoc
1639 3479 1920 3541 homInes
1951 3474 2288 3537 stultissimi

207 3570 572 3647 disputant?
599 3587 819 3646 nempe
848 3568 907 3629 in
939 3584 1043 3643 ea,
1076 3583 1235 3644 quae
1269 3562 1527 3642 primum
1557 3562 1845 3624 iudicium
1868 3562 1946 3620 de
1977 3558 2176 3631 capite
2200 3554 2293 3614 vi·
