2514 3928
56 280 134 337 83
692 274 857 333 CAP.
888 280 1152 335 16—18.
1194 279 1245 339 s.
1273 280 1538 334 43—49.
2020 272 2145 362 381

61 438 345 499 tempore
388 421 569 483 saluti
612 421 1008 517 dignitatique
1062 421 1278 497 populi
1328 420 1585 483 Romani
1626 422 2007 500 subvenerit,
2064 428 2140 489 ob

63 522 178 567 eas
209 522 433 566 causas
467 504 707 566 senatui
733 507 1010 581 placere,
1054 506 1117 565 C.
1150 504 1507 579 Caesarem,
1547 505 1679 566 Gaii
1717 506 1938 582 filium,
1990 524 2143 584 pon·

62 590 323 659 tificem,
385 604 494 664 pro
544 595 852 684 praetore,
906 595 1251 650 senatorem
1297 604 1439 648 esse
1487 583 1991 687 sententiamque
2003 593 2141 654 loco

62 670 379 748 praetorio
418 669 655 732 dicere·
691 672 952 746 eiusque
987 670 1316 745 rationem,
1351 687 1798 748 quemcumque
1828 673 2139 749 magistra·
2230 685 2248 703 ·

63 765 194 820 tum
223 761 406 829 petet,
421 754 503 814 tta
528 752 757 826 haberi,
775 764 841 815 ut
868 754 1080 815 haberi
1109 771 1219 829 per
1246 756 1417 829 leges
1446 754 1673 826 liceret,
1698 753 1752 817 si
1777 772 1938 817 anuo
1960 774 2141 833 supe·
2274 799 2295 824 ,ν

61 840 231 898 riore
266 846 555 913 quaestor
585 836 820 899 fuisset.
875 836 979 900 47.
1024 838 1181 913 Quid
1211 845 1307 899 est
1334 836 1522 911 enim,
1555 844 1761 913 patres
1792 839 2144 916 conscripti,
2196 847 2217 906 ἰ

64 938 178 983 cur
212 936 351 981 eum
383 937 501 982 non
535 937 716 996 quam
745 920 1005 997 primum
1036 920 1452 993 amplissimos
1484 920 1754 982 bonores
1785 938 2011 998 capere
2040 940 2144 984 cu-

63 1005 354 1081 piamus?
401 1002 667 1079 Legibus
699 1005 857 1066 enirn
887 1004 1209 1066 annalibus
1242 1021 1429 1081 quum
1461 1003 1852 1080 grandiorem
1884 1014 2144 1070 aetatem

62 1089 145 1148 ad
177 1089 561 1150 consulatum
595 1087 1072 1162 constituebant,
1114 1088 1569 1149 adolescentiae
1612 1089 2006 1152 temeritatem
2039 1107 2142 1152 ve·

60 1172 384 1233 rebantur:
449 1171 511 1230 C.
549 1170 775 1232 Cacsar
810 1172 1056 1234 ineunte
1089 1181 1288 1233 aetate
1321 1171 1528 1233 docuit
1554 1171 1632 1232 ab
1661 1172 1983 1235 excellenti
2014 1174 2141 1236 exi-

59 1254 313 1329 miaque
350 1253 570 1314 virtute
605 1270 1004 1330 progressum
1043 1253 1262 1317 aetatis
1304 1254 1652 1331 exspectari
1679 1274 1800 1318 non
1835 1266 2138 1333 oportere.

59 1339 283 1414 Itaque
315 1336 580 1398 maiores
611 1337 837 1411 nostri,
881 1343 1122 1398 veteres
1153 1338 1270 1410 illi,
1315 1339 1643 1399 admodum
1673 1340 1934 1416 antiqui,
1972 1342 2143 1417 leges

60 1422 322 1481 annales
356 1436 475 1481 non
510 1383 845 1482 habebant⁹=
877 1438 1033 1495 quas
1062 1419 1264 1480 multis
1293 1429 1439 1496 post
1460 1420 1636 1481 annis
1661 1421 2139 1506 attulitambitiO,

60 1513 131 1565 ut
154 1505 401 1600 gradus⁰
418 1511 629 1565 essent
656 1504 970 1579 petitionis
998 1502 1153 1566 intel
1180 1505 1494 1578 aequales.
1581 1491 1693 1564 lta
1704 1520 1895 1580 saepe
1924 1522 2142 1582 magna

63 1588 316 1649 indoles
345 1585 600 1659 virtutis,
634 1587 806 1662 prius
840 1605 1024 1663 quam
1058 1586 1148 1648 rei
1173 1586 1456 1662 publicae
1484 1587 1790 1663 prodesse
1819 1589 2141 1663 potuisset,

61 1672 372 1733 exstincta
408 1679 520 1732 est.
581 1668 686 1732 48.
727 1672 811 1731 Αι
843 1688 986 1732 vero
1018 1670 1187 1746 apud
1219 1669 1508 1746 antiquos
1536 1670 1728 1746 Rulli,
1760 1670 1962 1745 Decii,
1999 1672 2142 1733 Cor·

65 1754 196 1816 vini
228 1754 521 1830 multique
554 1753 689 1833 alii,
736 1753 1080 1816 recentiore
1114 1761 1317 1816 autem
1345 1754 1638 1815 memoria
1667 1754 1952 1831 superior
1982 1753 2143 1815 Afri-

60 1855 260 1900 canus
301 1838 366 1897 T.
409 1836 783 1898 Flamininus
824 1835 1152 1901 admodum
1195 1838 1624 1900 adolescentes
1667 1840 1956 1900 consules
2000 1839 2143 1900 sacti

64 1929 271 1987 tantas
302 1938 403 1984 res
438 1928 790 1999 gesserunt,
840 1930 907 1984 ut
950 1921 1163 2000 populi
1195 1921 1452 1983 Romani
1498 1919 1814 1998 imperium
1841 1923 2137 1997 auxerint,

63 2020 294 2069 nomen
325 2005 610 2066 ornarint.
653 2004 852 2080 Quid?
887 2006 1145 2069 Macedo
1167 2006 1549 2079 Alexander,
1589 2024 1773 2082 quum
1795 2007 1872 2067 ab
1896 2007 2141 2068 ineunte

60 2097 271 2151 aetate
299 2104 400 2150 res
431 2089 728 2161 maximas
766 2105 980 2164 gerere
1023 2088 1366 2165 coepisset,
1415 2105 1619 2151 nonne
1653 2090 1827 2152 tertio
1872 2098 1933 2150 et
1964 2088 2141 2150 trice-

61 2175 227 2235 simo
258 2188 419 2232 anno
450 2181 704 2233 mortem
734 2172 928 2235 obiit?
990 2188 1152 2249 quae
1181 2180 1279 2233 est
1309 2181 1478 2234 aetas
1511 2174 1739 2235 nostris
1771 2171 2006 2248 legibus
2037 2174 2140 2233 de-

59 2272 202 2318 cem
236 2254 414 2317 annis
452 2253 650 2316 minor
682 2271 863 2331 quam
900 2254 1263 2318 consularis.
1346 2256 1439 2315 Ex
1475 2273 1599 2332 quo
1641 2254 1898 2317 iudicari
1940 2264 2140 2332 potest

58 2338 309 2400 virtutis
350 2356 494 2401 esse
533 2356 719 2415 ‚quam
747 2338 963 2401 aetatis
998 2357 1243 2401 cursum
1275 2338 1649 2401 celeriorem.
1734 2340 1947 2401 XVIII.
1989 2340 2138 2401 Nam

60 2423 242 2501 quod
275 2421 348 2496 ii,
379 2421 483 2499 qui
514 2423 758 2484 Caesari
787 2422 1087 2497 invident,
1124 2422 1413 2485 simulant
1443 2439 1513 2484 se
1543 2423 1791 2501 timere,
1816 2439 1894 2484 ne
1924 2439 2139 2484 veren-

57 2510 211 2570 dum
241 2505 488 2582 quidem
517 2515 628 2580 est,
659 2513 730 2567 ut
757 2515 967 2568 tenere
997 2524 1067 2568 se
1099 2505 1321 2584 possit,
1351 2512 1417 2567 ut
1437 2507 1759 2579 moderari,
1795 2522 1872 2566 nc
1894 2505 2138 2567 honori·

57 2593 188 2653 bus
212 2590 442 2652 nostris
470 2591 668 2653 elatus
700 2589 1207 2666 intemperantius
1238 2588 1372 2652 suis
1406 2589 1627 2666 opibus
1655 2597 1876 2653 utatur.
1926 2587 2142 2650 49.1⁴:a

57 2683 287 2736 natura
318 2690 520 2736 rerum
542 2682 653 2747 est,
691 2682 899 2750 patres
923 2673 1275 2751 conscripti,
1308 2681 1374 2735 ut
1404 2672 1508 2749 qui
1529 2689 1787 2751 sensum,
1804 2686 1989 2731 verae
2010 2672 2139 2746 glo-

55 2757 199 2820 riae
222 2759 453 2833 ceperit
477 2756 707 2834 quique
729 2774 800 2819 se
823 2758 901 2819 ab
925 2767 1161 2830 senatu,
1192 2758 1271 2818 ab
1295 2756 1601 2832 equitibus
1621 2752 1914 2818 Romanis
1938 2770 2140 2831 popu-

60 2846 262 2918 loque
294 2842 572 2911 Romano
602 2840 894 2903 universo
923 2841 1187 2903 senserit
1215 2840 1410 2902 civem
1441 2856 1646 2901 carum
1675 2836 1888 2900 haberi
1917 2840 2140 2900 saluta·

59 2940 328 3000 remque
341 2925 429 2986 rei
445 2924 749 3002 publicae,
765 2924 912 2987 nihil
937 2928 1073 2986 cum
1087 2925 1204 2987 hac
1215 2924 1422 3023 ‘gloria
1449 2922 1929 3000 comparandum
1951 2929 2138 2998 putet.

59 3007 389 3073 UtinamC
408 3008 670 3081 Caesari,
699 3008 856 3085 patri
881 3007 1040 3083 dico,
1070 3007 1430 3106 contigisset
1455 3004 1854 3083 adolescenti,
1879 3014 1948 3067 ut
1974 3015 2141 3069 esset

62 3089 312 3156 senatui
342 3099 525 3167 atque
555 3092 784 3169 optimo
817 3091 1042 3191 cuique
1069 3083 1456 3154 carissimus!
1493 3091 1668 3167 Quod
1700 3108 1888 3166 quum
1922 3107 2130 3153 conse

63 3173 180 3255 qui
206 3174 618 3251 neglexisset,
649 3192 888 3238 omnem
915 3176 1035 3237 vim
1064 3175 1325 3252 ingenii,
1355 3191 1514 3250 quae
1535 3191 1773 3236 summa
1795 3173 1944 3238 ruit
1927 3192 1987 3235 ιιι
2015 3172 2149 3248 illo,

62 3262 159 3322 in
151 3255 450 3335 populari
479 3256 723 3322 levitate
753 3258 1155 3337 consumpsit.
1223 3259 1435 3344 ltaque
1466 3275 1670 3357 quum·
1677 3267 2026 3336 respectum
2061 3257 2139 3344 ad

67 3348 353 3406 senatum
375 3351 436 3404 et
464 3342 545 3404 ad
575 3343 774 3406 bonos
811 3360 934 3405 non
974 3344 1256 3417 haberet,
1299 3357 1436 3404 eam
1464 3341 1583 3403 sibi
1610 3341 1770 3403 viam
1804 3341 1940 3419 ipse
1970 3348 2137 3416 pate·

70 3425 220 3489 fecit
247 3424 326 3484 ad
356 3442 510 3501 opes
552 3444 700 3489 suas
728 3427 1224 3503 amplificandaS,
1271 3443 1452 3502 quam
1483 3425 1676 3488 virtus
1714 3422 1888 3486 liberi
1924 3420 2138 3499 populi

67 3514 236 3572 ferre
279 3523 401 3568 non
438 3518 673 3584 posset.
760 3508 909 3570 Eius
939 3520 1140 3572 autem
1176 3507 1284 3569 filii
1324 3507 1680 3584 longissime
1711 3506 1956 3569 diversa
1984 3503 2137 3565 ratio
