2514 3928
243 189 377 254 458
504 189 579 247 IN
609 188 687 246 M.
720 185 1122 248 ANTONIUM
1151 183 1440 245 0RAT10
1470 180 1887 242 PHILIPPICA
1923 181 2082 240 XIII.
2264 186 2385 241 ιω

247 358 379 419 xn.
426 358 524 417 An
572 369 721 415 vero
768 360 871 415 tua
916 359 1118 413 castra
1163 348 1373 426 potius
1408 355 1688 410 senatum
1721 348 2246 423 appellaremus,
2298 348 2365 408 iu

245 439 478 515 quibus
510 445 576 497 tu
608 453 679 498 es
711 436 1000 504 videlicet
1028 433 1395 504 consulariS,
1426 432 1603 493 cuius
1635 438 1800 493 totus
1833 433 2230 492 consulatus
2266 439 2373 493 est

245 538 333 583 ex
386 521 551 581 omni
595 520 1105 581 monimentorum
1154 515 1461 578 memoria·
1490 518 1776 577 evulsus:
1826 515 1951 576 duo
1997 523 2370 591 praetores

246 604 388 666 sine
433 620 625 665 causa
670 603 856 665 diffisi
900 619 972 666 se
1015 601 1245 678 aliquid
1292 601 1643 661 habituros:
1689 616 1806 659 nos
1849 600 2011 659 enim
2045 598 2370 660 Caesaris

252 688 556 748 beneficia
609 687 1032 753 defendimus:
1103 685 1423 763 praetorii,
1477 683 1912 758 Philadelphus
1965 685 2238 745 Annius
2307 691 2373 743 et

249 773 555 833 innocens
591 771 852 832 Gallius:
899 770 1190 841 aedilicii,
1237 785 1507 845 corycus
1536 771 1792 829 lateru‘m
1825 775 1889 827 et
1920 767 2107 828 vocis
2141 782 2367 836 meae,

252 857 494 927 Bestia,
535 862 597 915 et
630 854 775 924 fidei
805 861 1135 930 patronus,
1176 854 1496 914 fraudator
1523 852 1926 922 creditorum,
1965 851 2361 922 Trebellius,

247 945 320 1000 et
352 940 538 1001 homo
566 937 849 1013 diruptus
879 937 1291 1013 dirutusque,
1319 938 1387 1010 Q.
1421 935 1694 1008 Caelius,
1731 938 2163 1009 columenque
2195 936 2361 995 ami·

249 1038 472 1083 corum
513 1021 797 1092 Antonii,
844 1022 1063 1098 Cotyla
1092 1022 1351 1095 Varius,
1400 1036 1584 1094 quem
1622 1018 1928 1080 Antonius
1972 1018 2363 1081 deliciarum

256 1122 449 1166 causa
483 1103 633 1164 loris
678 1104 736 1164 in
766 1104 1055 1165 convivio
1088 1104 1266 1166 caedi
1300 1104 1546 1164 iubebat
1587 1120 1625 1161 a
1653 1103 1853 1165 servis
1884 1101 2205 1178 publicis:
2259 1119 2363 1163 se·

249 1187 687 1265 ptcmvirales,
723 1189 945 1259 Lento,
976 1187 1239 1248 Nucula:
1273 1195 1401 1248 tum
1431 1187 1687 1248 deliciae
1716 1194 1904 1262 atque
1936 1203 2206 1248 amores
2245 1205 2361 1263 po-

249 1272 387 1348 puli
431 1272 716 1348 Romani,
737 1273 799 1330 L.
840 1272 1178 1333 Antonius:
1239 1271 1465 1332 tribuni
1515 1269 1777 1346 primum
1835 1272 1961 1331 duo
2008 1271 2357 1347 designati,

256 1358 469 1416 Tullus
513 1355 839 1427 HostiliuS,
887 1355 993 1428 qui
1044 1372 1159 1415 suo
1208 1355 1340 1415 iure
1393 1355 1452 1415 in
1499 1362 1677 1428 porta
1731 1369 1953 1414 nomen
2000 1354 2356 1431 inscripsit,

254 1455 385 1514 qua
405 1455 590 1513 quum
617 1441 885 1513 prodere
908 1439 1347 1514 imperatorem
1367 1450 1547 1499 suum
1569 1455 1690 1498 non
1717 1437 2046 1513 potuisset,
2070 1439 2354 1514 reliquit.

259 1524 436 1582 Alter
469 1531 565 1582 est
593 1522 954 1597 designatus
984 1522 1247 1583 Insteius
1285 1522 1496 1583 nescio
1525 1521 1657 1595 qui,
1692 1522 1887 1591 fortis,
1925 1528 1991 1581 ut
2022 1522 2226 1593 aiunt,
2274 1524 2355 1584 la·

252 1614 390 1667 tro:
437 1622 619 1678 quem
652 1612 854 1665 tamen
885 1614 1328 1681 temperantem
1363 1606 1560 1665 fuisse
1591 1606 1791 1665 serunt
1819 1604 2064 1666 Pisauri
2094 1607 2351 1667 balnea

258 1698 479 1750 torem.
530 1689 628 1747 27.
655 1690 1012 1764 Sequuntur
1033 1689 1131 1752 alii
1155 1689 1477 1761 tribunicii,
1504 1691 1570 1752 T.
1587 1690 1851 1749 Plancus
1870 1688 1931 1748 in
1952 1688 2215 1762 primis:
2245 1689 2349 1764 qui
2460 1723 2461 1728 κ

260 1772 318 1834 si
360 1778 643 1833 senatum
692 1772 1039 1844 dilexisset,
1083 1789 1415 1847 numquam
1458 1772 1688 1832 curiam
1730 1772 2140 1832 incendisset.
2216 1775 2347 1848 Quo

253 1859 506 1918 scelere
536 1858 857 1917 damnatus
887 1856 948 1915 in
980 1872 1113 1916 eam
1144 1857 1359 1916 urbem
1388 1856 1569 1917 rediit
1596 1856 1811 1928 armis,
1848 1872 1928 1916 ex
1958 1872 2087 1930 qua
2122 1873 2345 1918 exces-

257 1946 430 2002 serat
455 1939 716 2017 legibuS.
790 1939 913 2000 Sed
950 1940 1069 2002 hoc
1105 1940 1161 2001 ei
1190 1955 1516 2001 commune
1546 1955 1682 2001 cum
1710 1939 1986 2017 plurimis
2021 1938 2125 2001 sui
2159 1940 2343 2001 simil-
2458 1939 2459 1946 ’

259 2022 442 2083 limis.
523 2023 679 2084 Illud
731 2032 929 2084 tamen
972 2024 1216 2096 mirum,
1269 2025 1438 2099 quod
1468 2026 1543 2085 in
1583 2025 1702 2084 hoc
1739 2025 1968 2084 Planco
2016 2025 2342 2100 proverbii

264 2111 405 2168 loco
449 2107 570 2168 dici
612 2109 799 2178 solet,
845 2107 1049 2183 perire
1080 2125 1215 2168 eum
1265 2125 1388 2169 non
1422 2123 1642 2183 posse,
1683 2107 1801 2167 nisi
1832 2107 1887 2168 ei
1928 2123 2116 2168 crura
2149 2110 2344 2168 fracta

252 2200 495 2251 essent.
582 2190 801 2251 Fracta
845 2201 988 2252 sunt
1028 2198 1089 2252 et
1139 2192 1307 2253 vivit.
1395 2193 1530 2252 Hoc
1572 2200 1802 2262 tamen,
1849 2198 1917 2251 ut
1956 2191 2081 2251 alia
2128 2195 2338 2260 multa.

262 2274 530 2349 Aquilae
559 2276 865 2336 reseratur
892 2282 1237 2350 acceptum.
1325 2276 1478 2335 XllI.
1508 2276 1620 2335 Est
1649 2275 1831 2336 etiam
1861 2274 1941 2334 ibi
1973 2275 2231 2343 Decius,
2266 2277 2338 2335 ab

261 2356 402 2428 illis,
445 2365 514 2415 ut
554 2357 801 2432 opinor,
844 2359 1118 2421 Muribus
1162 2358 1430 2432 [DeciisJ.
1498 2359 1716 2433 Itaque
1757 2359 2038 2419 Caesaris
2085 2375 2337 2420 munera

266 2440 450 2500 rosit:
492 2439 816 2501 Deciorum
850 2441 1097 2516 quidem
1132 2446 1321 2503 multo
1358 2442 1680 2502 intervallo
1721 2459 1831 2516 per
1869 2441 2032 2503 hunc
2062 2444 2334 2518 praecla-

266 2541 400 2584 rum
436 2522 630 2585 virum
678 2525 972 2585 memoria
1010 2534 1312 2587 renovata
1353 2534 1467 2586 est.
1557 2524 1783 2585 Saxam
1810 2524 1976 2585 ”vero
2016 2526 2332 2587 Decidium

259 2607 606 2684 praeterire
637 2608 740 2684 qui
770 2625 1048 2684 possum,
1082 2610 1386 2671 hominem
1418 2610 1748 2669 deductum
1777 2625 1853 2668 ex
1889 2609 2119 2670 ultimis
2147 2610 2333 2685 genti·

265 2693 414 2767 buS,
458 2700 524 2753 ut
552 2709 690 2754 eum
728 2693 1035 2752 tribunum
1068 2694 1268 2768 plebis
1313 2694 1679 2765 videremuS,
1724 2708 1907 2767 quem
1939 2693 2141 2753 civem
2171 2711 2329 2754 num-

265 2793 454 2852 quam
494 2776 884 2838 videramus?
936 2776 1035 2836 28.
1065 2778 1176 2838 Est
1204 2776 1428 2837 ibidem
1459 2779 1614 2836 alter
1637 2778 1937 2837 Saserna:
1970 2779 2083 2837 sed
2119 2793 2332 2837 omnes

267 2868 471 2920 tamen
520 2868 748 2923 tantam
792 2860 1511 2943 liabentbsimilitudinem
1556 2860 1714 2921 inter
1744 2876 1846 2932 se,
1901 2869 1970 2920 ut
2010 2862 2071 2920 in
2119 2876 2329 2922 eorum

265 2945 770 3018 praenominibus
803 2961 1021 3006 errem.
1074 2945 1199 3005 Nec
1235 2961 1382 3006 vero
1406 2944 1686 3014 Extitius,
1720 2943 2097 3019 Philadelphi
2128 2946 2325 3011 frater,

263 3035 594 3100 quaestor,
640 3028 1218 3104 praetermittendus
1252 3036 1374 3102 est,
1409 3045 1520 3096 ne,
1565 3029 1619 3088 si
1649 3028 1728 3088 de
1759 3028 2096 3088 clarissimo
2127 3029 2326 3088 adole·

257 3118 484 3170 scente
524 3110 788 3184 siluer0,
845 3113 1146 3174 invidisse
1190 3113 1401 3174 videar
1438 3112 1730 3173 Antonio.
1818 3112 1930 3171 Est
1973 3111 2152 3172 etiam
2198 3113 2323 3170 Asi·
2449 3128 2451 3233 1

260 3192 410 3251 -nius
442 3192 687 3266 quidam
721 3203 976 3255 senator
1001 3198 1404 3266 voluntariuS,
1436 3198 1634 3255 lectus
1657 3195 1795 3270 ipse
1825 3212 1862 3255 a
1890 3211 1977 3255 se.
2033 3196 2318 3268 Apertam

260 3274 499 3333 curiam
534 3275 680 3334 vidit
707 3284 853 3348 post
895 3278 1176 3341 Caesaris
1210 3287 1498 3341 mortem:
1544 3279 1800 3338 mutavit
1827 3281 2104 3338 calceos:
2155 3285 2320 3351 pater
2448 3352 2449 3363 χ

270 3356 660 3429 conscriptus
700 3366 958 3431 repente
997 3363 1197 3425 sactus
1244 3370 1358 3424 est.
1439 3363 1571 3423 Non
1617 3360 1766 3422 novi
1807 3361 1951 3422 Sex.
1984 3361 2314 3428 Albedium.
2448 3370 2449 3409 l

259 3439 386 3499 sed
418 3446 616 3498 tamen
642 3440 944 3500 neminem
969 3449 1100 3511 tam
1117 3447 1482 3508 maledicum
1505 3444 1739 3507 offendi
1765 3445 1871 3519 qui
1889 3443 2054 3504 illum
2076 3451 2317 3518 negaret
2447 3412 2449 3535 Α
