2514 3928
274 208 407 270 424
563 207 640 267 IN
671 206 750 267 M.
782 203 1187 266 ANTONIUM
1218 203 1503 265 ORATIO
1534 203 1959 264 PHILIPPICA
1986 203 2101 264 XI.
2305 211 2397 264 120

273 357 447 410 'vincia
477 365 683 408 auctore
717 357 787 411 M.
823 358 1045 407 Antonio
1077 372 1108 405 a
1139 365 1316 407 senatu
1360 363 1469 408 erat
1504 357 1705 407 decreta
1720 394 1734 417 ,
1777 364 2076 407 cessaverat
2095 393 2112 416 ‚
2163 358 2275 409 sed
2312 360 2395 408 ite

279 431 331 479 in
389 427 703 492 provinciam
750 433 1061 491 susceperat.
1137 426 1246 485 Quo
1295 426 1346 475 in
1390 426 1571 478 itinere
1619 441 1774 489 quum
1819 426 2049 475 venisset
2102 426 2164 477 in
2216 427 2392 478 Asia·

277 495 590 563 provinciam
604 531 621 560 ,
658 495 851 546 invenit
887 495 958 544 ibi
991 492 1047 548 G.
1074 494 1385 545 Trebonium
1420 509 1514 561 pro
1553 493 1790 559 consule,
1834 495 1921 557 qui
1955 509 2082 544 cum
2122 496 2206 549 M.
2239 496 2390 547 Bruto

277 575 328 615 et
367 563 422 614 G.
454 562 631 613 Cassio
661 572 711 614 et
767 564 950 614 ceteris
974 573 1146 613 contra
1173 563 1229 617 C.
1256 563 1523 613 Caesarem
1551 564 1915 613 coniuraverat.
1989 564 2044 613 Is
2081 563 2392 615 Dolabellae

277 634 467 684 invitus
515 635 610 683 iter
656 647 750 698 per
790 633 1108 698 provinciam
1143 647 1292 682 suam
1324 647 1385 682 ea
1413 632 1713 683 condicione
1757 633 2043 697 concessit,
2096 641 2160 683 ut
2196 633 2392 699 oppida

278 704 475 753 munita
519 703 718 753 vitaret.
791 701 893 752 Sed
936 716 1052 751 eum
1096 700 1344 767 Zmyrnae
1390 703 1450 756 P.
1487 700 1749 751 Dolabella
1801 715 1896 765 per
1936 700 2196 751 fraudem
2220 741 2225 744 .
2247 711 2391 765 atque

278 772 492 823 insidias
535 778 856 836 oppresserat
898 773 1049 834 atque
1092 769 1431 825 interfecerat.
1506 770 1657 831 Quod
1703 784 1859 834 quum
1894 769 2097 820 Romae
2146 771 2391 821 auditum

280 847 435 899 esset,
469 838 522 889 G.
555 841 723 891 Pansa
754 842 1053 890 convocavit
1086 846 1347 898 senatum,
1388 842 1442 889 in
1475 854 1577 903 quo
1621 841 1685 890 de
1727 855 1787 889 eo
1824 838 2090 889 consuluit
2124 854 2298 903 quem
2330 840 2391 890 sd

280 909 488 960 modum
524 916 695 974 patres
726 909 1000 972 conscripti
1032 905 1088 961 Ο.
1122 908 1358 959 Trebnnii
1387 916 1600 959 mortem
1633 908 1812 957 ulcisci
1845 915 2115 973 cuperent.
2193 907 2274 961 Μ.
2312 908 2390 959 Ci-

281 994 395 1029 cero
426 993 521 1027 suo
555 977 669 1027 loco
715 978 1014 1027 sententiam
1040 985 1247 1042 rogatus
1281 980 1477 1028 censuit
1504 977 1661 1043 idem,
1692 977 1831 1041 quod
1856 976 1915 1037 Q.
1948 975 2130 1027 Fufius
2162 974 2390 1028 Galenus

280 1055 397 1097 ante
433 1061 490 1096 se
526 1053 817 1105 censuerat,
858 1053 915 1095 ut
949 1046 1005 1101 P.
1039 1044 1304 1097 DolaBella
1337 1046 1504 1098 hostis
1538 1047 1733 1112 patriae
1776 1045 2097 1096 iudicaretur
2131 1052 2303 1110 atque
2338 1046 2389 1096 id

280 1113 499 1179 bellum,
543 1113 682 1177 quod
727 1121 906 1163 contra
947 1128 1065 1164 eum
1107 1115 1490 1181 suscipiendum
1533 1122 1697 1175 esset,
1747 1112 1801 1165 Ο.
1838 1114 2016 1165 Cassio
2063 1115 2384 1165 traderetur.

280 1184 407 1233 Eam
457 1183 755 1233 sententiam
789 1181 859 1237 M.
900 1180 1078 1235 Cicero
1113 1182 1238 1245 hac,
1285 1199 1418 1248 quae
1452 1184 1589 1235 infra
1625 1184 1841 1250 legitur,
1875 1183 2110 1233 oratione
2146 1184 2387 1249 patribus

281 1252 584 1317 conscriptis
609 1252 945 1302 commendat.

407 1354 454 1413 I.
488 1354 535 1412 Ι.
571 1352 795 1428 Magno
832 1352 892 1411 in
925 1352 1160 1427 dolore,
1192 1360 1398 1428 patres
1430 1352 1786 1429 conscripti,
1816 1354 1916 1413 vel
1945 1369 2243 1416 maerore
2278 1371 2383 1430 po·

281 1436 423 1508 tius,
464 1443 647 1513 quem
675 1452 753 1496 ex
783 1435 1016 1497 crudeli
1046 1445 1109 1498 et
1133 1435 1473 1498 miserabili
1502 1446 1697 1499 morte
1727 1437 1790 1498 C.
1819 1436 2133 1512 Trebonii‚
2167 1438 2385 1514 optimi

282 1520 437 1581 civis
469 1519 1062 1595 moderatissimique
1093 1518 1390 1596 hominis,
1421 1519 1805 1597 accepimus,
1834 1519 1997 1583 inest
2027 1529 2249 1583 tamen
2281 1522 2378 1584 ali·

285 1603 433 1679 quid
489 1605 657 1679 quod
690 1604 794 1672 ,rei
846 1602 1128 1679 publicae
1176 1606 1562 1680 profuturum
1615 1614 1839 1681 putem.
1927 1604 2377 1682 Perspeximus

283 1687 443 1749 enim
482 1695 710 1774 quanta
742 1688 800 1747 in
836 1686 943 1762 iis,
987 1687 1090 1764 qui
1122 1697 1336 1749 contra
1365 1689 1620 1764 patriam
1650 1691 1952 1751 scelerata
1983 1705 2165 1750 arma
2197 1707 2356 1767 cepe

285 1780 439 1844 runt,
471 1770 704 1833 inesset
730 1770 1090 1832 immanitas.
1145 1772 1297 1832 Nam
1328 1774 1450 1834 duo
1480 1773 1638 1834 haec
1666 1772 1867 1848 capita
1889 1780 2034 1833 nata
2055 1782 2215 1836 sunt
2243 1783 2382 1850 pest
2466 1839 2471 1850 ὅ

284 1854 565 1916 homines
595 1863 773 1916 natos
800 1854 1146 1916 taeterrima
1179 1864 1239 1917 et
1268 1854 1701 1932 spurcissima,
1738 1856 2059 1936 Dolabella
2091 1866 2161 1919 et
2185 1862 2377 1920 Anto.-

283 1938 456 1999 nius=
493 1955 750 2014 quorum
780 1938 933 2001 alter
960 1938 1166 2003 effecit
1189 1942 1356 2016 quod
1379 1947 1655 2018 optarat,
1680 1942 1758 2002 de
1779 1942 1968 2003 altero
1998 1943 2380 2017 patefactum

281 2031 380 2084 est
410 2021 558 2098 quid
589 2023 903 2099 cogitaret.
957 2025 1026 2084 L.
1054 2022 1239 2085 Cinna
1262 2024 1561 2098 crudelis,
1612 2025 1674 2086 C.
1695 2024 1926 2087 Marius
1955 2025 2016 2086 in
2048 2024 2381 2088 iracundia

286 2122 726 2182 perseveram,
767 2108 834 2166 L.
873 2107 1042 2167 Sulla
1074 2108 1437 2182 vehemenS,
1477 2125 1682 2185 neque
1720 2109 1904 2171 ullius
1935 2109 2164 2170 horum
2195 2109 2263 2171 in
2298 2113 2381 2171 ul·

283 2189 578 2252 ciscendo
621 2189 923 2252 acerbitas
968 2207 1303 2267 progressa
1331 2193 1489 2254 ultra
1520 2202 1774 2254 mortem
1804 2202 1928 2253 este
1970 2209 2142 2268 quae
2176 2200 2380 2255 tamen

286 2289 490 2348 poena
530 2272 589 2333 in
633 2272 804 2335 cives
852 2273 1032 2336 nimis
1075 2274 1343 2337 crudelis
1382 2277 1727 2351 putabatur.
1812 2277 1872 2338 2.
1916 2277 2082 2337 Ecce
2121 2277 2240 2338 tibi
2282 2295 2378 2353 ge-

284 2355 513 2418 minum
550 2356 612 2416 in
644 2359 879 2418 scelere
910 2358 1048 2433 par‘,
1079 2355 1473 2432 invisitatum,
1507 2358 1873 2435 inauditum,
1907 2362 2126 2433 rerum,
2160 2362 2379 2421 barba·

284 2456 437 2500 rum.
522 2441 738 2516 ltaque
779 2456 1040 2516 quorum
1082 2460 1384 2504 summum
1429 2445 1738 2519 quondam
1769 2443 1925 2506 inter
1951 2445 2135 2519 ipsos
2169 2445 2379 2506 odium

285 2524 635 2602 bellumque
662 2524 1041 2600 meministiS,
1071 2529 1326 2588 eosdem
1359 2536 1577 2603 postea
1604 2528 1895 2604 singulari
1926 2527 2085 2588 inter
2121 2545 2200 2588 se
2233 2546 2378 2590 con·

285 2625 478 2671 sensu
500 2615 562 2668 et
580 2622 789 2666 amore
802 2607 1078 2671 devinxit
1099 2611 1594 2688 improbissimae
1616 2620 1870 2673 naturae
1891 2621 1953 2672 et
1977 2610 2381 2687 turpissimae

280 2692 448 2754 vitae
479 2690 829 2754 similitudo.
886 2693 1049 2770 Ergo
1077 2693 1159 2765 id,
1193 2697 1363 2771 quod
1392 2694 1534 2759 fecit
1559 2696 1875 2757 Dolabella
1903 2695 1963 2755 in
1997 2712 2124 2770 quo
2163 2698 2381 2772 potuit,

282 2776 487 2839 multis
528 2776 690 2837 idem
732 2775 994 2839 minatur
1021 2776 1346 2839 Antonius.
1434 2777 1560 2839 Sed
1592 2780 1693 2840 ille
1723 2795 1910 2855 quum
1942 2781 2171 2855 procul
2212 2789 2383 2842 esset

284 2877 323 2920 a
351 2860 709 2921 consulibus
740 2860 1234 2936 exercitibusque
1265 2861 1493 2924 nostris
1524 2864 1873 2938 nequedum
1904 2872 2196 2925 senatum
2240 2880 2380 2926 eum

287 2945 521 3019 populo
548 2945 827 3006 Romano
861 2944 1261 3022 conspirasse
1290 2945 1622 3021 sensisset,
1666 2947 1858 3008 fretus
1887 2946 2143 3006 Antonii
2175 2946 2380 3023 copiis

281 3041 359 3085 ea
401 3027 638 3087 scelera
680 3030 986 3105 suscepit,
1032 3046 1192 3104 quae
1219 3031 1455 3092 Romae
1487 3029 1604 3090 iam
1645 3039 1938 3106 suscepta
1965 3030 2383 3093 arbitrabatur

282 3124 322 3167 a
365 3107 539 3169 socio
587 3111 811 3180 suroris
855 3111 970 3174 sui.
1057 3112 1119 3174 3.
1166 3113 1325 3188 Quid
1370 3130 1518 3190 ergo
1554 3114 1718 3175 hune
1745 3114 1912 3175 aliud
1942 3113 2177 3185 moliri,
2230 3114 2380 3191 quid

285 3199 499 3266 optare
527 3193 794 3254 censetis
825 3203 932 3257 aut
963 3213 1145 3273 quam
1175 3196 1424 3261 omnino
1451 3214 1702 3259 causam
1723 3216 1866 3259 esse
1892 3196 2082 3259 belli?
2122 3197 2382 3271 Omnes,

287 3273 391 3349 qui
424 3274 614 3334 libere
644 3277 724 3336 de
752 3292 820 3336 re
851 3279 1096 3353 publica
1124 3281 1489 3356 sensimuS„
1512 3281 1619 3357 qui
1656 3283 1875 3358 dignas
1908 3282 2089 3343 nobis
2125 3291 2382 3344 senten-

283 3357 399 3416 tias
428 3358 715 3429 diximus,
747 3358 852 3432 qui
879 3367 1178 3437 populum
1207 3367 1549 3428 Romanum
1580 3366 1835 3428 liberum
1859 3379 2002 3427 esse
2033 3365 2383 3440 voluimus,

280 3438 495 3500 statuit
531 3439 635 3499 ille
664 3439 910 3515 quidem
953 3462 1078 3507 non
1111 3446 1427 3524 inimicos;
1468 3450 1583 3511 sed
1614 3450 1860 3513 hostes:
1904 3446 2140 3518 maini&
2176 3458 2385 3511 tame·
