2514 3928
933 155 1100 215 CAP.
1135 163 1401 216 24—27.
1445 161 1497 222 S.
1525 163 1792 217 59—64.
2327 155 2409 217 93

329 314 575 381 posset,
609 305 896 368 constitui
927 307 1125 367 locum
1161 307 1340 368 iussit
1366 307 1618 366 balneas
1650 305 1902 380 SeniaS,
1945 314 2009 366 ut
2048 304 2416 368 comitteret

327 391 558 450 amicos
609 390 712 464 qui
766 390 1214 461 delitiscerent‚
1276 391 1416 450 dein
1464 398 1747 466 repente,
1799 409 1985 464 quum
2017 389 2291 451 venisset
2321 389 2416 450 Li·

326 471 529 534 cinius
548 488 979 548 venenumque
1003 475 1284 546 traderet,
1314 473 1661 551 prosilirent
1685 473 2114 549 hominemque
2138 491 2416 549 compre·

327 555 681 617 henderent.
712 593 784 602 —
811 558 1022 616 XXVI.
1057 558 1223 630 Quae
1247 558 1493 633 quidem
1511 557 1742 631 omnia,
1768 557 2027 631 iudices,
2056 559 2408 632 perfacilem

284 708 293 713 ,
325 639 621 700 rationem
652 640 877 702 habent
903 641 1416 717 reprehendendi.
1509 642 1632 702 Cur
1667 641 1826 700 enim
1864 641 2247 719 potissimum
2279 643 2408 702 bal-

323 740 477 784 neas
507 724 784 800 publicas
817 725 1254 787 constituerat?
1297 725 1354 784 in
1406 726 1633 802 quibus
1682 742 1804 785 non
1852 725 2097 785 invenio
2132 742 2291 799 quae
2325 727 2412 784 la·

324 808 492 868 tebra
522 809 745 883 togatis
777 808 1123 870 hominibus
1157 826 1301 871 esse
1331 819 1563 885 posset.
1620 811 1768 869 Nam
1796 809 1850 869 si
1891 815 2103 868 essent
2137 808 2196 867 in
2228 807 2413 868 vesti-

311 892 867 967 ‘bulobalnearum
890 910 1011 954 non
1042 895 1326 954 laterent=
1354 894 1448 952 sin
1475 911 1547 955 se
1570 893 1629 953 in
1657 893 1929 954 intimum
1955 892 2261 953 coniicere
2288 893 2412 951 vel·

318 982 462 1046 tent,
502 992 621 1036 nec
650 976 800 1036 satis
837 977 1159 1038 commode
1193 978 1444 1038 calceati
1473 985 1536 1037 et
1566 976 1769 1038 vestiti
1812 977 1873 1037 id
1909 977 2113 1036 facere
2154 982 2416 1050 possent

319 1068 383 1120 et
413 1060 683 1120 fortasse
727 1076 851 1118 non
881 1059 1323 1133 reciperentur,
1380 1059 1500 1120 nisi
1544 1062 1696 1121 rorte
1738 1061 1953 1121 mulier
1996 1068 2213 1136 potens
2263 1075 2412 1133 qua·

319 1141 636 1202 drantaria
673 1143 776 1200 illa
823 1143 1273 1222 permutatione
1322 1142 1631 1202 familiaris
1691 1146 1847 1202 facta
1886 1152 2017 1204 erat
2056 1140 2411 1204 balneatori.

320 1224 428 1286 63.
471 1226 681 1297 Atque
730 1223 1021 1298 equidem
1071 1223 1467 1283 vehementer
1507 1227 1969 1298 exspectabam,
2016 1226 2264 1300 quinam
2314 1224 2414 1286 isti

342 1306 457 1365 viri
490 1305 637 1383 boni
670 1306 858 1366 testes
901 1304 1082 1366 huius
1123 1305 1446 1366 manifesto
1494 1307 1860 1380 deprehensi
1886 1309 2109 1369 veneni
2140 1308 2415 1367 diceren-

326 1399 443 1452 tur.
534 1388 691 1449 Nulli
725 1389 886 1449 enim
918 1398 1062 1450 sunt
1094 1389 1299 1449 adhuc
1334 1389 1639 1450 nominati.
1717 1389 1840 1450 Sed
1876 1406 1998 1449 non
2030 1391 2237 1450 dubito
2271 1390 2414 1466 quin

326 1473 448 1534 sint
491 1489 860 1548 pergraves,
919 1472 1023 1548 qui
1080 1473 1339 1548 primum
1404 1473 1527 1535 sint
1581 1472 1716 1535 talis
1766 1473 2028 1534 feminae
2070 1472 2418 1546 familiareS,

325 1557 550 1618 deinde
581 1574 718 1618 eam
749 1556 1122 1633 provinciam
1155 1557 1574 1633 susceperint,
1618 1566 1684 1618 ut
1710 1557 1769 1617 in
1810 1559 2065 1618 balneas
2096 1557 2416 1618 contrude-

323 1650 565 1701 rentur:
623 1642 792 1717 quod
821 1641 953 1715 illa,
1001 1641 1118 1701 nisi
1158 1659 1198 1702 a
1244 1641 1389 1702 viris
1428 1641 1883 1704 honestissimis
1925 1658 2000 1702 ac
2044 1640 2416 1716 plenissimis

324 1724 669 1800 dignitatis,
718 1743 900 1800 quam
943 1726 1089 1786 velit
1126 1726 1206 1787 sit
1245 1733 1499 1802 potenS‚
1559 1742 1889 1802 numquam
1944 1725 2415 1802 impetravisset.

322 1808 448 1869 Sed
483 1810 630 1884 quid
661 1825 776 1884 ego
806 1811 885 1870 de
914 1809 1206 1885 dignitate
1235 1810 1492 1872 istorum
1523 1810 1769 1872 testium
1805 1814 2031 1886 loquor
2055 1818 2085 1870 ‘3
2115 1809 2412 1870 Virtutem

323 1909 536 1954 eorum
583 1892 1080 1971 diligentiamque
1122 1894 1499 1969 cognoscite.
1602 1896 1671 1954 In
1729 1895 1966 1955 balneis
2022 1895 2409 1955 delituerunt.
2503 1930 2510 1935 „

317 1976 536 2036 Testes
568 1974 887 2053 egregios!
935 1976 1088 2036 Dein
1120 1983 1355 2037 temere
1396 1977 1835 2052 prosiluerunt.
1923 1977 2221 2038 Homines
2251 1985 2401 2037 tem-

320 2062 643 2136 perantes!
700 2060 806 2122 Sic
839 2059 998 2120 enim
1027 2060 1291 2137 fingunt,
1334 2067 1523 2135 quum
1553 2062 1821 2123 Licinius
1855 2060 2163 2133 venisset,
2217 2061 2391 2136 pyxi-

317 2146 461 2205 dem
515 2151 757 2206 teneret
808 2144 870 2204 in
916 2161 1129 2217 manu,
1189 2153 1521 2207 conaretur
1562 2147 1836 2219 tradere,
1896 2146 2171 2206 nondum
2215 2144 2400 2205 tradi-

320 2227 547 2301 disset,
603 2237 733 2291 tum
777 2236 1034 2305 repente
1079 2233 1369 2292 evolasse
1411 2230 1569 2291 istos
1616 2234 1974 2306 praeclaros
2018 2237 2214 2290 testes
2264 2229 2402 2290 sine

320 2313 601 2375 nomine:
661 2314 956 2375 Licinium
1007 2322 1244 2386 aulem,
1299 2332 1484 2389 quum
1542 2315 1663 2375 iam
1712 2331 1958 2376 manum
2018 2315 2097 2374 ad
2154 2314 2401 2373 traden-

323 2392 464 2451 dam
510 2396 800 2471 pyxidem
845 2392 1257 2470 porrexisset,
1309 2394 1653 2455 retraxisse
1694 2402 1884 2469 atque
1925 2397 2027 2456 illo
2071 2394 2398 2469 repentino

320 2471 634 2534 hominum
667 2474 900 2552 impetu
931 2494 1002 2537 se
1031 2475 1093 2536 in
1123 2476 1329 2551 fugam
1363 2477 1728 2538 coniecisse.
1801 2477 1847 2537 O
1881 2492 2100 2550 magna
2131 2474 2413 2534 visveri-

321 2558 492 2631 tatis,
537 2575 695 2633 quae
726 2569 939 2621 contra
970 2558 1279 2620 hominum
1317 2560 1597 2635 ingenia,
1628 2560 2014 2621 calliditatem
2034 2604 2048 2630 ,
2082 2557 2415 2618 sollertiam

322 2648 658 2717 contraque
688 2642 864 2703 fictas
889 2641 1158 2704 omnium
1189 2641 1449 2703 insidias
1483 2645 1660 2703 facile
1692 2660 1762 2703 se
1800 2660 1912 2718 per
1944 2659 2015 2703 se
2040 2640 2179 2717 ipsa
2203 2641 2414 2701 defen-

322 2724 458 2785 dat!
490 2726 840 2786 —XXVIL
879 2725 982 2789 64.
1029 2728 1212 2789 Velut
1256 2727 1411 2787 haec
1453 2735 1582 2787 tota
1629 2727 1849 2786 fabella
1880 2725 2105 2787 veteris
2139 2732 2199 2787 et
2224 2724 2414 2800 pluri·

321 2824 552 2868 marum
585 2810 924 2870 fabularum
955 2809 1229 2886 poetriae
1277 2828 1458 2885 quam
1502 2818 1598 2870 est
1631 2810 1765 2870 sine
1794 2818 2180 2886 argumento!
2231 2825 2415 2885 quam

320 2892 550 2953 nullum
593 2891 866 2971 invenire
915 2894 1142 2955 exitum
1175 2903 1408 2970 potest!
1466 2893 1623 2969 Quid
1663 2894 1865 2955 enim?
1901 2895 2003 2958 isti
2034 2903 2123 2957 tot
2167 2893 2286 2955 viri
2331 2924 2416 2936 —-

319 2990 460 3035 nam
488 2990 752 3037 necesse
781 2984 878 3037 est
907 2977 1102 3039 fuisse
1131 2996 1254 3040 non
1287 2995 1554 3055 paucOS‚
1599 2985 1666 3039 ut
1693 2986 1754 3041 et
1787 2978 2227 3055 comprehendi
2256 2973 2415 3036 Lici-

321 3058 461 3119 nius
500 3060 681 3121 facile
727 3069 945 3135 posset
986 3070 1047 3122 et
1084 3078 1186 3125 res
1216 3065 1539 3125 multorum
1572 3065 1769 3126 oculis
1799 3073 1969 3127 esset
2009 3061 2286 3125 testatior
2318 3090 2415 3132 -,

323 3160 434 3204 cur
451 3142 748 3206 Licinium
775 3145 854 3206 de
883 3144 1164 3206 manibus
1188 3146 1563 3209 amiserunt?
1596 3147 1708 3221 Qui
1733 3147 1934 3209 minus
1960 3147 2120 3208 enim
2141 3142 2413 3204 Licinius

322 3228 764 3304 comprehendi
795 3229 1020 3305 potuit,
1055 3248 1242 3305 quum
1273 3247 1343 3292 se
1370 3233 1650 3304 retraxit,
1698 3249 1774 3293 ne
1806 3231 2100 3309 pyxidem
2129 3226 2413 3295 traderet,

325 3329 507 3387 quam
540 3311 595 3374 si
625 3312 1022 3376 tradidisset?
1057 3314 1248 3375 Erant
1282 3314 1443 3375 enim
1476 3314 1562 3375 illi
1599 3314 1808 3390 essii-Q,
1836 3324 1903 3375 ut
1930 3304 2413 3386 comprehende-

324 3405 458 3456 rent
489 3396 814 3469 Licinium‚
847 3406 913 3459 ut
941 3397 1266 3464 manifesto
1295 3397 1567 3459 Licinius
1597 3405 1931 3464 teneretur,
1965 3402 2069 3452 aut
2104 3402 2288 3460 quum
2318 3402 2414 3441 re·

319 3479 534 3541 tineret
575 3497 874 3542 venenum
920 3491 1024 3544 aut
1069 3500 1256 3558 quum
1284 3479 1657 3543 tradidisset.
1743 3480 1874 3548 Hoc
1905 3474 2015 3531 fuit
2040 3476 2229 3528 totum
2256 3477 2401 3517 con-

2211 3607 2245 3625 Δ
