2514 3928
11 267 92 319 21
254 348 257 349 f
698 257 863 318 CAP.
897 231 1094 320 245.
1139 265 1191 326 s
1224 268 1450 324 5—12
1680 250 1692 255 “
1991 260 2132 324 119

7 417 346 484 oporteat,
379 408 562 470 etiam
594 407 648 470 si
679 410 838 469 licet.
899 409 1207 486 Quidquid
1240 428 1388 473 vero
1425 410 1745 484 nonlicet,
1789 420 1954 474 certe
1990 429 2112 475 non

5 501 294 568 oportet.

152 577 257 636 lv.
287 576 401 637 Hic
429 593 546 653 ego
579 594 740 638 nunc
772 586 1021 639 cuncter
1048 576 1138 639 sic
1171 595 1374 653 agere,
1406 579 1662 654 iudiceS,
1694 595 1818 640 non
1844 595 1987 641 esse
2018 581 2112 640 fas

7 659 310 721 dubitare
354 661 532 736 quin,
577 661 745 736 quod
788 660 894 721 Cn.
925 661 1280 736 Pompeium
1310 661 1535 723 fecisse
1569 670 1837 737 constet,
1882 662 1947 722 id
1987 681 2111 724 non

8 745 231 804 solum
275 742 556 816 licuisse,
609 748 723 808 sed
762 746 944 808 etiam
975 743 1262 807 decuisse
1291 747 1629 806 fateamur?
1671 743 1731 804 9.
1763 744 1920 819 Quid
1951 745 2112 808 enim

8 827 206 888 abest
234 828 375 889 huic
402 827 652 901 homini,
683 828 854 903 quod
885 827 940 888 si
973 827 1385 902 adesset,iure
1406 828 1561 889 haec
1578 826 1637 889 ei
1663 827 1842 890 tribui
1871 836 1931 890 et
1966 845 2113 890 con-

10 910 168 971 cedi
207 919 603 988 putaremus?
641 913 890 974 Ususne
911 918 1155 973 rerum?
1194 912 1300 988 qui
1326 912 1627 988 pueritiae
1651 920 1892 987 tempus
1915 920 2115 973 extre-

9 1012 188 1057 mum
217 995 587 1072 principium
607 994 818 1057 habuit
845 995 1139 1057 bellorum
1177 1004 1365 1072 atque
1394 995 1789 1073 imperiorum
1820 994 2113 1059 maximo-

8 1086 201 1139 rum?
247 1079 425 1141 cuius
456 1078 736 1155 plerique
780 1081 1073 1154 aequales
1117 1080 1319 1140 minus
1364 1098 1555 1156 saepe
1601 1087 1804 1141 castra
1832 1078 2116 1142 viderunt

14 1180 214 1238 quam
245 1162 349 1222 hic
377 1161 818 1237 triumphavit?
858 1161 963 1236 qui
1003 1170 1093 1225 tot
1129 1162 1316 1223 habet
1355 1163 1727 1239 triumphos,
1770 1172 1922 1239 quot
1966 1179 2115 1225 orae

12 1255 185 1306 sunt*
203 1254 543 1320 partesque
571 1254 898 1314 terrarum,
945 1252 1034 1304 tot
1061 1244 1352 1305 victorias
1380 1247 1664 1320 bellicaS,
1700 1256 1851 1322 quot
1876 1257 2019 1313 sunt
2049 1247 2114 1307 in

14 1344 235 1388 rerum
265 1336 485 1387 natura
516 1342 744 1400 genera
769 1327 1110 1386 bellorum?
1151 1329 1249 1386 An
1278 1326 1629 1401 ingenium?
1660 1328 1759 1388 cui
1781 1331 1959 1390 etiam
1991 1329 2115 1406 ipsi

20 1426 223 1470 casus
266 1416 663 1484 eventusque
706 1426 909 1470 rerum
967 1425 1089 1469 non
1147 1408 1371 1482 duces,
1433 1410 1547 1470 sed
1596 1409 1863 1477 comites,
1913 1412 2116 1483 consi-⁴

18 1493 252 1554 liorum
283 1494 571 1554 suerunt?
611 1493 672 1552 in
724 1509 849 1568 quo
892 1509 1015 1572 uno
1059 1490 1141 1554 ita
1172 1508 1407 1553 summa
1436 1493 1681 1554 fortuna
1712 1509 1850 1553 cum
1874 1510 2118 1555 summa

19 1577 253 1638 virtute
286 1574 566 1650 certavit,
608 1585 675 1638 ut
716 1575 984 1637 omnium
1029 1574 1257 1637 iudicio
1299 1576 1441 1652 plus
1488 1575 1720 1638 homini
1752 1593 1934 1651 quam
1964 1578 2116 1637 deae

19 1661 442 1733 tribueretur?
466 1662 561 1720 An
596 1661 829 1736 pudor,
858 1677 935 1720 an
965 1659 1300 1736 integritas,
1338 1677 1415 1720 an
1446 1659 1661 1736 religio
1694 1660 1754 1720 in
1786 1677 1882 1735 e0,
1914 1678 1990 1720 an
2010 1661 2116 1723 .ᾱὶ-

21 1745 276 1819 ligentia
319 1761 606 1821 umquam
660 1743 957 1820 requisita
997 1752 1135 1806 est?
1190 1761 1372 1821 quem
1429 1742 1788 1820 provinciae
1847 1753 2113 1816 nostrae,

25 1844 214 1903 quem
255 1827 432 1889 liberi
473 1829 720 1906 populi,
770 1845 953 1902 quem
989 1845 1204 1905 regeS,
1253 1845 1438 1905 quem
1483 1828 1730 1890 ultimae
1765 1837 1981 1904 gentes
2013 1845 2112 1889 ca·

25 1910 311 1985 stlorem,
344 1912 846 1987 moderatiorem,
882 1913 1249 1976 sanctiorem
1283 1929 1404 1975 non
1437 1913 1624 1975 modo
1666 1911 1963 1987 viderunt,
2000 1913 2114 1975 sed

27 2005 136 2058 aut
177 1997 487 2072 sperando
530 2013 821 2072 umquam
864 2006 969 2059 aut
1000 1998 1271 2073 optando
1304 1996 1764 2072 cogitaverunt?
1814 1997 1913 2060 10.
1956 1996 2112 2072 Quid

28 2080 230 2141 dicam
279 2080 356 2140 de
388 2080 792 2142 auctoritate?
843 2098 1001 2156 quae
1044 2090 1209 2144 tanta
1242 2088 1367 2154 est,
1413 2088 1641 2155 quanta
1681 2080 1742 2142 in
1788 2082 1886 2142 his
1928 2082 2111 2141 tantis

29 2162 356 2225 virtutibus
385 2180 458 2224 ac
486 2164 771 2241 laudibus
803 2180 945 2224 esse
997 2165 1198 2226 debet.
1290 2162 1399 2224 Cui
1429 2172 1681 2226 senatus
1715 2166 2111 2240 populusque

31 2249 345 2307 Romanus
367 2247 784 2323 amplissimae
801 2246 1108 2323 dignitatis
1130 2247 1403 2324 praemia
1420 2248 1589 2309 dedit
1611 2264 1732 2309 non
1761 2245 2115 2322 postulanti,

34 2329 286 2406 imperia
331 2347 483 2391 vero
528 2329 708 2392 etiam
751 2330 1078 2403 recusanti,
1126 2331 1311 2393 huius
1358 2331 1437 2390 de
1478 2332 1659 2405 facte,
1715 2330 1974 2403 iudiceS‚
2030 2328 2115 2391 ita

37 2413 264 2488 quaeri,
301 2423 370 2475 ut
396 2413 456 2489 id
488 2422 719 2490 agatur,
752 2414 1068 2476 licueritne
1100 2414 1158 2476 ei
1191 2416 1416 2488 facere,
1447 2416 1615 2489 quod
1645 2414 1803 2489 fecit,
1833 2415 1910 2476 an
1944 2430 2111 2485 vero,

36 2512 156 2557 non
181 2496 398 2570 dicam,
432 2514 552 2558 non
569 2497 822 2570 licuerit,
840 2499 954 2559 sed
968 2499 1143 2559 nefas
1162 2497 1444 2560 fuerit—
1466 2507 1679 2559 contra
1695 2500 1917 2560 foedus
1932 2496 2114 2567 enim,

37 2579 98 2640 id
137 2588 258 2652 est,
289 2591 503 2644 contra
534 2581 745 2657 populi
775 2582 1034 2642 Romani
1062 2581 1423 2656 religionem
1454 2590 1515 2642 et
1545 2582 1730 2641 fidem
1762 2581 1991 2640 fecisse
2024 2578 2115 2639 di-

40 2661 189 2724 citur
232 2697 348 2736 -,
407 2680 530 2724 non
585 2672 768 2738 turpe
819 2666 1054 2737 populo
1102 2666 1417 2733 Romano,
1471 2680 1680 2724 nonne
1733 2663 1914 2724 vobis
1978 2667 2124 2721 est?¹

37 2748 113 2805 V.
142 2744 240 2808 11.
270 2746 495 2808 Audivi
535 2746 657 2824 hoc
693 2747 772 2807 de
805 2755 1058 2821 parente
1091 2762 1228 2805 meo
1266 2746 1450 2820 puers
1493 2762 1680 2819 quum
1713 2743 1781 2818 Q.
1811 2744 2124 2816 MetelluS,

38 2830 202 2890 Lucii
231 2830 423 2905 filiuS,
457 2846 707 2891 causam
740 2830 818 2890 de
850 2827 1130 2906 pecuniis
1160 2827 1514 2903 repetendis
1548 2825 1811 2902 diceret,
1848 2825 1980 2900 ille,
2017 2828 2118 2887 ille

41 2915 156 2985 vir,
197 2912 296 2973 cui
323 2914 759 2989 patriae,salus
797 2913 1036 2975 dulcior
1066 2928 1246 2989 quam
1283 2918 1657 2987 conspectus
1710 2911 1850 2986 fuit,
1900 2910 2004 2987 qui
2037 2912 2118 2971 de

43 2996 277 3058 civitate
313 2997 617 3060 decedere
652 3014 836 3071 quam
867 2998 946 3057 de
975 2995 1275 3057 sententia
1298 2996 1603 3058 maluit—
1623 2995 1743 3057 hoc
1766 2994 1948 3071 igitur
1972 3011 2115 3055 cau-

44 3096 165 3140 sam
193 3079 454 3155 dicente,
480 3098 666 3157 quum
695 3079 895 3156 ipsius
917 3080 1159 3142 tabulae
1191 3079 1721 3152 circumferrentur
1750 3076 2116 3155 inspiciendi

44 3162 299 3223 nominis
342 3180 561 3239 causa,
603 3162 799 3226 fuisse
840 3163 1104 3225 iudicem
1150 3180 1230 3224 ex
1278 3162 1399 3225 illis
1443 3162 1755 3239 equitibus
1785 3161 2112 3238 Romanis,

46 3246 415 3321 gravissimis
446 3247 626 3321 viris,
675 3248 976 3308 neminem
1015 3247 1159 3323 quin
1202 3248 1801 3320 removeret-oculos
1834 3253 1896 3305 et
1926 3261 1995 3303 se
2023 3252 2112 3303 to-

49 3339 160 3391 tum
185 3339 504 3405 averteret,
536 3332 811 3406 nescite,
849 3331 1016 3405 quod
1045 3327 1193 3390 ille
1175 3348 1237 3390 ιη
1268 3331 1507 3392 tabulas
1538 3330 1818 3405 publicas
1850 3324 2122 3386 rettulis

52 3422 150 3485 set,
165 3413 499 3476 dubitasse
528 3414 878 3491 quisquam,
911 3430 1203 3475 verumne
1233 3430 1312 3474 an
1337 3415 1556 3473 falsum
1582 3419 1750 3472 esset
1771 3408 2114 3468 videretur.

53 3512 154 3557 nos
178 3497 280 3565 Cn.
303 3492 576 3575 Pompeii
601 3499 910 3562 decretum
936 3497 1014 3558 de
1045 3496 1286 3557 consilii
1322 3495 1621 3556 sententia
1657 3487 2121 3567 pronuntiatum

2485 1213 2514 1331 exn.
2505 1156 2514 1192 .-

2399 2815 2514 2982 ἶῑξιιε
2405 2273 2514 2765 nnuman
2424 2113 2514 2209 m·
2430 1633 2514 2051 ntem„
2351 1360 2514 1577 5420,
