2514 3928
269 275 343 326 45
899 265 1064 324 CAP.
1092 273 1288 326 3—6.
1333 272 1384 330 §-
1421 273 1534 326 9-
1569 272 1648 327 17.
2223 265 2375 361 269·

267 432 513 477 sumus.
603 418 793 475 Recte
831 413 1012 488 igitur
1054 431 1216 475 unus
1259 413 1518 474 invictus
1561 431 1660 488 es,
1702 431 1740 473 a
1780 431 1900 488 quo
1933 412 2115 474 etiam
2149 412 2347 489 ipsius

270 496 574 559 victoriae
606 496 892 557 condicio
925 495 1146 571 visque
1178 495 1421 556 devicta
1449 506 1562 556 est.

399 582 479 640 V.
500 578 598 641 13.
621 581 825 654 Atque
856 579 975 640 hoc
1006 579 1068 638 C.
1105 578 1388 639 Caesaris
1422 577 1730 652 iudicium,
1756 589 1965 653 patres
1995 578 2345 655 conscripti,

269 679 461 738 quam
503 663 621 722 late
660 671 863 737 pateat
901 662 1220 722 attendite=
1266 677 1481 722 omnes
1527 660 1718 734 enim,
1762 660 1866 735 qui
1910 662 1989 721 ad
2035 663 2135 722 illa
2180 679 2348 723 arma

273 746 646 818 fatosumus
682 746 893 806 nescio
929 750 1054 821 q'uo
1087 744 1174 805 rei
1204 745 1486 820 publicae
1521 744 1745 804 misero
1789 744 2154 818 funestoque
2185 760 2346 805 com-

271 829 457 905 pulsi,
481 827 595 889 etsi
621 828 826 904 aliqua
849 829 1029 903 culpa
1051 835 1327 889 tenemur
1349 827 1574 889 erroris
1598 825 2172 899 humani‚atscelere
2186 837 2347 888 certe

271 911 509 972 liberati
539 928 771 972 sumus.
842 912 992 989 Nam
1023 929 1208 987 quum
1236 911 1319 970 M.
1352 911 1704 973 Marcellum
1736 908 2209 983 deprecantibus
2242 928 2347 971 vo-

270 992 372 1055 bis
415 996 500 1055 rei
548 995 829 1069 publicae
861 994 1280 1064 conservavit,
1326 1010 1423 1054 me
1486 1002 1546 1055 et
1590 992 1734 1053 mihi
1765 991 1996 1053 etitem
2027 993 2115 1053 rei
2153 993 2346 1067 publi·

272 1093 416 1152 cae,
462 1079 626 1139 nullo
669 1079 1079 1153 deprecante,
1134 1078 1409 1152 reliquos
1452 1076 1871 1152 amplissimos
1920 1077 2084 1136 viros
2131 1085 2192 1136 et
2231 1074 2349 1137 sibi

270 1161 450 1237 ipsos
480 1168 541 1222 et
569 1159 800 1235 patriae
828 1158 1121 1221 reddidit=
1164 1175 1423 1234 quorum
1468 1168 1528 1221 et
1568 1158 1970 1234 frequentiam
2005 1165 2065 1220 et
2093 1159 2347 1235 dignita-

273 1253 399 1305 tem
428 1242 547 1304 boc
580 1243 721 1318 ipso
754 1241 814 1302 in
849 1257 1149 1303 consessu
1179 1240 1424 1308 videtis,
1485 1259 1607 1303 non
1641 1241 1743 1302 iile
1771 1243 1985 1303 hostes
2017 1242 2256 1303 induxit
2286 1242 2347 1301 in

273 1325 537 1398 curiam,
581 1327 694 1386 sed
725 1323 1014 1386 iudicavit
1045 1341 1081 1384 a
1108 1324 1423 1400 plerisque
1449 1323 1833 1399 ignoratione
1862 1325 2069 1400 potius
2099 1335 2159 1385 et
2191 1327 2346 1386 falso

271 1418 462 1484 atque
491 1407 657 1468 inani
687 1418 851 1469 metu
882 1424 1062 1482 quarn
1092 1408 1425 1482 cupiditate
1451 1414 1557 1467 aut
1584 1405 1936 1466 crudelitate
1959 1407 2181 1467 bellum
2205 1424 2349 1467 esse

274 1500 653 1568 susceptum.
741 1489 843 1552 14.
895 1491 1024 1565 Quo
1075 1490 1320 1567 quidem
1359 1488 1419 1549 in
1464 1490 1626 1550 bello
1671 1505 1916 1564 semper
1956 1491 2034 1549 dc
2061 1506 2217 1565 pace
2245 1507 2348 1550 au-

272 1575 564 1636 diendum
592 1574 801 1651 putavi
829 1590 1198 1650 semperque
1222 1573 1390 1634 dolui
1420 1590 1541 1634 non
1565 1573 1749 1633 modo
1777 1589 2009 1649 pacem,
2034 1573 2146 1632 sed
2170 1571 2347 1633 etiam

273 1658 612 1721 orationem
637 1658 857 1719 civium
892 1674 1108 1733 pacem
1136 1656 1536 1731 flagitantium
1569 1655 1901 1731 repudiari.
1946 1657 2159 1731 Neque
2190 1656 2346 1714 enim

233 1756 244 1771 ·
272 1759 390 1818 ego
421 1741 523 1803 illa
552 1759 668 1803 nec
698 1744 824 1803 ulla
857 1757 1145 1817 umquam
1176 1748 1426 1802 secutus
1473 1756 1610 1800 sum
1652 1756 1818 1800 arma
1849 1737 2050 1800 civilia
2081 1754 2345 1813 semper·

274 1842 399 1902 que
427 1841 563 1886 mea
592 1825 853 1889 consilia
881 1825 1054 1900 pacis
1085 1832 1146 1884 et
1176 1833 1355 1900 togae
1384 1821 1575 1896 socia,
1614 1840 1733 1883 non
1765 1822 1909 1883 belli
1938 1831 2124 1898 atque
2153 1838 2342 1881 armo·

272 1925 407 1969 rum
450 1910 710 1970 ruerunt.
808 1906 1126 1970 Hominem
1172 1924 1305 1969 sum
1348 1915 1596 1969 secutus
1629 1907 1864 1983 privato
1889 1905 2178 1979 consilio,
2229 1921 2344 1964 non

278 1991 550 2066 publico,
625 2000 985 2066 tantumque
1025 1992 1192 2066 apud
1247 2008 1345 2051 me
1386 1992 1538 2067 grati
1591 1990 1774 2051 animi
1817 1990 2018 2051 fidelis
2061 1989 2345 2050 memoria

274 2074 482 2146 valuit,
518 2081 586 2134 ut
612 2074 777 2133 nulla
807 2089 929 2135 non
960 2074 1143 2134 modo
1176 2074 1523 2149 cupiditate,
1557 2075 1667 2134 sed
1702 2090 1779 2134 ne
1802 2089 1915 2149 spe
1938 2072 2184 2148 quidem
2211 2090 2345 2148 pru-

278 2157 434 2217 dens
476 2165 536 2217 et
575 2155 779 2216 sciens
821 2166 1127 2231 tamquam
1171 2158 1250 2216 ad
1296 2157 1594 2217 interitum
1647 2172 1884 2218 ruerem
1923 2156 2350 2217 voluntarium.

280 2237 396 2300 15.Ἴ
440 2239 615 2313 Quod
668 2238 915 2313 quidem
958 2255 1158 2299 meum
1199 2237 1519 2299 consilium
1557 2239 1799 2300 minime
1847 2240 2176 2301 obscurum
2221 2238 2349 2299 tuit.

277 2323 425 2381 Nam
471 2330 531 2384 et
571 2320 629 2381 in
677 2322 794 2383 hoc
836 2324 1049 2382 ordine
1089 2323 1320 2397 integra
1361 2340 1430 2383 re
1472 2324 1657 2384 multa
1702 2324 1780 2383 de
1822 2339 1978 2398 pace
2018 2321 2147 2382 dixi
2191 2330 2252 2383 et
2288 2321 2349 2381 in

278 2404 416 2481 ipso
448 2405 610 2466 bello
646 2407 859 2467 eadem
887 2406 1065 2467 etiam
1101 2422 1239 2466 cum
1268 2405 1486 2481 capitis
1532 2407 1649 2467 mei
1680 2405 1951 2481 periculo
1983 2404 2171 2466 sensi.
2256 2406 2347 2464 Ex

279 2505 401 2563 quo
435 2505 613 2550 nemo
643 2487 761 2549 iam
791 2488 905 2551 erit
933 2498 1051 2550 tarn
1081 2487 1343 2550 iniustus
1386 2488 1763 2550 existimator
1801 2506 2002 2550 rerum
2045 2488 2148 2563 qui
2180 2487 2347 2548 dubi·

280 2580 361 2633 tet
396 2588 556 2647 quae
578 2571 860 2633 Caesaris
889 2573 969 2633 de
999 2572 1160 2633 bello
1190 2574 1475 2634 voluntas
1506 2572 1702 2645 fuerit,
1735 2590 1921 2647 quum
1947 2570 2117 2646 pacis
2140 2579 2350 2631 aucto-

276 2671 379 2715 res
410 2656 872 2716 conservandos
902 2654 1100 2715 statim
1130 2656 1455 2727 censuerit,
1531 2656 1750 2716 ceteris
1783 2654 1963 2715 ruerit
1984 2652 2209 2713 iratior.
2244 2658 2352 2713 At-

279 2754 398 2811 que
426 2738 488 2798 id
517 2739 718 2799 minus
740 2736 957 2798 mirum
989 2740 1256 2800 sortasse
1279 2746 1423 2811 tum,
1455 2755 1640 2812 quum
1670 2745 1839 2797 esset
1857 2735 2123 2796 incertus
2155 2738 2351 2798 exitus

277 2831 337 2882 et
358 2836 591 2897 anceps
623 2823 865 2884 fortuna
892 2820 1065 2881 belli=
1099 2823 1198 2897 qui
1229 2837 1379 2881 vero
1409 2820 1604 2881 victor
1639 2819 1810 2895 pacis
1834 2827 2117 2881 auctores
2140 2819 2352 2895 diligit,

279 2902 331 2964 is
362 2906 642 2979 profecto
676 2906 949 2965 declarat
974 2919 1044 2964 se
1078 2903 1372 2965 maluisse
1406 2920 1527 2964 non
1554 2903 1843 2964 dimicare
1874 2920 2056 2979 quam
2081 2902 2349 2965 vincere.

280 2987 376 3045 VI.
416 2985 516 3049 16.
547 2993 752 3063 Atque
783 2987 964 3048 huius
996 2986 1241 3062 quidem
1271 2987 1359 3046 rei
1389 2988 1468 3046 Μ.
1501 2987 1790 3047 Marcello
1822 3004 1955 3048 sum
1986 2988 2180 3049 testis.
2232 2989 2350 3048 No-

278 3068 383 3131 stri
425 3069 585 3136 enim
628 3088 852 3132 sensus
895 3077 961 3130 ut
995 3071 1054 3128 in
1101 3086 1255 3145 pace
1287 3087 1560 3146 semper,
1604 3070 1694 3131 sic
1738 3079 1859 3131 tum
1889 3069 2068 3131 etiam
2100 3069 2160 3129 in
2192 3071 2350 3130 bello
2440 3119 2445 3123 .

278 3154 713 3228 congruebant.
804 3151 1099 3229 Quotiens
1128 3169 1243 3229 ego
1278 3170 1418 3214 eum
1447 3163 1507 3215 et
1536 3163 1761 3229 quanto
1786 3152 1927 3215 'cum
1963 3155 2176 3215 dolore
2207 3152 2350 3223 vidi,

280 3254 463 3311 quum
498 3235 883 3298 insolentiam
907 3244 1210 3297 certorum
1232 3236 1540 3297 hominum
1579 3246 1699 3298 tum
1735 3238 1915 3298 etiam
1936 3236 2132 3312 ipsius
2162 3237 2349 3295 victo-

280 3318 401 3380 riae
432 3320 803 3381 rerocitatem
834 3318 1367 3380 extimescentemt
1415 3320 1545 3394 Quo
1590 3320 1819 3395 gratior
1858 3329 1963 3380 tua
1999 3319 2349 3386 liberalium,

283 3401 342 3460 C.
375 3401 615 3475 Caesar,
643 3401 842 3477 nobis,
875 3403 978 3479 qui
1010 3404 1112 3463 illa
1145 3401 1429 3475 vidimuS,
1463 3404 1645 3464 debet
1677 3419 1840 3462 esse.
1889 3402 2020 3460 Non
2052 3399 2209 3459 enim
2234 3399 2348 3455 iam

281 3500 505 3545 causae
535 3495 675 3547 sunt
702 3488 859 3546 inter
888 3501 987 3559 se,
1030 3486 1141 3546 sed
1177 3484 1467 3546 victoriae
1496 3484 1963 3559 comparandae.
2054 3478 2152 3539 17.
2179 3476 2345 3536 vidi-

2256 3681 2284 3695 A
