2514 3928
56 349 122 402 ⁵9
214 322 219 331 ’
652 339 817 407 CAP.
847 349 944 400 20-
991 349 1109 400 -n
1155 348 1207 406 s.
1249 348 1511 403 47—53.
2009 339 2123 404 157

54 491 168 565 cia,
191 491 457 552 educere
481 492 832 565 exercitum,
858 492 1080 551 bellum
1112 508 1225 551 sua
1269 498 1491 566 sponte
1524 507 1757 566 gerere,
1789 491 1849 552 in
1876 500 2128 568 regnum

52 575 296 636 iniussu
339 574 554 650 populi
602 574 1003 635 Romaniaut
1042 582 1293 635 senatus
1336 575 1677 636 accedere?
1730 577 1896 650 Quae
1940 595 2126 652 quum

53 659 347 735 plurimae
387 659 560 733 leges
600 667 843 720 veteres
876 669 997 719 tum
1027 659 1127 718 lex
1163 658 1495 719 maiestatis
1524 659 1835 735 Cornelia,
1869 660 2020 720 Iulia
2049 662 2127 721 de

56 741 336 817 pecuniis
368 742 724 817 repetundis
760 741 1121 817 planissime
1159 749 1339 802 vetat.
1397 741 1521 801 Sed
1556 742 1709 803 haec
1734 745 1965 804 omitto.
2023 745 2128 806 llle

55 827 108 886 si
141 842 261 886 non
299 826 591 886 acerrime
626 827 867 900 fureret,
900 827 1174 899 auderet,
1207 842 1388 899 quam
1419 825 1795 900 provinciam
1824 827 1887 885 P.
1907 827 2128 890 Lentu-

49 911 177 984 luS‚
208 908 616 970 amicissimus
645 907 786 970 huic
822 910 1052 980 ordini,
1085 926 1275 984 quum
1302 917 1364 969 et
1396 911 1753 971 auctoritate
1784 916 2033 971 senatus
2068 919 2129 973 et

48 1002 217 1055 sorte
251 992 530 1069 haberet,
561 993 918 1069 interposita
947 993 1245 1069 religione
1298 994 1434 1054 sine
1464 993 1585 1053 ulla
1616 993 1993 1054 dubitatione
2023 995 2128 1054 de-

53 1078 387 1153 posuisset,
422 1095 557 1139 cam
593 1077 708 1139 sibi
739 1077 1068 1151 asciscere,
1104 1095 1311 1153 quum,
1340 1076 1518 1138 etiam
1548 1077 1601 1138 si
1625 1079 1837 1153 religio
1866 1094 1989 1138 non
2020 1077 2128 1138 im·

46 1162 302 1237 pediret,
326 1165 460 1222 mos
480 1162 773 1222 maiorum
797 1170 994 1222 tamen
1021 1170 1081 1221 et
1105 1163 1391 1236 exempla
1419 1169 1478 1221 et
1500 1163 1900 1236 gravissimae
1924 1163 2123 1238 legum

51 1262 293 1320 poenae
327 1253 644 1306 vetarent?

171 1329 352 1387 XXll.
391 1327 493 1389 51.
534 1327 626 1404 Et
653 1326 938 1400 quoniam
987 1328 1361 1387 fortunarum
1416 1327 1862 1388 contentionem
1923 1331 2126 1390 facere

48 1410 403 1483 coepimus,
445 1410 524 1468 de
552 1407 753 1467 reditu
784 1408 1022 1467 Gabinii
1063 1408 1439 1468 omittamus=
1484 1426 1665 1482 quem
1696 1411 1813 1470 etsi
1843 1411 1960 1471 sibi
1989 1413 2127 1486 ipse

50 1491 380 1567 praecidit,
412 1508 530 1566 ego
560 1499 759 1550 tamen
791 1506 863 1550 os
891 1499 959 1550 ut
988 1490 1223 1550 videam
1255 1489 1513 1551 hominis
1544 1502 1862 1566 exspecto.
1916 1492 2125 1568 Tuum,

47 1576 106 1635 si
136 1576 365 1650 placet,
409 1575 669 1635 reditum
717 1590 852 1634 cum
897 1589 1034 1635 meo
1065 1575 1473 1634 conferamus.
1558 1578 1652 1634 Ac
1682 1592 1853 1636 meus
1884 1577 2130 1652 quidem

51 1659 107 1720 is
143 1658 270 1730 fuit,
304 1666 366 1719 ut
393 1673 431 1717 a
451 1657 782 1719 Brundisio
810 1674 1007 1732 usque
1028 1659 1281 1718 Romam
1311 1674 1527 1733 agmen
1558 1668 1920 1734 perpetuum
1942 1660 2129 1723 totius

51 1743 260 1804 ltaliae
308 1742 542 1803 viderit.
631 1742 844 1818 Neque
873 1742 1033 1802 enim
1070 1740 1240 1818 regio
1285 1742 1408 1803 ulla
1448 1741 1695 1803 fuitnec
1735 1744 2130 1820 municipium

46 1843 252 1902 neque
283 1829 670 1902 praefectura
697 1835 801 1887 aut
830 1827 1072 1888 colonia
1107 1843 1184 1886 ex
1217 1843 1339 1901 qua
1364 1842 1486 1887 non
1510 1828 1590 1886 ad
1624 1845 1720 1888 me
1748 1829 1992 1904 publice
2020 1845 2123 1890 ve-

47 1911 247 1971 nerint
284 1912 666 1987 gratulatum.
756 1909 909 1985 Quid
956 1911 1155 1972 dicam
1201 1911 1503 1972 adventus
1534 1919 1750 1973 meos?
1792 1912 1939 1989 quid
1972 1912 2119 1975 effu-

46 1994 258 2056 siones
282 1994 592 2056 hominum
624 2012 704 2056 ex
727 1994 1020 2070 oppidis?
1055 1994 1202 2071 quid
1226 2011 1568 2057 concursus
1594 2012 1672 2057 ex
1690 1998 1856 2073 agris
1883 2006 2123 2074 patrum

49 2078 306 2139 familias
335 2094 474 2140 cum
503 2078 868 2153 coniugibus
897 2095 970 2139 ac
998 2078 1251 2139 liberis?
1282 2078 1428 2153 quid
1458 2095 1569 2140 eos
1604 2081 1769 2154 dieS,
1808 2082 1910 2157 qui
1947 2084 2124 2157 quasi

43 2163 302 2223 deorum
332 2156 754 2223 immortalium
789 2162 926 2223 festi
961 2171 1148 2238 atque
1179 2164 1514 2223 sollemnes
1541 2165 1705 2238 apud
1741 2181 1955 2225 omnes
1986 2175 2126 2225 sunt

43 2246 316 2307 adventu
347 2263 484 2307 meo
505 2246 829 2322 redituque
855 2245 1183 2312 celebrati?
1207 2246 1311 2308 52.
1342 2248 1514 2308 Unus
1538 2248 1637 2307 ille
1661 2248 1795 2309 dies
1824 2247 1970 2313 mihi
1995 2249 2125 2323 qui-

46 2330 189 2390 dem
221 2329 683 2391 immortalitatis
707 2330 899 2392 instar
922 2330 1049 2403 suit,
1066 2347 1252 2406 quum
1274 2330 1333 2390 in
1351 2331 1605 2405 patriam
1622 2334 1793 2408 redii,
1811 2349 1997 2407 quum
2028 2348 2123 2393 se»

51 2422 255 2474 natum
314 2430 634 2489 egressum
692 2413 814 2473 vidi
873 2415 1295 2489 populumque
1350 2415 1689 2476 Romanum
1745 2416 2122 2487 universum,

52 2515 239 2572 quum
273 2498 416 2559 mihi
445 2497 585 2574 ipsa
610 2498 809 2559 Roma
837 2513 1032 2573 prope
1062 2500 1363 2559 convulsa
1405 2498 1662 2569 sedibus
1690 2498 1819 2559 suis
1850 2499 1928 2559 ad
1960 2516 2123 2561 com-

50 2582 437 2656 plectendum
484 2590 981 2660 conservatorem
1019 2599 1196 2642 suum
1247 2582 1534 2657 progredi
1578 2582 1713 2641 visa
1757 2592 1871 2643 est.
1959 2583 2126 2656 Quae

48 2682 148 2725 me
177 2665 260 2725 ita
286 2665 555 2741 accepit,
585 2675 653 2726 ut
685 2683 805 2727 non
838 2665 1024 2726 modo
1057 2665 1328 2725 omnium
1353 2682 1677 2740 generum,
1707 2674 1990 2736 actatum,
2027 2682 2122 2724 or-

45 2748 256 2809 dinum
301 2766 514 2810 omnes
552 2748 669 2809 viri
708 2764 782 2808 ac
824 2747 1108 2808 mulieres
1153 2748 1353 2810 omnis
1396 2750 1673 2808 fortunae
1714 2764 1787 2807 ac
1817 2746 1969 2819 loci,
2014 2749 2124 2807 sed

44 2831 232 2893 etiam
271 2832 511 2894 moenia
549 2831 687 2909 ipsa
725 2830 1080 2893 viderentur
1123 2842 1184 2891 et
1222 2839 1382 2892 tecta
1415 2830 1585 2890 urbis
1626 2847 1701 2889 ac
1746 2832 1972 2905 templa
2004 2831 2122 2891 lae-

44 2914 184 2978 tari.
268 2916 367 2977 Me
396 2915 918 2991 consequentibus
950 2915 1168 2976 diebus
1200 2915 1261 2975 in
1292 2931 1366 2974 ea
1394 2913 1532 2989 ipsa
1560 2913 1762 2987 domo,
1792 2932 1915 2991 qua
1943 2923 2004 2975 tu
2028 2932 2124 2975 me

42 3000 398 3075 expuleras,
425 3017 609 3077 quam
633 3000 963 3075 expilaras,
991 3016 1173 3075 quam
1202 2998 1586 3070 incenderaS,
1611 2998 1953 3075 pontificeS‚
1977 3017 2123 3061 con-

47 3084 250 3155 suleS‚
297 3093 504 3159 patres
553 3082 887 3158 conscripti
930 3085 1389 3144 collocaverunt
1433 3081 1732 3158 mihique,
1780 3086 1946 3160 quod
1984 3094 2124 3145 ante

43 3182 145 3226 me
173 3167 414 3239 nemini,
441 3166 701 3243 pecunia
725 3166 970 3242 publica
993 3168 1437 3229 aedificandam
1463 3167 1708 3227 domum
1733 3176 2121 3230 censuerunt.

175 3248 282 3311 53.
320 3251 529 3311 Habes
571 3250 830 3311 reditum
872 3266 1093 3312 meum.
1182 3252 1407 3311 Confer
1441 3267 1600 3311 nunc
1631 3250 1900 3313 vicissim
1937 3260 2122 3321 tuum,

48 3334 300 3408 quando
333 3333 579 3409 quidem
610 3335 838 3395 amisso
862 3335 1134 3396 exercitu
1163 3335 1310 3395 nihil
1339 3334 1643 3395 incolume
1672 3335 1916 3395 domum
1949 3350 2121 3407 prae-

49 3423 140 3477 ter
173 3434 248 3478 os
276 3417 422 3479 illud
457 3427 623 3480 tuum
654 3417 973 3494 pristinum
1003 3418 1313 3480 rettulisti:
1359 3418 1464 3493 qui
1497 3417 1752 3495 primum
1788 3434 1907 3492 qua
1931 3429 2119 3473 ‘vene-

52 3497 140 3559 ris
178 3518 315 3562 cum
356 3503 645 3563 laureatis
692 3501 811 3562 tuis
853 3501 1172 3564 lictoribus
1208 3503 1351 3578 quis
1385 3500 1543 3561 scit?
1596 3515 1756 3574 quos
1787 3505 1849 3557 tu
1875 3497 2117 3554 Maean·

47 3582 225 3659 dros,
264 3585 408 3646 dum
439 3601 656 3648 omnes
688 3584 1055 3647 solitudines
1082 3582 1511 3661 persequeris,
1552 3595 1712 3655 quae
1747 3570 2118 3637 deverticula

2405 1158 2514 1224 ἢ,

2435 1243 2466 1280 0..

2469 1254 2500 1267 l

2400 2846 2512 3015 nir.
2397 2305 2514 2796 unwanni<
2399 2146 2510 2242 {ff
2401 1661 2514 2085 menam
2353 1285 2514 1610 imiimi
