2514 3928
197 185 268 240 17
828 179 992 238 CAP.
1028 185 1121 240 18·
1171 186 1288 238 ν20.
1321 184 1372 244 S.
1408 185 1662 239 43-·47.
2159 180 2278 244 115

194 329 498 390 omnibus
529 327 702 391 fastis
727 330 931 404 legem,
959 327 1100 389 ferri
1132 328 1348 389 licere:
1382 345 1569 404 quum
1597 329 1696 388 lex
1724 329 1966 400 feratur,
2000 330 2077 390 de
2107 335 2278 391 caelo

193 412 466 486 servari,
498 411 872 485 obnuntiari,
915 413 1206 472 mtercedi
1236 411 1450 472 licere:
1494 411 1841 473 censorium
1890 412 2172 473 iudicium
2206 431 2279 473 ac

194 496 523 556 notionem
555 503 615 556 et
635 495 782 556 illud
805 512 1038 556 morum
1065 494 1523 556 severissimum
1546 494 1956 570 magisterium
1987 512 2108 556 non
2133 514 2278 557 esse

192 578 462 639 nefariis
505 578 742 652 legibus
788 579 865 640 de
907 579 1150 640 civitate
1195 579 1533 639 sublatum:
1574 579 1626 638 si
1670 579 1961 655 patricius
2000 579 2275 640 tribunus

191 663 411 738 plebis
436 663 635 735 fuerit,
659 672 870 723 contra
911 665 1082 738 leges
1125 670 1439 733 sacratim,
1487 660 1541 720 si
1573 660 1878 736 plebeiuS,
1923 671 2131 723 contra
2173 679 2274 722 au-

191 744 404 820 spicia
437 745 656 806 fuisse:
698 754 802 807 aut
830 746 973 806 mibi
1002 747 1343 806 concedant
1372 743 1650 806 homines
1693 755 1934 819 oportet
1961 745 2043 802 >in
2091 746 2276 805 rebus

191 830 386 890 bonis
427 845 547 890 non
596 831 920 906 exquirere
965 845 1042 890 ea
1073 829 1237 906 iura,
1284 841 1444 905 quae
1484 828 1605 904 ipsi
1640 827 1699 888 in
1736 826 1987 903 perditis
2019 845 2140 889 non
2171 844 2271 886 ex·

193 914 462 988 quirant,
495 915 852 988 praesertim
888 929 1072 989 quum
1103 914 1180 972 ab
1202 912 1319 973 illis
1338 912 1706 988 aliquotiens
1732 910 2012 973 condicio
2038 911 2105 972 C.
2132 912 2273 971 Cae·

191 998 326 1056 sari
363 998 482 1057 lata
513 997 607 1070 sit,
637 1005 705 1058 ut
725 997 977 1057 easdem
999 1012 1103 1056 res
1131 995 1250 1056 alio
1281 997 1465 1057 modo
1484 997 1754 1059 serret—
1776 1011 1899 1070 qua
1914 994 2275 1056 condicione

191 1079 485 1155 auspicia
511 1080 938 1154 requirebant,
979 1079 1149 1152 leges
1179 1080 1659 1154 comprobabant
1697 1114 1793 1153 —-,
1823 1079 1883 1139 in
1914 1078 2124 1139 Clodio
2167 1095 2292 1137 aus

90 1225 96 1234 ,
191 1162 541 1238 spiciorum
567 1161 723 1222 ratio
753 1162 833 1220 sit
861 1162 1110 1233 eadem,
1150 1162 1321 1235 leges
1350 1177 1564 1221 omnes
1590 1162 1718 1249 'sint
1745 1178 2001 1222 eversae
2032 1178 2105 1222 ac
2138 1159 2276 1236 pe'r·

193 1248 368 1305 ditae
398 1243 679 1303 civitatis.

324 1327 452 1385 XX.
498 1321 602 1387 47.
642 1325 991 1384 Extremum
1033 1323 1179 1383 illud
1225 1331 1340 1384 est.
1397 1325 1549 1398 Ego,
1589 1327 1643 1385 si
1682 1333 1893 1385 essent
1933 1323 2277 1385 inimicitiae

197 1409 354 1469 mihi
383 1425 518 1470 cum
543 1409 912 1483 C.†Caesare,
944 1416 1144 1468 tamen
1178 1406 1298 1468 hoe
1325 1414 1598 1482 tempore
1626 1409 1713 1467 rei
1746 1407 2024 1483 publicae
2054 1423 2274 1467 consu·

199 1496 350 1565 lere,
385 1490 727 1553 inimicitias
758 1492 816 1551 in
847 1490 1010 1551 aliud
1041 1499 1282 1566 tempus
1311 1505 1630 1550 reservare
1664 1492 1981 1551 deberem:
2028 1506 2279 1566 possem

197 1577 386 1638 etiam
426 1592 801 1638 summorum
845 1575 1110 1636 virorum
1149 1575 1433 1650 exemplo
1482 1573 1824 1635 inimicitias
1867 1573 1957 1633 rei
2001 1573 2279 1649 publicae

198 1676 395 1721 causa
439 1661 773 1736 deponere.
874 1659 997 1720 Sed
1043 1675 1237 1737 quum*
1269 1657 1615 1719 inimicitiae
1669 1657 1890 1718 fuerint
1919 1673 2284 1745 numquam,

201 1743 414 1819 opinio
448 1743 707 1805 iniuriae
738 1742 1038 1804 beneflcio
1070 1743 1149 1804 sit
1177 1742 1496 1814 exstincta,
1530 1741 1830 1803 sententia
1862 1758 1995 1802 mea
2014 1787 2028 1813 ‚
2066 1750 2276 1817 patres

203 1827 566 1902 conscripti,
611 1827 665 1887 si
700 1828 970 1903 dignitas
1006 1826 1214 1902 >agitur
1259 1825 1572 1900 Caesaris,
1615 1823 1847 1887 homini
1888 1825 2176 1886 tribuam:
2221 1826 2273 1884 si

202 1912 404 1974 honos
436 1910 711 1987 quidam,
757 1918 1008 1973 senatus
1056 1911 1427 1972 concordiae
1456 1911 1806 1972 consulam:
1857 1908 1911 1969 si
1944 1907 2274 1971 auctoritas

203 1998 590 2060 decretorum
639 2005 1009 2069 vestrorum,
1066 1994 1472 2056 constantiam
1514 1993 1747 2055 ordinis
1809 1992 1869 2052 in
1918 1994 2136 2054 eodem
2179 2009 2273 2052 or·

134 2099 139 2102 ·
204 2080 410 2139 nando
441 2079 806 2155 imperatore
838 2078 1129 2139 servabo:
1157 2079 1212 2138 si
1245 2087 1540 2153 perpetua
1567 2077 1719 2138 ratio
1754 2076 1964 2137 Gallici
1993 2075 2153 2147 belli,
2186 2072 2275 2133 rei

207 2162 488 2239 publicae
510 2162 890 2238 providebo:
923 2164 975 2223 si
1005 2161 1254 2238 aliquod
1286 2178 1483 2222 meum
1520 2160 1815 2236 privatum
1847 2157 2145 2228 officium,
2179 2174 2275 2216 me

208 2263 328 2308 non
373 2247 671 2321 ingratum
713 2261 857 2307 esse
898 2246 1245 2321 praestabo.
1344 2249 1550 2320 Atque
1600 2244 1719 2305 hoc
1778 2244 1953 2303 velim
2014 2241 2280 2316 probare

211 2329 510 2404 omnibuS,
543 2339 746 2405 patres
779 2329 1142 2405 conscripti:
1187 2329 1300 2389 sed
1328 2329 1640 2389 levissime
1671 2328 1878 2401 seram,
1913 2325 1966 2385 si
1996 2326 2151 2386 l‘orte
2172 2333 2275 2383 aut

198 2414 284 2473 ‘iis
314 2413 511 2473 minus
548 2414 839 2489 probaro,
900 2412 1004 2489 qui
1046 2430 1244 2473 meum
1285 2412 1590 2472 inimicum
1636 2416 2015 2486 repugnante
2067 2415 2274 2467 vestra

215 2496 568 2558 auctoritate
604 2504 912 2569 texerunt,
957 2503 1059 2556 aut
1097 2496 1208 2568 iis,
1238 2494 1294 2554 si
1336 2497 1437 2571 qui
1469 2511 1670 2566 meum
1700 2510 1838 2554 cum
1883 2488 2126 2551 inimico
2158 2504 2272 2548 suo

211 2582 467 2642 reditum
497 2581 558 2640 in
589 2581 841 2655 gratiam
879 2579 1339 2655 vituperabunt,
1386 2594 1569 2654 quum
1616 2576 1737 2651 ipsi
1776 2584 1839 2636 et
1880 2589 2015 2635 cum
2046 2587 2182 2631 meo
2216 2580 2275 2631 et

216 2681 348 2725 cum
381 2681 494 2725 suo
531 2662 774 2724 inimico
805 2662 864 2723 in
891 2662 1142 2739 gratiam
1174 2678 1297 2723 non
1329 2658 1657 2721 dubitarint
1681 2657 1903 2718 redire.
