2514 3928
370 268 496 330 326
661 267 737 324 IN
765 267 843 327 Μ.
877 263 1280 325 ANTONIUM
1310 262 1592 325 ORATIO
1625 262 2046 323 PHILIPPICA
2074 262 2146 320 11.
2397 272 2473 323 28

373 420 601 493 disset,
639 416 697 477 in
744 414 1122 475 matrimonio
1160 414 1360 476 stabili
1390 424 1450 476 et
1491 423 1655 476 certo
1691 413 2032 475 collocavit.
2119 412 2224 476 45.
2256 414 2469 474 Nemo

376 518 664 577 umquam
708 516 862 576 puer
890 508 1129 574 emptus
1161 497 1427 559 libidinis
1471 515 1661 559 causa
1692 507 1812 558 tam
1846 497 1956 558 fuit
1983 498 2040 557 in
2074 496 2310 559 domini
2352 514 2464 573 po·

374 594 591 646 testate
636 600 816 660 quam
862 592 922 643 tu
969 582 1028 642 in
1077 577 1376 643 Curionis.
1465 580 1756 655 Quotiens
1800 590 1856 641 te
1887 590 2059 657 pater
2092 581 2229 641 eius
2262 581 2468 642 domu

373 686 486 730 sua
509 668 726 729 eiecit?
756 665 1038 743 quotiens
1062 666 1355 726 custodes
1379 663 1603 741 posuit,
1635 682 1712 724 ne
1736 664 1913 724 limen
1935 665 2239 725 intrares?
2264 684 2469 740 quum

375 762 694 826 tutamen,
732 758 912 812 nocte
942 748 1141 822 socia,
1182 749 1460 810 hortante
1504 747 1782 820 libidine,
1838 756 2097 823 cogente
2143 751 2469 823 mercede,

374 853 486 913 per
520 837 757 911 tegulas
782 835 1182 895 demitterere.
1217 831 1385 905 Quae
1401 830 1628 906 flagitia
1652 833 1871 892 domus
1900 831 2001 891 illa
2032 832 2261 894 diutius
2297 835 2467 893 ferre

374 938 494 981 non
545 918 759 995 potuit.
859 916 1077 977 Scisne
1122 932 1218 975 me
1269 916 1345 976 de
1384 916 1578 976 rebus.
1612 914 1758 976 mihi
1804 914 2139 977 notissimis
2195 915 2466 977 dicere?

375 1004 723 1064 Recordare
765 1012 1003 1075 tempus
1034 999 1210 1071 illud,
1259 1016 1444 1076 quum
1483 1006 1656 1074 pater
1685 999 1864 1060 Curio
1896 1015 2173 1060 maerens
2204 999 2466 1062 iacebat

373 1088 431 1146 in
465 1088 650 1146 lecto=
693 1084 855 1144 filius
896 1099 965 1143 se
1003 1082 1083 1142 ad
1128 1083 1321 1158 pedes
1352 1099 1523 1143 meos
1556 1083 2364 1158 prosternens‚lacrimanS,
2405 1093 2464 1146 te

374 1168 513 1229 mihi
546 1166 1037 1228 commendabat=
1072 1167 1302 1239 orabat,
1339 1175 1404 1227 ut
1434 1175 1491 1227 te
1521 1176 1733 1228 contra
1764 1184 1941 1228 suum
1974 1174 2229 1241 patrem,
2271 1167 2333 1228 si
2360 1186 2461 1229 se·

373 1250 645 1324 stertium
682 1249 1011 1327 sexagiens
1037 1259 1287 1325 peteret,
1324 1250 1747 1310 defenderem:
1780 1259 2003 1311 tantum
2038 1249 2194 1310 enim
2232 1268 2307 1311 se
2342 1269 2457 1327 pro

374 1346 430 1398 te
470 1334 898 1396 intercessisse
942 1335 1201 1394 dicebat.
1289 1335 1431 1409 Ipse
1473 1343 1672 1394 autem
1716 1350 1922 1394 amore
1963 1334 2186 1395 ardens
2225 1336 2461 1395 confir·

372 1419 600 1493 mabat,
652 1419 818 1494 quod
851 1416 1218 1478 desiderium
1266 1417 1351 1477 tui
1398 1416 1639 1477 discidii
1664 1418 1820 1477 serre
1849 1433 1971 1478 non
2005 1425 2255 1494 posset,
2287 1435 2365 1478 se
2401 1418 2459 1478 in

371 1501 654 1564 exsilium
696 1503 932 1565 iturum.
1019 1502 1121 1562 46.
1155 1500 1286 1574 Quo
1317 1509 1591 1574 tempore
1622 1516 1737 1575 ego
1770 1510 1995 1576 quanta
2028 1503 2187 1561 mala
2218 1500 2456 1563 floren-

372 1586 641 1648 tissimae
677 1584 936 1647 familiae
966 1585 1181 1645 sedavi
1212 1587 1309 1644 vel
1341 1583 1548 1660 potius
1577 1583 1825 1645 sustuli!
1856 1584 2013 1645 Patri
2044 1585 2360 1660 persuasi,
2394 1596 2458 1646 ut

372 1687 480 1731 aes
512 1670 773 1744 alienum
799 1668 904 1728 filii
929 1667 1324 1728 dissolveret:
1346 1667 1682 1728 'redimeret
1704 1667 2176 1738 adolescentem,
2206 1684 2453 1729 summa

374 1770 488 1828 spe
523 1761 582 1813 et
611 1751 793 1811 animi
826 1759 887 1810 et
914 1749 1136 1826 ingenii
1173 1750 1532 1825 praeditum,
1572 1749 1658 1810 rei
1695 1749 2007 1811 familiaris
2039 1751 2446 1813 facultatibus

371 1852 634 1910 eumque
655 1850 779 1894 non
811 1833 999 1894 modo
1025 1842 1130 1893 tua
1161 1833 1589 1906 familiaritate,
1635 1835 1746 1894 sed
1789 1834 1968 1895 etiam
2000 1835 2454 1911 congressione

374 1917 565 1994 patrio
610 1918 740 1979 iure
782 1926 842 1978 et
883 1924 1182 1993 potestate
1229 1918 1594 1995 prohiberet.
1683 1917 1848 1979 Haec
1894 1928 1954 1979 tu
1989 1935 2174 1995 quum
2207 1934 2324 1993 per
2356 1936 2452 1980 me

369 2011 505 2063 acta
535 2000 952 2075 meminisseS,
987 2001 1104 2062 nisi
1134 2001 1271 2074 illis,
1307 2018 1464 2076 quos
1497 2002 1794 2075 videmus,
1824 2002 2043 2077 gladiis
2076 2003 2446 2076 confideres

371 2086 709 2147 maledictis
765 2102 860 2146 me
915 2102 1257 2161 provocare
1300 2102 1489 2146 ausus
1533 2093 1754 2146 esses?
1812 2087 1964 2145 XIX.
2010 2084 2111 2148 47.
2155 2084 2287 2147 Sed
2326 2087 2447 2147 iam

371 2178 580 2246 stupra
614 2178 676 2231 ct
695 2168 923 2243 flagitia
952 2168 1316 2243 omittamuS,
1350 2178 1490 2229 sunt
1511 2171 1829 2244 quaedam,
1861 2186 2018 2244 quae
2039 2171 2301 2230 honeste
2325 2189 2446 2232 non

372 2269 624 2327 possum
658 2252 891 2312 dicere=
924 2261 987 2313 tu
1019 2261 1217 2312 autem
1251 2269 1327 2312 eo
1360 2251 1619 2325 liberior,
1655 2254 1819 2328 quod
1844 2270 1917 2313 ea
1947 2253 2005 2313 in
2039 2262 2096 2314 te
2117 2253 2444 2323 admisisti,

372 2352 530 2410 quae
559 2352 595 2394 a
628 2335 973 2396 verecundo
1005 2334 1247 2396 inimico
1272 2336 1484 2396 audire
1513 2352 1633 2396 non
1670 2352 1911 2412 posses.
1978 2335 2100 2397 Sed
2137 2336 2444 2412 reliquum

377 2420 529 2478 vitae
558 2435 802 2478 cursum
841 2417 1070 2479 videte=
1103 2434 1283 2494 quem
1309 2419 1552 2494 quidem
1581 2420 1858 2481 celeriter
1888 2420 2310 2496 perstringam.
2347 2421 2443 2480 Ad

368 2502 523 2563 haec
558 2501 747 2575 enim,
793 2518 950 2577 quae
979 2501 1039 2561 in
1075 2501 1235 2563 civili
1268 2504 1457 2575 bello,
1507 2503 1562 2563 in
1597 2503 1876 2564 maximis
1903 2504 1991 2565 rei
2022 2502 2305 2580 publicae
2335 2503 2445 2564 mi·

368 2585 549 2647 seriis
573 2585 731 2659 lecit,
765 2586 926 2646 etad
950 2602 1040 2659 ea,
1076 2603 1233 2662 quae
1254 2586 1477 2648 cotidie
1513 2588 1673 2658 facit,
1700 2589 1944 2649 festinat
1966 2586 2226 2648 animus.
2278 2587 2445 2660 Quae

369 2679 529 2746 peto,
569 2680 646 2744 ut,
680 2687 1048 2746 quamquam
1085 2672 1271 2732 multo
1305 2671 1544 2732 notiora
1569 2671 1742 2732 vobis
1781 2689 1959 2747 quam
1993 2669 2137 2731 mihi
2168 2678 2326 2740 sunt,
2357 2679 2445 2731 ta-

366 2770 523 2829 men,
548 2762 615 2817 ut
646 2754 861 2829 facitis,
891 2761 1117 2816 attente
1147 2754 1428 2815 audiatis.
1486 2754 1677 2816 Debet
1708 2756 1866 2816 enim
1905 2754 2124 2816 talibus
2164 2753 2222 2813 in
2258 2754 2445 2814 rebus

365 2839 633 2899 excitare
663 2837 901 2899 animos
935 2855 1055 2899 non
1089 2837 1355 2914 cognitio
1387 2839 1581 2899 solum
1613 2855 1844 2914 rerum,
1888 2838 1999 2900 sed
2029 2839 2210 2899 etiam
2238 2852 2444 2897 recor-

365 2920 550 2981 datIo:
612 2920 729 2979 etsi
784 2920 1126 2980 incidamus
1185 2925 1437 2996 oportet
1490 2917 1724 2990 media,
1785 2933 1863 2977 ne
1898 2917 2096 2979 nimis
2152 2935 2297 2979 sero
2363 2920 2439 2980 ad

365 3009 637 3062 extrema
669 3004 1005 3066 veniamus,

480 3085 582 3148 48.
620 3085 869 3146 Ιηιὶηιυε
904 3096 1034 3149 erat
1065 3087 1125 3147 in
1160 3087 1464 3150 tribunatu
1495 3086 1728 3161 Clodio,
1755 3085 1860 3163 qui
1893 3104 2006 3148 sua
2043 3103 2189 3162 erga
2217 3102 2314 3146 me
2334 3086 2438 3146 be-

364 3167 586 3227 neficia
635 3179 1097 3231 commemorate
1133 3169 1268 3231 eius
1312 3170 1576 3231 omnium
1624 3169 2046 3231 incendiorum
2088 3173 2225 3244 fax,
2270 3169 2443 3230 cuius

364 3250 545 3311 etiam
583 3251 746 3312 domi
778 3253 891 3311 iam
924 3262 1045 3313 tum
1080 3253 1368 3327 quiddam
1401 3253 1642 3315 molitus
1679 3262 1792 3314 est.
1882 3252 2037 3328 Quid
2069 3253 2269 3314 dicam
2305 3251 2441 3328 ipse

365 3333 595 3408 optime
631 3334 928 3409 intelligit.
1001 3335 1151 3395 Inde
1183 3336 1298 3397 iter
1318 3338 1767 3398 Alexandream
1799 3346 2014 3398 contra
2048 3345 2303 3398 senatus
2336 3352 2439 3396 au·

365 3416 731 3490 ctoritatem,
779 3427 991 3479 contra
1034 3435 1160 3480 rem
1210 3420 1515 3495 publicam
1545 3428 1606 3481 et
1633 3420 1993 3496 religionesz
2038 3420 2152 3481 sed
2181 3419 2444 3481 habebat

364 3499 583 3560 ducem
617 3500 963 3575 Gabinium,
1008 3502 1253 3578 quicum
1302 3504 1546 3579 quidvis
1588 3502 1930 3597 rectissime
1958 3504 2162 3564 facere
2207 3512 2437 3579 posset.
