2514 3928
12 217 97 274 39
621 209 784 269 CAP.
817 216 885 270 ιε
905 243 976 255 -
995 216 1079 271 ιε.
1123 215 1174 276 s.
1207 217 1275 270 32
1290 242 1368 254 -
1382 218 1471 272 aa.
1972 208 2092 273 187

22 369 149 432 tus,
182 368 243 421 et
273 359 444 434 quia,
489 366 559 419 ut
587 359 684 433 fit,
728 358 787 418 in
832 359 1033 420 multis
1076 359 1203 420 exit
1233 359 1564 435 aliquando
1594 357 1826 434 aliquid
1880 357 1934 419 si
1972 375 2092 419 non

23 445 423 519 perfacetum,
459 449 520 501 at
567 450 767 502 tamen
817 442 1081 503 fortasse
1109 458 1231 503 non
1262 442 1586 516 rusticum,
1631 442 1797 516 quod
1830 440 2095 517 quisque

22 523 191 596 dixit,
226 541 323 585 me
351 523 413 583 id
443 523 678 584 dixisse
699 523 922 586 dicunt.
966 525 1098 600 Ego
1128 533 1336 587 autem,
1357 527 1408 585 si
1439 524 1586 599 quid
1619 533 1717 587 est
1745 525 1914 600 quod
1949 524 2094 587 mihi

18 609 239 669 scitum
268 622 413 667 esse
442 607 717 667 videatur
743 616 805 669 et
833 607 1078 669 homine
1108 607 1377 682 ingenuo
1409 607 1657 682 dignum
1681 615 1865 682 atque
1889 608 2093 680 docto,
2181 673 2189 681 ,

24 708 146 751 non
182 705 496 764 aspernor,
538 691 888 751 stomachor
918 706 1094 764 vero,
1127 707 1314 765 quum
1346 690 1601 771 aliorum
1632 706 1753 750 non
1785 706 1882 751 mc
1911 690 2095 765 digua

20 773 78 834 in
112 789 207 834 me
232 774 648 835 conferuntur.
723 774 870 834 Nam
903 776 1068 849 quod
1096 772 1328 849 primus
1359 773 1540 834 scivit
1569 775 1762 846 legem
1792 773 1869 835 de
1901 772 2094 847 publi-

13 857 191 929 canis
233 866 385 929 tum,
427 874 613 932 quum
670 855 762 916 vir
801 857 1219 933 amplissimus
1264 858 1483 918 consul
1523 856 1587 918 id
1637 854 1723 916 illi
1752 854 1953 919 ordini
1986 872 2098 930 per

22 941 311 1016 populum
344 939 539 1013 dedit,
583 941 750 1015 quod
800 957 913 1015 per
938 949 1234 1014 senatum,
1252 942 1306 1002 si
1342 939 1650 1012 licuisset,
1698 938 2001 1001 dedisset:
2040 938 2093 1000 si

14 1024 78 1082 in
111 1040 185 1084 eo
218 1023 443 1083 crimen
483 1032 596 1094 est,
627 1023 770 1097 quia
796 1023 1153 1098 suffragium
1174 1023 1326 1098 tulit,
1358 1024 1497 1100 quis
1522 1040 1643 1084 non
1668 1021 1800 1087 tulit
1822 1022 2095 1098 publica·

17 1115 177 1167 nus?
204 1105 292 1178 si,
327 1105 470 1180 quia
500 1107 731 1179 primus
762 1105 969 1176 scivit,
1000 1116 1200 1166 utrum
1231 1106 1292 1167 id
1323 1109 1510 1171 sortis
1532 1123 1675 1168 esse
1704 1106 1797 1166 vis
1828 1123 1905 1169 an
1934 1105 2089 1180 eius,

12 1189 123 1264 qui
155 1190 315 1249 illam
341 1190 536 1262 legem
569 1187 842 1248 ferebat?
868 1187 934 1248 Si
958 1188 1175 1260 sortis,¹
1195 1190 1425 1249 nullum
1449 1189 1675 1250 crimen
1702 1189 1879 1251 estin
1910 1206 2091 1251 casu·

15 1273 71 1332 si
102 1270 396 1341 consulis,
431 1269 729 1344 splendor
756 1268 935 1331 etiam
962 1269 1207 1342 Plancii,
1239 1269 1403 1330 hunc
1430 1286 1469 1330 a
1498 1287 1735 1331 summo
1767 1271 1896 1331 viro
1930 1271 2093 1347 prin—

14 1354 224 1429 oipem
257 1368 402 1412 esse
432 1349 667 1413 ordinis
698 1350 1043 1411 iudicatum.

148 1436 280 1495 XV.
324 1433 423 1496 36.
459 1434 586 1494 Sed
614 1432 943 1509 aliquando
978 1433 1293 1497 veniamus
1321 1433 1401 1496 ad
1435 1449 1710 1495 causam.
1784 1436 1847 1493 ln
1886 1451 2007 1508 qua
2034 1441 2094 1495 tu

18 1517 270 1580 nomine
299 1517 454 1593 legis
477 1515 763 1588 Liciniae,
798 1533 957 1591 quae
991 1524 1087 1578 est
1113 1517 1192 1577 de
1219 1515 1553 1589 sodaliciis,
1591 1531 1803 1577 omnes
1826 1514 2090 1578 ambitus

18 1605 196 1678 leges
226 1602 587 1676 complexus
619 1617 707 1661 cs.
792 1600 919 1660 Nec
951 1600 1108 1662 enim
1138 1599 1472 1676 quidquam
1502 1598 1668 1665 aliud
1712 1598 1770 1660 in
1802 1599 1917 1660 hac
1945 1601 2096 1674 *lege

21 1684 440 1747 nisiediticios
459 1683 693 1745 iudices
718 1699 786 1743 es
812 1693 1064 1745 secutus
1081 1707 1097 1740 ε
1124 1685 1294 1760 quod
1316 1700 1513 1759 genus
1539 1681 1901 1745 iudiciorum
1925 1682 1979 1743 si
2004 1691 2097 1743 est

17 1785 287 1844 aequum
336 1768 455 1828 ulla
501 1766 560 1827 in
610 1783 679 1828 re
723 1766 842 1828 nisi
873 1766 930 1828 in
963 1768 1078 1829 hac
1106 1768 1412 1842 tribuaria,
1452 1784 1575 1828 non
1610 1766 1878 1841 intelligo
1913 1782 2093 1840 quam

13 1853 102 1912 ob
130 1869 255 1912 rem
290 1858 541 1912 senatus
571 1850 691 1911 hoe
722 1867 843 1912 uno
873 1851 929 1910 in
961 1867 1187 1928 genere
1216 1850 1407 1912 tribus
1454 1850 1555 1911 edi
1600 1850 1861 1912 voluerit
1886 1850 1966 1910 ab
1992 1866 2068 1910 ac

14 1944 305 1999 eusatore
352 1950 554 2010 neque
599 1934 875 2005 eamdem
924 1934 1249 1998 editionem
1298 1933 1674 1996 transtulerit
1730 1934 1785 1994 in
1855 1940 2092 1998 ceteras

25 2035 280 2092 eausaS,
306 2019 386 2078 de
414 2018 553 2093 ipso
589 2016 857 2093 denique
880 2019 1104 2080 'ambitu
1131 2017 1522 2080 reiectionem
1554 2018 1685 2078 fieri
1714 2017 1978 2079 voluerit
2004 2015 2092 2077 iu·

13 2102 228 2161 dicum
264 2102 658 2172 alternorum,
700 2118 1012 2176 quumque
1052 2104 1282 2163 nullum
1305 2116 1502 2175 genus
1541 2100 1890 2164 acerbitatis
1921 2114 2092 2173 prae-

14 2183 390 2257 termitteret,
413 2184 530 2246 hoc
552 2192 749 2244 tamen
766 2202 952 2245 unum
968 2184 1478 2260 praetereundum
1493 2182 1735 2260 putarit.
1768 2180 1870 2245 37.
1898 2180 2049 2255 Quid
2067 2188 2095 2240 ἱ

14 2266 281 2328 huiusce
321 2266 407 2327 rei
452 2267 693 2330 tandem
735 2268 1000 2330 obscura
1044 2284 1233 2336 causa
1276 2276 1402 2340 est,
1449 2284 1525 2329 an
1571 2274 1634 2328 et
1680 2266 1905 2342 agitata
1947 2273 2093 2337 tum,

15 2367 207 2426 quum
239 2350 358 2411 ista
383 2349 442 2410 in
474 2359 690 2411 senatu
720 2368 822 2411 res
856 2351 1177 2425 agebatur,
1232 2360 1293 2412 et
1338 2350 1649 2427 disputata
1678 2350 1963 2412 hesterno
1994 2346 2094 2409 die

10 2430 455 2509 copiosissime
483 2448 519 2491 a
551 2433 618 2506 Q.
649 2434 1008 2510 Hortensio,
1050 2434 1149 2496 cui
1180 2443 1304 2496 tum
1340 2442 1438 2496 est
1462 2443 1714 2498 senatus
1747 2433 2097 2495 adsensus?

8 2519 152 2582 Hoc
181 2515 361 2591 igitur
388 2514 728 2577 sensimus=
759 2516 1201 2592 cuiuscumque
1223 2516 1417 2578 tribus
1446 2518 1693 2592 largitor
1716 2522 1885 2577 esset
1904 2522 1967 2575 et
1987 2527 2097 2588 per

8 2603 180 2661 hanc
212 2597 704 2673 consensionem,
737 2616 896 2675 quae
921 2598 1114 2675 magis
1144 2599 1404 2661 honeste
1431 2616 1614 2674 quam
1640 2613 1784 2657 vere
1807 2594 2095 2656 sodalita-

3 2695 114 2747 tas
145 2681 584 2755 nominaretur,
626 2699 805 2757 quam
846 2682 1114 2757 *quisque
1146 2680 1365 2742 tribum
1414 2681 1571 2756 turpi
1616 2678 1933 2753 largitione
1963 2692 2093 2735 cor·

3 2777 346 2841 rumperet,
381 2782 518 2827 eum
550 2764 812 2826 maxime
840 2765 916 2826 iis
946 2762 1310 2837 hominibuS,
1344 2762 1449 2839 qui
1478 2762 1613 2828 eius
1644 2761 1836 2823 tribus
1865 2768 2094 2832 essent,

0 2865 169 2916 esse
197 2859 424 2912 notum.
497 2850 586 2910 lta
623 2847 857 2923 putavit
889 2856 1157 2921 senatuS,
1190 2864 1375 2923 quum
1404 2863 1512 2911 ree
1544 2845 1739 2907 tribus
1767 2846 2097 2908 ederentur

0 2949 152 3003 eae,
179 2948 335 3008 quas
365 2932 418 2992 is
451 2930 768 3006 largitione
799 2932 1117 2993 devinctas
1151 2930 1420 3003 haberet,
1451 2930 1705 2993 eosdem
1739 2929 1870 2991 rore
1903 2935 2094 2991 testes

0 3028 70 3082 et
103 3014 365 3078 iudices,
419 3016 727 3078 Acerbum
759 3015 1003 3078 omnino
1032 3031 1228 3090 genus
1259 3012 1496 3088 iudicii,
1527 3013 1640 3076 sed
1669 3022 1888 3087 tamen,
1920 3011 1974 3073 si
1997 3012 2092 3072 vel

0 3119 137 3165 sua
166 3100 265 3160 vel
294 3115 386 3172 ea,
415 3105 574 3173 quae
603 3095 865 3158 maxime
886 3107 1054 3160 esset
1088 3097 1313 3172 cuique
1341 3097 1687 3171 coniuncta,
1723 3097 1917 3158 tribus
1948 3093 2096 3155 ede-

0 3192 201 3257 retur,
233 3181 337 3242 vix
371 3182 794 3243 recusandum.
853 3178 1141 3243 xv1.38.
1170 3179 1262 3242 Tu
1290 3189 1508 3253 autem,
1538 3178 1910 3250 LaterensiS,
1940 3192 2099 3253 quas

0 3268 213 3334 tribus
243 3264 532 3327 edidisti?
611 3263 972 3334 Teretinam,
1004 3264 1211 3326 credo.
1297 3264 1433 3328 Fuit
1454 3270 1620 3325 certe
1654 3264 1716 3326 id
1743 3275 2009 3336 aequum
2038 3268 2102 3320 et

0 3359 187 3417 certe
220 3354 639 3424 exspeetatum
668 3357 766 3410 est
809 3354 871 3408 et
902 3346 1015 3409 suit
1053 3346 1304 3422 dignum
1333 3346 1676 3410 constantia
1705 3353 1826 3406 tua.
1914 3339 2098 3401 Cuius

0 3446 70 3504 tu
104 3430 307 3496 tribus
343 3430 720 3493 ιοιιάἰιοιοηι
744 3438 804 3491 et
832 3439 1250 3506 corruptorem
1291 3439 1354 3491 et
1377 3435 1763 3504 sequestrem
1790 3418 2098 3483 Plancium
