2514 3928
343 324 498 391 '338
671 328 745 388 IN
777 327 857 387 M.
887 327 1293 388 ANTONIUM
1322 327 1606 388 ORATIO
1640 326 2064 387 PHILIPPICA
2094 328 2168 387 11.
2374 340 2441 394 40
2473 365 2483 378 .

371 478 479 558 qui
536 496 724 554 quum
748 452 963 541 auctor
995 480 1169 555 regni
1197 497 1408 551 esses,
1439 496 1596 552 eum,
1631 496 1813 555 quem
1836 439 2133 555 collegam
2148 469 2441 557 habebam,

369 561 684 631 dominum
743 563 972 624 habere
1050 564 1280 634 velles,
1335 560 1499 621 idem
1560 571 1896 639 temptares
1951 565 2099 640 quid
2180 566 2441 640 populus

367 649 686 709 Romanus
730 648 894 716 ferre=
934 654 995 707 et
1036 646 1164 723 pati
1192 653 1426 722 posset.
1513 644 1615 708 86.
1648 651 1732 705 At
1763 645 1943 707 etiam
1967 646 2440 717 misericordiam

371 731 697 808 captabas=
743 732 1010 806 supplex
1038 738 1099 792 te
1127 730 1207 790 ad
1238 731 1436 805 pedes
1463 728 1819 790 abiiciebas.
1906 728 2065 803 Quid
2098 737 2356 805 petens?
2381 741 2447 794 ut

371 814 681 876 servires?
722 814 857 876 Tibi
886 813 991 875 uni
1018 822 1283 889 petereS‚
1315 811 1421 888 qui
1451 811 1535 874 ita
1559 831 1598 873 a
1627 828 1822 889 puero
1855 811 2120 887 vixeraS‚
2151 822 2219 875 ut
2248 815 2444 878 omnia

367 908 664 974 paterere,
693 907 759 959 ut
788 897 966 959 facile
995 896 1264 958 servires
1287 919 1302 951 ε
1331 913 1368 956 a
1389 897 1570 957 nobis
1599 898 1962 973 populoque
1981 898 2261 958 Romano
2282 915 2443 959 man-

368 982 577 1044 datum
609 982 674 1042 id
714 990 879 1043 certe
920 998 1045 1042 non
1088 980 1381 1041 habebas.
1470 980 1519 1040 Ο
1549 981 1926 1057 praeclaram
1959 979 2124 1041 illam
2156 982 2440 1057 eloquen-

363 1065 512 1126 tiam
542 1072 737 1137 tuam,
783 1071 971 1140 quum
1013 1080 1083 1125 es
1124 1064 1330 1125 nudus
1374 1064 1797 1126 contionatus!
1830 1064 1987 1138 Quid
2014 1064 2135 1124 hoc
2168 1065 2448 1141 turpius?

370 1147 518 1223 quid
552 1146 839 1209 foedius?
870 1146 1017 1223 quid
1050 1146 1375 1223 suppliciis
1407 1149 1690 1210 omnibus
1720 1147 2010 1223 dignius?
2036 1148 2193 1209 Num
2223 1164 2446 1225 exspe-

368 1239 522 1308 ctaS‚
545 1232 689 1294 dum
705 1238 768 1291 te
789 1226 1050 1293 stimulis
1065 1229 1409 1293 fodiamus?
1429 1233 1599 1292 Haec
1612 1239 1694 1306 te,
1719 1249 1772 1293 s1
1755 1231 1968 1293 ullam
1998 1240 2233 1308 partem
2256 1232 2446 1295 habes

369 1330 628 1389 sensuS,
658 1314 903 1388 lacerat,
933 1314 1087 1375 haec
1118 1321 1393 1374 cruentat
1419 1313 1634 1376 oratio.
1725 1316 1961 1375 Vereor
1987 1331 2067 1375 ne
2100 1307 2452 1378 imminuam

369 1413 740 1460 summorum
770 1398 1039 1459 virorum
1070 1396 1358 1476 gloriam·
1387 1396 1587 1460 dicam
1615 1406 1816 1460 tamen
1839 1397 2055 1460 dolore
2080 1409 2451 1464 commotus.

368 1480 526 1557 Quid
553 1480 863 1558 indignius
920 1497 1103 1557 quam
1134 1480 1343 1541 vivere
1370 1497 1510 1542 euni
1528 1528 1543 1556 ,
1585 1480 1692 1558 qui
1743 1480 2104 1558 imposuerit
2145 1482 2450 1560 diadema,

369 1582 556 1641 quum
602 1580 818 1626 omnes
862 1567 1163 1627 fateantur
1197 1564 1331 1626 iure
1362 1566 1742 1626 interfectum
1786 1581 1930 1626 esse
1985 1564 2088 1641 qui
2123 1565 2455 1630 abiecerit?

365 1645 466 1713 87.
492 1651 572 1710 At
601 1648 782 1710 etiam
810 1647 1037 1710 ascribi
1058 1648 1237 1710 iussit
1256 1647 1317 1709 in
1352 1648 1525 1710 fastis
1549 1649 1630 1709 ad
1650 1648 2038 1724 Lupercalia=
2074 1646 2138 1710 C.
2168 1645 2449 1710 cusam

366 1748 690 1794 nrcuronr
719 1748 1016 1792 marn-mo
1064 1732 1145 1791 M.
1168 1735 1497 1795 Art-romum
1546 1748 1853 1794 consum
1911 1748 2120 1792 Porum
2146 1748 2323 1794 iussu
2352 1751 2456 1795 ar:-

367 1831 530 1875 cuuu
567 1831 917 1876 ammissa:
966 1816 1300 1876 CAESAREM
1342 1832 1439 1876 uri
1493 1832 1799 1878 notmssn.
1898 1816 2147 1877 Iamiam
2204 1816 2458 1880 minime

366 1898 555 1959 miror
595 1907 656 1959 te
701 1899 894 1962 otium
949 1900 1339 1977 perturbare=
1387 1917 1509 1962 non
1548 1901 1734 1963 modo
1776 1892 1991 1961 u‘rbem
2034 1899 2277 1973 odisse,
2343 1904 2459 1964 sed

367 1982 546 2044 etiam
577 1985 806 2045 lucemz
839 2001 979 2045 cum
1013 1983 1442 2060 perditissimis
1472 1985 1809 2048 latronibus
1841 2002 1965 2046 non
1995 1987 2198 2047 solum
2220 1986 2302 2046 de
2336 1987 2456 2058 die,

366 2068 481 2129 sed
523 2066 706 2129 etiam
747 2068 808 2128 in
852 2067 1014 2129 diem
1054 2068 1285 2130 vivere.
1372 2068 1490 2130 Ubi
1538 2068 1699 2130 enim
1729 2069 1881 2132 tuin
1914 2085 2072 2146 pace
2098 2070 2460 2132 consistes?

367 2150 475 2228 qui
514 2152 692 2213 locus
734 2151 838 2213 tibi
877 2151 935 2212 in
979 2151 1217 2228 legibus
1260 2154 1407 2214 etin
1439 2151 1684 2215 iudiciiS
1719 2169 1864 2217 esse
1896 2159 2131 2229 potest,
2174 2171 2346 2228 quae
2378 2165 2458 2227 tu,

368 2245 659 2310 quantum
693 2234 755 2295 in
784 2244 844 2296 te
887 2235 1014 2307 suit,
1050 2235 1366 2298 dominatu
1392 2237 1562 2312 regio
1598 2236 1942 2299 sustulisti?
1969 2236 2200 2296 ldeone
2220 2237 2288 2296 L.
2313 2239 2460 2298 Tar·

368 2315 615 2392 quintus
646 2326 933 2391 exactus,
979 2319 1086 2396 Sp.
1120 2319 1404 2395 Cassius,
1455 2320 1560 2397 Sp.
1593 2320 1886 2394 MaeliuS,
1931 2319 2014 2379 Μ.
2044 2319 2315 2381 Manlius
2355 2340 2464 2383 ne·

367 2398 505 2476 cati,
540 2408 609 2462 ut
637 2399 843 2463 multis
874 2411 1019 2479 post
1052 2403 1320 2465 saecuHs
1349 2421 1387 2465 a
1409 2404 1819 2479 M.Antonio‚
1855 2403 2024 2480 quod
2047 2404 2142 2464 fas
2172 2421 2301 2464 non
2340 2415 2460 2479 est,

369 2501 482 2546 rex
510 2486 746 2545 Romae
778 2482 1298 2545 constitueretur?
1518 2514 1521 2517 2

488 2569 737 2630 XXXV.
769 2565 871 2628 88.
910 2566 1034 2628 Sed
1074 2566 1155 2626 ad
1179 2567 1458 2644 auspicia
1481 2567 1843 2628 redeamus:
1880 2567 1961 2626 de
1990 2566 2217 2641 quibus
2245 2565 2449 2626 rebus

364 2653 571 2714 Idibus
595 2650 831 2714 Martiis
854 2648 967 2711 fuit
989 2648 1051 2711 in
1078 2658 1300 2719 senatu
1329 2651 1558 2712 Caesar
1580 2660 1863 2712 acturus:
1901 2665 2162 2724 quaero,
2204 2657 2344 2710 turn
2385 2657 2451 2710 tu

366 2737 513 2813 quid
539 2737 799 2812 egisses.
846 2733 1188 2795 Audiebam
1205 2733 1538 2810 quidemte
1550 2741 1831 2811 paratum
1846 2733 2113 2806 venisse,
2140 2733 2320 2809 quod
2347 2748 2454 2792 me

364 2822 443 2882 de
466 2819 768 2885 ementitis
780 2815 1093 2895 auspiciis,
1111 2817 1334 2892 quibus
1354 2825 1557 2887 tamen
1579 2834 1801 2893 parere
1812 2832 2075 2879 necesse
2089 2824 2240 2885 erat,
2260 2824 2454 2892 puta·

368 2920 470 2965 res
488 2920 631 2967 esse
648 2904 969 2965 dicturum.
999 2900 1262 2963 Sustulit
1280 2901 1449 2963 illum
1470 2901 1634 2964 diem
1648 2903 1899 2963 ‚fortuna
1920 2916 2004 2978 po
2008 2899 2139 2977 puli
2149 2900 2453 2961 Romani.

359 2988 517 3048 Num
540 2988 718 3047 etiam
734 2995 906 3046 tuum
922 2986 1001 3046 de
1014 2984 1309 3061 auspiciis
1325 2984 1614 3045 iudicium
1635 2985 1913 3051 interitus
1930 2983 2215 3045 Caesaris
2230 2991 2452 3045 sustu-

361 3071 464 3130 lit?
496 3069 624 3131 Sed
646 3068 831 3129 incidi
852 3068 914 3128 in
946 3068 1294 3145 idtempuS,
1331 3068 1500 3144 quod
1523 3069 1605 3140 iis·e
1620 3071 1830 3141 rebus,
1868 3069 1928 3129 in
1957 3083 2112 3142 quas
2145 3066 2455 3142 ingressa

362 3159 495 3213 erat
517 3150 732 3224 oratio,
757 3153 1281 3227 praevertendum
1300 3161 1408 3235 est.
1453 3153 1622 3227 Quae
1645 3160 1751 3214 tua
1772 3154 1950 3229 fuga!
1977 3167 2140 3226 quae
2164 3150 2452 3212 formido

357 3236 681 3308 praeclaro
701 3234 807 3295 illo
832 3234 963 3295 die·
991 3253 1151 3311 quae
1162 3244 1421 3313 propter
1434 3236 1875 3299 conscientiam
1886 3236 2192 3297 scelerum
2209 3236 2455 3309 despe-

355 3315 515 3377 ratio
530 3316 723 3378 vitae!
753 3332 943 3391 quum
968 3333 1048 3377 ex
1068 3319 1170 3380 illa
1194 3323 1338 3397 fuga
1350 3320 1652 3381 beneficio
1679 3336 1909 3390 eorum,
1924 3318 2045 3394 qui
2063 3318 2145 3391 te,
2168 3335 2227 3379 si
2240 3334 2455 3379 sanus

354 3415 577 3472 esseS,
609 3402 848 3461 salvum
873 3415 1017 3471 esse
1042 3404 1405 3479 voluerunt,
1408 3405 1574 3467 clam
1594 3411 1658 3475 te
1679 3406 1930 3471 domum
1963 3400 2288 3478 recepisti!
2337 3400 2455 3464 89.

355 3483 407 3542 Ο
427 3497 565 3545 mea
580 3484 807 3541 frustra
829 3498 1075 3561 semper
1095 3486 1421 3549 verissima
1433 3488 1689 3565 auguria
1700 3504 1907 3567 rerum
1922 3486 2304 3552 suturarum!
2341 3485 2459 3546 Di-

354 3565 572 3624 cebam
594 3563 753 3625 illis
737 3581 798 3624 m
823 3565 1124 3642 Capitolio
1157 3570 1592 3650 liberatoribus
1611 3572 1871 3644 nostris,
1904 3587 2100 3647 quum
2127 3585 2230 3629 me
2262 3570 2357 3630 ad
2387 3579 2461 3629 te
