2514 3928
142 235 171 292 1
478 318 488 325 ξ
798 229 962 290 οΑΡ.
990 237 1184 292 6—8.
1222 231 1281 308 ς’.
1312 238 1573 294 14—19.
2097 233 2235 298 105

136 383 347 455 :taque
368 396 485 456 ego
512 380 691 453 idem,
726 380 831 456 qui
852 397 1016 442 nunc
1040 380 1399 443 consulibus
1427 380 1523 457 iis,
1557 380 1662 458 qui
1692 382 1994 458 designati
2018 392 2220 460 erunt,

136 463 381 543 Syriam
408 462 961 540 Macedoniamque
990 465 1289 536 decern0,
1332 466 1659 526 decernam
1692 468 1939 529 easdem
1973 477 2206 543 practo-

134 547 376 622 ria8,‚ut
408 555 469 608 et
498 554 811 622 praetores
841 564 1079 609 annuas
1116 546 1470 623 provincias
1500 549 1763 611 habeant
1792 559 1852 612 et
1885 568 1996 612 eos
2029 569 2218 627 quam

132 631 394 707 primum
429 630 767 704 videamus,
805 648 965 708 quos
994 630 1197 692 animo
1228 647 1431 707 aequo
1472 631 1683 694 videre
1711 651 1835 695 non
1862 651 2232 710 possumus.v

131 715 293 774 vul.
323 714 448 774 Sed
471 714 615 775 mihi
649 714 912 777 credite:
945 731 1280 792 numquam
1311 716 1676 778 succedetur
1703 716 1844 791 illis,
1873 717 1991 777 nisi
2024 736 2230 795 quum.

136 816 213 860 ea
255 799 392 874 lege
432 800 759 874 referetur,
819 816 944 876 qua
987 798 1284 860 intercedi
1332 800 1412 860 de
1455 799 1789 875 provinciis
1830 818 1951 861 non
1993 803 2214 862 licebit.

136 885 349 957 ltaque
376 881 496 944 hoc
528 892 802 959 tempore
836 884 1066 945 amisso
1097 900 1299 944 annus
1351 891 1450 944 est
1505 882 1741 958 integer
1774 885 1953 945 vobis
1994 900 2214 960 exspe-

134 966 424 1028 ctandus:
455 982 578 1042 quo
610 966 927 1029 interiecto
959 966 1182 1027 civium
1210 965 1543 1041 calamitas,
1569 966 1879 1029 sociorum
1905 983 2232 1044 aerumna,

138 1049 750 1112 sceleratissimorum
778 1049 1087 1111 hominum
1116 1050 1444 1127 impunitas
1474 1059 1869 1127 propagatur.

263 1133 358 1196 ie.
399 1133 576 1207 Quod
611 1133 665 1193 si
693 1142 905 1195 essent
947 1133 1031 1193 illi
1061 1133 1273 1209 optimi
1311 1134 1454 1209 viri,
1497 1143 1695 1196 tamen
1746 1152 1862 1211 ego
1906 1150 2042 1195 mea
2077 1151 2215 1196 sen·

135 1217 322 1278 tentia
350 1217 413 1276 C.
446 1216 696 1276 Caesari
730 1217 1188 1276 succedendum
1223 1218 1492 1278 nondum
1522 1227 1817 1294 putarem.
1880 1221 2010 1294 Qua
2040 1220 2118 1279 de
2145 1236 2233 1280 re·

135 1300 354 1372 dicam,
387 1307 592 1375 patres
623 1297 974 1373 conscripti,
1005 1316 1164 1374 quae
1195 1298 1414 1372 sentio,
1449 1309 1637 1378 atque
1661 1301 1832 1361 illam
1862 1301 2212 1377 interpella-

138 1380 366 1442 tionem
400 1381 518 1441 mei
543 1378 1011 1454 familiarissimi,
1044 1397 1166 1454 qua
1189 1382 1395 1456 paullo
1424 1391 1565 1443 ante
1592 1383 1927 1459 interrupta
1949 1393 2047 1445 est
2076 1401 2212 1445 ora·

139 1463 222 1526 tio
252 1480 405 1536 mea,
444 1479 566 1524 non
599 1463 1042 1538 pertimescam.
1075 1465 1270 1539 Negat
1291 1480 1388 1523 me
1411 1465 1503 1524 vir
1523 1467 1789 1541 optimus
1820 1465 2232 1537 inimiciorem.

137 1548 392 1609 Gabinio
438 1548 665 1608 debere
700 1563 843 1608 esse
878 1563 1061 1623 quam
1092 1546 1368 1608 Caesari:
1411 1565 1652 1609 omnem
1696 1547 1860 1609 illam
1891 1556 2215 1624 tempesta-

139 1642 287 1706 tem,
332 1631 430 1692 cui
473 1629 799 1703 cesserim,
853 1630 1115 1692 Caesare
1143 1630 1482 1707 impulsore
1528 1640 1712 1708 atque
1753 1631 2032 1693 adiutore
2073 1649 2236 1694 esse-

47 1785 51 1789 „
133 1717 474 1777 excitatam.
534 1714 643 1775 Cui
671 1715 724 1775 si
748 1714 1005 1790 primum
1040 1714 1130 1776 sic
1152 1716 1588 1792 respondeam,
1616 1728 1713 1776 me
1737 1715 2079 1777 communis
2104 1717 2207 1777 uti·

133 1799 316 1861 litatis
346 1800 574 1860 habere
607 1797 937 1873 rationem,
982 1815 1106 1861 non
1142 1798 1377 1861 doloris
1406 1801 1555 1873 mei,
1588 1799 1904 1876 possimne
1933 1800 2238 1877 probare„

133 1901 320 1959 quum
359 1884 423 1943 id
462 1899 561 1943 me
602 1883 804 1944 lacere
848 1881 1077 1958 dicam,
1122 1883 1289 1959 quod
1335 1886 1622 1960 exemplo
1655 1883 2125 1946 fortissimorum
2155 1893 2238 1946 et.

133 1967 611 2029 clarissimorum
653 1966 875 2028 civium
919 1968 1120 2027 facere
1170 1966 1453 2043 possim?
1504 1969 1601 2028 An
1645 1970 1733 2031 Ti.
1776 1968 2216 2031 Gracchus—·-

133 2061 368 2128 patrem
397 2052 566 2127 dice,
614 2052 788 2111 cuius
832 2050 1061 2112 utinam
1089 2050 1197 2112 filii
1228 2067 1306 2111 ne
1340 2052 1822 2126 degenerassent
1849 2070 1886 2113 a
1915 2053 2169 2129 gravita
2158 2069 2234 2113 te

134 2136 363 2211 patria!
408 2169 478 2181 —
550 2097 778 2194 tantam
809 2135 1052 2195 laudem
1083 2143 1179 2195 est
1207 2135 1491 2210 adeptuS,
1521 2137 1689 2211 quod
1714 2134 1998 2196 tribunus
2020 2133 2243 2209 plebis*⁴

134 2222 306 2279 solus
342 2234 422 2278 ex
450 2227 576 2279 toto
607 2217 710 2279 illo
742 2219 1001 2292 collegio
1032 2218 1095 2276 L.
1127 2217 1401 2294 Scipioni
1433 2218 1657 2281 auxilio
1689 2219 1818 2294 fuit,
1859 2217 2233 2279 inimicissi-

134 2308 268 2363 mus
299 2310 358 2363 et
388 2302 585 2377 ipsius
616 2308 676 2363 et
703 2259 935 2362 fratris*³
938 2300 1071 2362 eius
1097 2300 1405 2374 Africani,
1450 2301 1795 2379 iuravitque
1836 2301 1896 2362 in
1928 2302 2222 2385 contione

135 2404 204 2447 se
237 2385 297 2446 in
328 2384 584 2460 gratiam
617 2401 740 2445 non
771 2385 1043 2459 redisse,
1086 2385 1200 2446 sed
1242 2386 1508 2446 alienum
1553 2384 1670 2447 sibi
1699 2385 1894 2447 videri
1924 2386 2239 2462 dignitate⁴

134 2468 398 2545 imperii,
465 2486 588 2545 quo
648 2470 838 2529 duces
899 2476 1112 2530 essent
1161 2469 1429 2531 hostium
1472 2469 1763 2546 Scipione
1807 2469 2240 2547 triumphante·

138 2552 325 2627 ducti,
357 2552 578 2613 eodem
606 2550 807 2627 ipsum
831 2552 995 2625 duci,
1027 2551 1131 2626 qui
1159 2551 1636 2629 triumphasset?
1664 2552 1765 2614 19.
1798 2551 1945 2626 Quis
1978 2550 2243 2628 plenior·

135 2636 517 2698 inimicorum
538 2634 723 2697 suitC.
765 2634 1002 2696 Mario?
1043 2635 1109 2693 L.
1140 2635 1423 2710 CrassuS,
1451 2636 1533 2697 M.
1563 2636 1835 2697 Scaurus
1865 2634 2077 2696 alieni=
2108 2633 2238 2704 ini-·-

136 2719 277 2780 mici
322 2736 536 2781 omnes
565 2718 812 2780 Metelli.
873 2720 958 2778 At
989 2717 1030 2778 ii
1060 2734 1182 2778 non
1217 2719 1402 2779 modo
1434 2718 1600 2780 illum
1630 2717 1938 2778 inimicum
1971 2734 2048 2778 ex
2080 2717 2236 2778 Gal·-

137 2803 218 2864 lia
250 2801 570 2864 sententiis
602 2800 735 2863 suis
764 2819 886 2863 non
917 2801 1349 2875 detrahebant,
1398 2803 1511 2862 scd
1546 2799 1604 2861 ei
1637 2810 1887 2876 propter
1917 2800 2234 2864 rationemx

133 2885 350 2947 Gallici
383 2886 526 2948 belli
556 2885 932 2963 provinciam
964 2894 1138 2946 extra
1166 2883 1441 2946 ordinem
1473 2884 1900 2947 decernebant.
1977 2886 2232 2948 Beuurm

133 2971 193 3032 in
224 2970 418 3048 Gallia
449 2968 776 3032 maximum
812 2977 1050 3045 gestum
1081 2977 1207 3032 est=
1253 2967 1521 3031 domitae
1562 2975 1705 3030 sunt
1733 2984 1768 3028 a
1800 2968 2062 3032 Caesare
2090 2986 2216 3031 ma·

135 3053 339 3115 ximae
386 3055 694 3129 nationes»,
742 3054 858 3115 sed
906 3054 1180 3115 nondum
1225 3051 1497 3128 legibus,
1548 3054 1819 3114 nondum
1855 3053 1987 3116 iure
2029 3062 2236 3125 certo?

135 3140 409 3200 nondum
442 3138 593 3200 satis
625 3138 797 3198 firma
831 3153 983 3213 pace
1012 3136 1356 3199 devinctae.
1434 3137 1669 3200 Bellum
1714 3140 2019 3199 adfectum
2049 3136 2235 3197 vide·

135 3239 272 3283 mus
303 3232 382 3297 et,
411 3239 557 3286 vere
588 3229 653 3284 ut
681 3219 899 3296 dicam,
942 3237 1140 3296 paene
1169 3222 1537 3297 consectum,
1581 3223 1693 3283 sed
1729 3224 1827 3295 ita,
1856 3229 1941 3295 ut,
1973 3220 2027 3281 si
2055 3219 2235 3279 idern

135 3316 410 3368 extrema
451 3304 842 3383 persequitur
881 3303 988 3381 qui
1020 3304 1363 3379 inchoavit,
1411 3305 1529 3367 iam
1571 3306 1775 3366 omnia
1812 3266 2091 3380 pen-’fecta
2132 3299 2234 3359 vi·-

132 3390 422 3464 deamus,
472 3387 528 3451 si
578 3389 958 3465 succeditur,
989 3389 1327 3465 periculum
1358 3388 1437 3450 sit
1470 3405 1548 3449 ne
1576 3389 1943 3449 instauratas
1972 3378 2225 3443 maximi

131 3471 276 3534 belli
312 3474 606 3552 reliquias
629 3491 704 3537 ac
732 3480 1060 3536 renovatas
1089 3474 1432 3534 audiamus.
1461 3473 1622 3547 Ergo
1647 3486 1764 3543 ego
1798 3472 2062 3536 senator,
2105 3459 2228 3519 ini-

2507 1767 2514 1798 μ.

2451 2830 2514 2990 ‘titt
2457 2278 2514 2772 imma-neira!
2473 2118 2514 2214 m-
2480 1817 2514 2057 um...
