2514 3928
43 204 200 317 139³
703 252 866 311 CAP.
901 259 1157 313 13—15.
1203 259 1254 319 s.
1287 222 1555 315 34—40.
2039 250 2165 319 437

43 411 127 464 et
176 405 409 467 betium
455 413 516 465 et
567 403 729 465 iusta
772 420 941 463 arma
983 403 1276 478 cepimus
1362 404 1493 463 XV.
1536 402 1637 465 38.
1682 391 1946 478 Quorum
1986 403 2163 482 igitar
2220 475 2228 483 ,

50 496 514 554 veteranorum
562 485 810 547 animos
852 504 928 548 ne
983 486 1372 550 offendamus
1434 496 1755 547 veremur?
1836 491 2162 565 Eorumne,

51 573 190 651 qui
233 574 306 633 D.
353 574 606 632 Brutum
656 563 979 631 obsidione
1030 569 1286 645 cupiunt
1336 568 1636 630 liberare?
1701 572 1923 646 quibus
1977 592 2164 650 quum

53 656 253 718 Bruti
283 657 453 716 salus
489 671 644 716 cara.
675 654 781 726 sit,
836 654 941 729 qui
979 660 1247 729 possunt
1276 652 1473 713 Cassii
1512 669 1736 713 nomen
1767 656 2023 718 odisse?
2085 676 2164 718 an

53 757 329 812 eorum,
372 738 475 815 qui
504 737 782 811 utrisque
812 736 998 798 armis
1027 744 1292 798 vacant?
1375 737 1509 796 Non
1548 747 1769 798 vereor
1795 751 1873 797 ne
1908 742 2164 801 acerbus
2222 813 2231 820 ἱ

52 823 235 892 civis
271 822 598 900 quisquam
631 820 900 883 istorum
919 822 1013 895 sit,
1048 820 1153 897 qui
1182 824 1309 883 otio
1340 822 1737 881 delectantur.
1794 822 1994 882 Tertio
2020 840 2163 884 vero

50 907 291 985 generi
323 923 447 966 non
478 905 729 967 militum
760 912 1204 978 veteranorum,
1234 902 1349 965 sed
1373 897 2034 980 importunissimorum
2058 906 2164 967 ho-

54 992 263 1054 stium
301 988 490 1066 cupio
546 1006 727 1065 quam
766 988 1233 1050 acerbissimum
1276 989 1552 1049 dolorem
1594 987 1856 1051 inurere.
1947 990 2164 1063 Quam-

54 1092 283 1153 quam,
316 1083 525 1150 patres
562 1072 915 1148 conscripti,
936 1090 1061 1149 quo
1089 1088 1291 1148 usque
1321 1072 1657 1146 sententias
1689 1073 1964 1133 dicemus
2003 1082 2164 1133 vete-

53 1173 372 1221 ranorum·
402 1155 735 1219 arbitratu?
803 1158 980 1231 Quod
1010 1173 1221 1217 eorum
1252 1164 1483 1217 tantum
1518 1156 1826 1217 fastidium
1859 1166 1971 1231 est,
2007 1174 2166 1231 quae

55 1241 676 1317 tanta-adrogantia,
716 1250 783 1301 ut
824 1242 903 1313 ad
936 1240 1245 1301 arbitrium
1279 1240 1519 1301 illorum
1548 1238 1950 1316 imperatores
1983 1239 2166 1301 etiam

71 1326 462 1401 diligamus?
544 1324 646 1385 39.
692 1325 825 1399 Ego
867 1333 1071 1385 autem
1102 1358 1189 1369 -
1230 1323 1554 1384 dicendum
1590 1332 1686 1385 est
1719 1324 1908 1397 enim,
1957 1334 2164 1399 patres

58 1407 432 1485 conscripti,
467 1410 637 1485 quod
661 1410 857 1469 sentio
881 1444 966 1453 —
988 1424 1110 1469 non
1134 1417 1256 1470 tam
1285 1416 1607 1469 veteranos
1631 1409 1958 1471 intuendos
1984 1408 2163 1468 nobis

59 1491 368 1565 arbitror,
401 1510 583 1567 quam
616 1491 766 1567 quid
796 1493 1026 1553 tirones
1058 1491 1314 1565 milites,
1345 1490 1466 1552 flos
1496 1491 1733 1566 ltaliae,
1781 1492 1930 1568 quid
1961 1508 2164 1552 novae

61 1576 357 1653 legiones
399 1578 481 1636 ad
524 1576 898 1636 liberandam
943 1575 1196 1652 patriam
1244 1575 1699 1651 paratissimae,
1754 1576 1900 1652 quid
1945 1584 2161 1638 cuncta

61 1660 268 1724 Italia·
294 1660 371 1718 de
404 1669 607 1720 vestra
636 1658 932 1735 gravitate
969 1659 1207 1721 sentiat.
1295 1659 1453 1719 Nihil
1489 1660 1648 1719 enim
1679 1676 1924 1735 semper
1952 1657 2166 1720 floret:

67 1752 253 1805 aetas
290 1745 567 1803 succedit
592 1742 805 1805 aetati=
851 1744 957 1804 diu
984 1742 1262 1817 legiones
1294 1743 1574 1804 Caesaris
1605 1741 1957 1819 vigueruntz
2003 1757 2166 1803 nunc

63 1827 288 1903 vigent
341 1827 608 1900 Pansae,
659 1826 868 1903 vigent
912 1826 1118 1899 Hirtii,
1171 1826 1381 1902 vigent
1430 1827 1707 1887 Caesaris
1761 1826 1899 1901 filii,
1958 1826 2165 1901 vigent

33 1908 315 1989 Planci:
371 1909 622 1973 vincunt
658 1926 941 1986 numero,
987 1911 1237 1972 vincunt
1276 1911 1604 1973 aetatibus=
1662 1910 1940 1971 nimirum
1982 1909 2163 1972 etiam

33 2070 34 2073 Ἴ
62 1993 439 2057 auctoritate
487 1995 753 2056 vincunt.
841 1997 910 2054 Id
951 1994 1110 2056 enim
1140 1996 1634 2070 bellumgerunt,
1669 1996 1835 2070 quod
1863 1995 1941 2055 ab
1972 1993 2163 2054 omni-

53 2081 209 2139 -bus
257 2076 543 2152 gentibus
588 2077 1046 2151 comprobatur.
1109 2076 1324 2153 ltaque
1376 2078 1473 2138 his
1524 2076 1796 2154 praemia
1848 2077 2159 2152 promissa

33 2207 37 2243 :
77 2168 253 2233 sunt,
278 2159 399 2220 illis
422 2160 761 2236 persoluta.
805 2160 1110 2226 Fruantur
1130 2161 1216 2222 illi
1238 2160 1388 2230 suis,
1415 2163 1853 2237 persolvantur
1875 2159 1967 2218 his
1996 2175 2158 2233 quae

70 2242 560 2318 spopondimus.
631 2245 698 2304 ld
730 2247 887 2304 enim
916 2247 1070 2307 deos
1100 2248 1470 2307 immortales
1505 2262 1691 2320 spero
1723 2242 2165 2320 aequissimum

70 2324 376 2389 iudicare.

33 2472 34 2477 ,
210 2407 310 2468 40.
346 2408 514 2484 Quae
549 2429 734 2487 quum
760 2411 843 2473 ita
880 2413 1016 2485 sint,
1051 2429 1183 2473 earn
1210 2429 1393 2489 quam
1418 2412 1546 2473 dixi
1574 2410 1934 2474 sententiam
1963 2409 2165 2485 vobiS,

32 2544 38 2553 .
69 2499 289 2569 patres
320 2493 669 2572 conscripti,
703 2511 933 2561 censeo
964 2497 1503 2572 comprobandam.

912 2888 1325 2900 -n—-am
