2514 3928
115 300 209 357 13⁶
641 271 645 274 “
729 290 895 351 οΑΡ.
925 298 1053 353 9-
1074 301 1154 350 11.
1192 296 1245 356 s.
1274 298 1547 351 22—27.
2059 290 2193 355 433

111 450 559 520 exspectamus,
572 443 778 517 quoad
805 460 884 503 ne
908 440 1230 516 vestigium
1263 440 1507 518 quidem
1539 438 1727 503 Asiae
1758 437 2066 503 civitatum
2098 453 2189 504 at·

114 544 233 602 que
262 526 496 587 urbium
525 525 946 600 relinquatur?
987 528 1069 584 At
1100 524 1334 585 mittent
1363 523 1630 599 aliquem
1664 525 1742 585 dc
1771 542 1884 588 suo
1908 543 2190 588 numero.

112 611 305 670 Valde
348 610 489 670 mibi
535 607 781 685 probari
821 618 1054 683 potest,
1104 607 1208 683 qui
1253 608 1457 683 paullo
1503 615 1644 667 ante
1680 607 2020 671 clarissimo
2055 611 2187 672 viro

114 694 343 770 privato
395 691 718 768 imperium
772 701 941 752 extra
1000 692 1273 753 ordinem
1327 707 1447 749 non
1503 690 1664 751 dedi.
1753 696 1835 752 At
1881 693 2189 754 hominem

109 778 352 853 dignum
400 776 648 838 mittent.
736 776 890 836 Num
919 776 981 834 P.
1021 772 1279 835 Servilio
1310 772 1694 849 digniorem?
1778 775 1860 834 At
1887 792 2026 835 eum
2060 780 2191 851 qui-

108 864 246 923 dem
288 860 508 922 civitas
550 876 675 921 non
716 860 918 919 habet.
1009 860 1182 932 Quod
1221 876 1368 934 ergo
1405 856 1542 932 ipse
1562 856 1790 917 nemini
1811 859 2026 934 putavi
2046 861 2194 920 dan-

108 946 267 1017 dum,
300 961 378 1006 ne
408 962 445 1003 a
476 951 693 1005 senatu
728 942 992 1018 quidem,
1025 943 1086 1002 id
1119 958 1235 1022 ego
1268 941 1450 1003 unius
1481 940 1707 1001 iudicio
1740 942 2007 1003 delatum
2033 959 2196 1003 com-

114 1029 408 1105 probem?
490 1027 594 1090 26.
623 1027 929 1101 Expedito
963 1025 1142 1087 nobis
1172 1025 1418 1087 homine
1454 1033 1514 1086 et
1543 1033 1778 1100 paratu,
1818 1035 2024 1100 patres
2049 1042 2196 1087 con-

110 1111 349 1188 scripti,
389 1123 552 1188 opus
583 1118 906 1185 esteten,
939 1110 1042 1186 qui
1073 1108 1752 1185 imperium'legitimum
1790 1109 2035 1178 habeat,
2091 1109 2198 1185 qui

110 1191 422 1272 praeterea
456 1194 906 1267 auctoritatem,
950 1210 1202 1269 nomen,
1244 1194 1610 1266 exercitum,
1640 1201 2036 1268 perspectum
2067 1194 2198 1254 ani-

110 1297 269 1341 mum
304 1280 364 1340 in
394 1296 463 1340 re
494 1279 737 1354 publica
770 1278 1107 1339 liberanda.

233 1365 340 1424 XL'
377 1362 524 1437 Quis
556 1361 735 1437 igitur
764 1362 817 1422 is
851 1370 989 1422 est?
1049 1364 1181 1440 Aut
1208 1362 1290 1421 M.
1319 1362 1544 1422 Brutus
1575 1370 1678 1422 aut
1708 1363 1770 1423 C.
1804 1361 2059 1422 Cassius
2090 1369 2197 1422 aut

110 1456 387 1523 uterque.
471 1447 875 1507 Decernerem
902 1446 1099 1518 plane,
1132 1444 1292 1507 sicut
1315 1448 1505 1505 multa
1529 1447 1907 1513 consulibus,
1937 1446 2193 1506 alterum

110 1532 425 1600 ambosve,
460 1530 521 1587 ni
541 1530 795 1589 Brutum
834 1528 1302 1604 colligassemus
1333 1529 1393 1587 in
1440 1525 1698 1588 Graecia
1738 1535 1799 1589 et
1846 1527 1979 1588 eius
2022 1528 2168 1590 auxi

109 1612 252 1675 lium
281 1613 360 1672 ad
404 1610 636 1672 Italiam
672 1628 928 1687 vergere
956 1629 1136 1686 quam
1179 1612 1256 1672 ad
1294 1613 1504 1672 Asiam
1546 1614 2011 1673 maluissemus=
2073 1630 2196 1672 non

111 1707 174 1759 ut
203 1714 282 1757 ex
316 1714 390 1757 ea
424 1695 558 1756 acie
590 1704 940 1771 respectum
982 1697 1381 1770 haberemus,
1423 1697 1536 1758 sed
1569 1703 1636 1756 ut
1676 1695 1815 1772 ipsa
1851 1693 2020 1756 acies
2053 1696 2198 1757 sub-

112 1780 330 1842 sidium
362 1780 616 1840 haberet
647 1778 829 1840 etiam
851 1779 1338 1842 transmarinum.
1423 1780 1776 1853 Praeterea,
1809 1788 2017 1855 patres
2053 1795 2197 1840 con-

109 1863 351 1940 scripti,
387 1864 468 1923 M.
498 1864 754 1925 Brutum
782 1862 1004 1925 retinet
1032 1863 1214 1925 etiam
1244 1880 1408 1924 nuuc
1445 1864 1509 1923 C.
1526 1864 1864 1933 Antonius,
1899 1862 2005 1937 qui
2035 1871 2202 1924 tenet

109 1948 530 2024 Apolloniam,
561 1963 841 2022 magnam
874 1949 1085 2009 urbem
1123 1956 1184 2010 et
1211 1964 1490 2023 gravemz
1533 1956 1728 2021 tenet,
1761 1947 2012 2023 opinor,
2053 1947 2200 2024 Byl-

113 2031 323 2092 lidem=
366 2039 532 2092 tenet
570 2031 930 2103 Amantiam,
976 2031 1161 2092 instat
1201 2031 1417 2106 Epiro,
1471 2038 1651 2107 urget
1695 2029 1968 2099 Oricum,
2019 2032 2202 2092 habet

112 2114 347 2190 aliquot
383 2113 698 2186 cohorteS,
749 2115 933 2176 habet
966 2117 1319 2191 equitatum.
1405 2115 1562 2176 Hinc
1593 2117 1644 2175 si
1675 2115 1901 2175 Brutus
1932 2113 2050 2191 erit
2080 2121 2198 2174 tra-

111 2200 338 2259 ductus
389 2197 468 2259 ad
511 2197 675 2260 aliud
707 2197 929 2259 bellurn
962 2244 978 2272 ,
1031 2199 1348 2260 Graeciam
1390 2205 1555 2260 certe
1596 2196 2002 2261 amiserimus.
2090 2198 2196 2258 Es*

107 2289 310 2344 autem
336 2280 517 2343 etiam
548 2282 627 2342 de
652 2282 981 2343 Brundisio
1006 2291 1191 2360 atque
1219 2283 1323 2343 illa
1354 2298 1461 2344 ora
1482 2281 1692 2344 ltaliae
1726 2282 2200 2359 providendum.

104 2368 489 2441 Quamquam
525 2364 713 2426 miror
744 2374 863 2427 tam
897 2365 1001 2427 diu
1030 2367 1252 2427 morari
1285 2367 1640 2428 Antonium.
1671 2366 1844 2430 Solet
1874 2366 2033 2428 enim
2064 2366 2203 2442 ipse

104 2450 393 2526 accipere
450 2451 722 2510 manicas
781 2467 896 2510 nec
945 2450 1175 2512 diutius
1218 2449 1560 2512 obsidionis
1604 2460 1829 2513 motum
1871 2453 2198 2513 sustinere.

104 2534 289 2608 Quod
318 2532 374 2593 si
404 2535 742 2595 confecerit
769 2535 997 2596 Brutus
1030 2543 1092 2596 et
1119 2534 1488 2596 intellexerit
1517 2538 1656 2611 plus
1693 2552 1762 2595 se
1791 2535 1880 2594 rei
1916 2533 2201 2610 publicae

102 2619 526 2693 profuturum,
570 2615 625 2677 si
666 2618 1045 2679 Dolabellam
1089 2628 1502 2695 persequatur
1541 2635 1723 2694 quarn
1762 2616 1816 2678 si
1849 2616 1910 2677 in
1946 2616 2202 2677 Graecia

102 2709 382 2775 maneat,
439 2709 581 2776 aget
608 2700 748 2776 ipse
778 2718 889 2776 per
921 2719 1097 2778 sese,
1153 2709 1221 2764 ut
1249 2702 1450 2763 adhuc
1484 2719 1733 2778 quoque
1778 2700 1949 2775 fecit,
1998 2716 2202 2775 neque

100 2785 166 2846 in
200 2793 293 2846 tot
318 2784 643 2859 incendiiS,
680 2785 906 2860 quibus
937 2787 1260 2848 confestim
1294 2787 1776 2848 succurrendum
1813 2792 1940 2859 est,
1976 2799 2201 2860 exspe-

99 2866 296 2930 ctabit
332 2876 631 2930 senatum.
701 2866 803 2943 27,
846 2870 994 2930 Nam
1029 2879 1088 2932 et
1114 2872 1340 2931 Brutus
1375 2877 1437 2932 et
1463 2870 1717 2947 Cassius
1754 2868 1956 2931 multis
1984 2867 2103 2929 iam
2141 2866 2200 2927 in

98 2953 297 3013 rebus
327 2950 465 3027 ipse
495 2951 614 3013 sibi
644 2961 895 3015 senatus
926 2954 1056 3015 suit.
1141 2955 1414 3015 Necesse
1446 2962 1542 3016 est
1574 2954 1731 3015 enim
1764 2954 1823 3015 in
1857 2962 2024 3016 tanta
2056 2968 2200 3013 con-

98 3036 402 3097 versione
444 3044 506 3097 et
535 3037 1001 3111 perturbatione
1043 3037 1316 3098 omnium
1351 3056 1551 3100 rerum
1583 3037 1963 3115 temporibus
1995 3037 2202 3114 potius

101 3136 332 3196 parere
375 3137 557 3196 quam
603 3120 894 3182 moribus.
980 3123 1107 3183 Nec
1155 3122 1315 3183 enim
1356 3140 1531 3184 nunc
1558 3125 1818 3200 primum
1847 3129 1952 3184 aut
1976 3124 2202 3183 Brutus

98 3211 215 3265 aut
261 3202 518 3265 Cassius
559 3205 818 3265 salutem
860 3206 1324 3281 libertatemque
1365 3206 1599 3284 patriae
1643 3209 1838 3284 legem
1881 3204 2199 3267 sanctissi-

97 3304 271 3347 mam
314 3295 377 3349 et
417 3305 648 3354 morem
693 3290 984 3365 optimum
1029 3289 1342 3350 iudicavit.
1430 3292 1645 3369 Itaque
1688 3293 1739 3352 si
1782 3293 1860 3351 ad
1908 3307 2022 3351 nos
2055 3287 2200 3348 nihil
2255 3300 2257 3302 ·

98 3373 443 3433 referretur
476 3373 557 3434 de
576 3373 895 3434 Dolabella
924 3375 1405 3450 persequendo,
1423 3382 1626 3437 tamen
1654 3392 1771 3450 ego
1804 3391 1918 3450 pro
1948 3375 2203 3433 decreto

101 3462 426 3531 putarem,
485 3474 673 3532 quum
703 3466 914 3519 essent
941 3459 1096 3520 tales
1135 3457 1388 3533 virtute,
1444 3457 1831 3530 auctoritate,
1884 3453 2207 3515 nobilitate

105 3560 363 3611 summa
379 3544 513 3619 viri,
539 3561 800 3620 quorum
824 3543 1077 3604 alterius
1101 3542 1219 3603 iam
1240 3543 1420 3603 nobis
1451 3550 1633 3601 notus
1663 3548 1834 3679 egsget
1857 3537 2186 3605 exercituS,

210 3645 327 3691 cm.
360 3630 430 3688 11.
462 3635 515 3691 3.
1131 3642 1148 3649 “²
