2514 3928
102 285 227 339 123
718 279 882 339 GAP.
915 289 1183 340 12—15.
1228 286 1284 347 s.
1315 288 1477 341 32—
1490 289 1577 341 41.
1682 342 1687 347 ,
2076 282 2197 345 221

101 423 223 488 37.
275 426 442 487 Lites
488 426 681 501 enim,
721 442 836 495 ouo
873 444 951 486 EA
993 444 1246 487 pneuma
1279 445 1676 502 mammam,
1722 447 1845 491 non
1891 430 2018 492 suis
2059 449 2201 508 pro

103 508 273 584 priis
304 507 580 580 iudiciis,
621 509 780 569 sed
765 526 825 567 1n
855 526 1026 569 reum
1057 508 1231 570 sactis
1262 512 1652 572 condemnari
1683 517 1899 575 solent.
1985 516 2199 590 Itaque

103 591 165 651 si
212 600 325 653 aut
368 591 634 666 praedes
676 591 953 652 dedisset
982 591 1273 654 Gabinius
1316 600 1421 655 aut
1457 603 1686 656 tantum
1729 615 1806 658 ex
1837 598 1968 658 eius
2001 599 2221 674 boniS,'

103 681 355 749 quanta
397 690 633 734 summa
672 674 859 735 litium
905 674 1150 751 ruisset,
1192 678 1466 773 populus
1506 678 1872 752 recepisset,
1920 684 2198 756 quamvis

101 772 347 832 magna
379 757 458 815 ad
480 748 829 818 Postumum
859 759 936 818 ab
966 775 1041 839 eo
1078 760 1342 835 pecunia
1370 761 1771 835 pervenisset,
1806 781 1923 824 non
1960 765 2196 840 redige-

102 848 307 913 retur,
336 844 402 898 ut
429 837 677 916 intelligi
712 842 887 902 facile
921 844 1147 918 possit,
1173 845 1340 919 quod
1370 860 1449 903 ex
1483 859 1557 904 ea
1579 845 1857 919 pecunia,
1889 864 2070 920 quam
2100 864 2197 908 ce-

104 923 283 998 perit
326 923 412 993 iS,
472 921 577 998 qui
620 924 941 986 damnatus
980 934 1108 1002 est,
1151 926 1516 1003 pervenisse
1559 926 1641 986 ad
1681 927 1945 1002 aliquem
1993 928 2050 986 in
2095 929 2198 990 illo

105 1005 322 1080 primo
354 1005 579 1067 iudicio
611 1007 859 1083 planum
883 1010 1107 1070 factum
1137 1011 1233 1083 sit,
1269 1009 1333 1070 id
1357 1010 1476 1071 hoc
1505 1026 1732 1086 genere
1762 1010 1971 1071 iudicii
2003 1011 2199 1087 redigi

39 1146 44 1149 .
109 1090 346 1150 solere.
433 1089 607 1151 Nunc
654 1106 801 1152 vero
833 1093 980 1167 quid
1018 1092 1255 1167 agitur?
1295 1094 1399 1154 ubi
1430 1102 1720 1154 terrarum
1751 1102 2010 1156 sumus?
2053 1095 2202 1171 quid

111 1173 249 1225 tam
295 1184 658 1243 perversum
718 1177 1273 1246 praeposterumve
1329 1171 1450 1232 dici
1502 1178 1609 1233 aut
1661 1171 2000 1247 excogitari
2050 1180 2191 1248 pot-

112 1251 260 1310 est?
348 1250 452 1311 38.
508 1253 860 1312 Accusatur
913 1253 998 1321 is,
1059 1253 1164 1327 qui
1218 1269 1347 1313 non
1403 1254 1656 1315 abstulit
1707 1270 1743 1313 a
1794 1272 1974 1330 rege,
2033 1255 2195 1317 sicut

112 1330 421 1391 Gabinius
455 1330 759 1390 iudicatus
792 1338 905 1402 est,
937 1332 1050 1390 sed
1083 1331 1189 1405 qui
1217 1334 1537 1392 maximam
1562 1333 1694 1407 ¹,egi
1723 1337 2048 1409 pecuniam
2073 1352 2201 1396 cre-

112 1411 296 1473 didit.
353 1413 546 1492 ⁴Ergo
588 1412 642 1472 is
688 1411 944 1472 Gabinio
981 1413 1176 1484 dedit,
1220 1413 1325 1487 qui
1368 1431 1487 1474 non
1528 1413 1670 1473 huic
1707 1417 1990 1477 reddidit.
2074 1420 2200 1477 Iam

114 1497 303 1570 cedo,
330 1512 519 1571 quum
548 1493 623 1570 is,
656 1494 762 1571 qui
792 1493 1113 1569 pecuniam
1141 1495 1430 1556 Postumo
1465 1496 1700 1568 debuit,
1740 1514 1861 1557 non
1894 1499 2053 1573 huic,
2091 1502 2198 1558 sed

116 1578 386 1640 Gabinio
405 1579 671 1652 dederit,
700 1578 1107 1639 condemnato
1125 1577 1381 1639 Gabinio
1411 1587 1608 1640 utrum
1626 1579 1710 1638 illi
1728 1596 1860 1639 eam
1886 1583 2200 1654 pecuniam

111 1662 391 1724 reddidit
402 1677 480 1722 an
509 1662 687 1723 etiam
711 1678 876 1722 nunc
901 1661 1123 1722 debet?
1138 1704 1419 1720 .........
1447 1663 1606 1723 XlV.
1631 1663 1713 1723 At
1734 1662 1917 1723 habet
1941 1672 2001 1724 et
2031 1665 2202 1724 celat.

116 1746 277 1807 Sunt
309 1747 471 1807 enim
506 1747 610 1822 qui
640 1746 724 1807 ita
751 1747 1098 1821 loquantur.
1186 1746 1364 1819 Quod
1404 1762 1601 1821 genus
1643 1746 1887 1805 tandem
1928 1755 2025 1808 est
2040 1744 2207 1806 istud

118 1830 552 1892 ostentationis
589 1837 650 1891 et
676 1829 950 1905 gloriae?
993 1827 1060 1889 Si
1099 1828 1244 1889 nihil
1272 1829 1592 1890 habuisset
1620 1845 1939 1904 umquam,
1982 1838 2204 1901 tamen,

119 1915 174 1974 si
218 1914 570 1990 quaesisset
610 1929 718 1973 cur
765 1929 835 1974 se
878 1911 1293 1974 dissimularet
1323 1912 1579 1985 habere,
1626 1928 1816 1973 causa
1861 1928 1982 1973 non
2014 1922 2199 1974 esset.

121 1996 241 2069 Qui
268 2013 419 2057 vero
445 1999 569 2057 duo
599 1999 762 2057 lauta
804 2004 866 2057 et
892 1995 1151 2071 copiosa
1183 1996 1548 2072 patrimonia
1583 1998 1931 2071 accepisset
1950 2012 2203 2071 remque

128 2086 452 2155 praeterea
504 2077 685 2139 bonis
728 2086 790 2139 et
827 2078 1105 2139 honestis
1144 2080 1481 2139 rationibus
1526 2078 1819 2154 auxisset,
1857 2078 2005 2154 quid
2035 2089 2206 2140 esset

126 2161 378 2221 tandem
419 2175 646 2222 causae
682 2177 792 2220 cur
826 2160 1157 2223 existimari
1198 2163 1385 2222 vellet
1439 2161 1587 2221 nihil
1630 2162 1902 2222 habere?
1959 2161 2060 2222 39.
2106 2164 2203 2222 An

134 2260 323 2319 quum
351 2243 641 2324 credebat
668 2243 950 2304 inductus
979 2243 1215 2318 usuris,
1252 2243 1318 2303 id
1345 2246 1591 2320 agebat,
1638 2252 1705 2305 ut
1736 2244 1990 2305 haberet
2022 2261 2203 2319 quam

133 2325 486 2403 plurimum:
520 2335 738 2402 postea
768 2343 947 2401 quam
979 2326 1181 2402 exegit
1211 2328 1379 2402 quod
1410 2328 1769 2402 crediderat,
1798 2337 1864 2404 ut
1895 2328 2203 2389 existima-

134 2418 299 2473 retur
326 2425 507 2487 egere
528 2417 559 2469 ἰ
596 2411 837 2471 Novum
879 2426 1073 2485 genus
1118 2411 1238 2471 hoc
1277 2412 1506 2486 gloriae
1535 2410 1936 2488 concupiscit.
1966 2445 2049 2457 -—
2080 2412 2201 2472 Do—

137 2492 395 2555 minatus
427 2500 524 2553 est
545 2493 723 2566 enim,
757 2493 969 2569 inquit,
998 2494 1430 2555 Alexandriae.
1493 2496 1680 2556 Immo
1713 2513 1860 2556 vero
1889 2495 1951 2554 in
1988 2511 2203 2570 super-

136 2576 388 2639 bissimo
423 2577 733 2638 dominatu
775 2578 913 2637 fuit:
943 2578 1188 2652 pertulit
1215 2577 1355 2652 ipse
1383 2578 1754 2639 custodiamz
1785 2578 1937 2639 vidit
1976 2578 2038 2637 in
2072 2578 2202 2636 'vin-

139 2661 289 2722 culis
323 2659 649 2720 familiares
682 2676 863 2721 suos:
897 2676 1064 2721 mors
1100 2660 1179 2719 ob
1203 2662 1418 2721 oculos
1450 2677 1640 2735 saepe
1671 2670 1913 2721 versata
1941 2669 2063 2722 est:
2095 2678 2203 2719 nu-

140 2745 253 2805 dus
280 2753 465 2819 atque
496 2760 685 2819 egens
715 2744 794 2803 ad
823 2751 1157 2803 extremum
1190 2743 1338 2817 fugit
1368 2759 1403 2803 e
1431 2759 1641 2817 regno.
1719 2742 1822 2803 40.
1856 2746 1936 2805 At
1964 2760 2206 2819 permu-

140 2835 259 2891 tata
279 2827 524 2887 aliunde
548 2826 808 2902 pecunia
838 2834 961 2887 est=
995 2827 1215 2887 ductae
1239 2842 1429 2885 naves
1450 2825 1722 2886 Postumi
1741 2825 2011 2887 Puteolis
2035 2833 2198 2896 sunt,

143 2908 378 2971 auditae
406 2909 705 2984 visaeque
747 2910 1268 2969 merceszrallaces
1302 2908 1547 2984 quidem
1596 2915 1654 2967 et
1695 2911 1950 2970 fucosae
1981 2908 2206 2970 chartis

146 3004 204 3055 et
230 2992 425 3054 linteis
455 3001 517 3053 et
535 2991 691 3053 vitro
718 2994 982 3053 delatae=
1017 2992 1242 3067 quibus
1268 3004 1450 3067 quum
1481 2992 1705 3052 multae
1729 3008 1920 3053 naves
1944 2994 2204 3053 refertae

146 3076 427 3148 fuissent,
476 3092 600 3135 una
649 3091 770 3135 non
812 3074 1009 3150 patuit
1037 3092 1229 3151 parva
1271 3083 1455 3151 atque
1483 3083 1630 3137 arta.
1718 3075 1871 3150 Quid
1902 3075 2209 3152 amplius?

148 3160 247 3221 llle
262 3159 629 3220 Puteolanus
660 3174 860 3219 sermo
889 3156 1051 3218 illius
1080 3159 1373 3234 temporis
1400 3167 1841 3235 vectorumque
1871 3177 2089 3221 cursus
2120 3168 2204 3219 at-

153 3260 265 3319 que
297 3241 641 3316 ostentati0,
670 3249 794 3304 tum
825 3240 1207 3303 subinvisum
1237 3243 1400 3318 apud
1433 3245 1769 3304 malevolos
1797 3242 2070 3305 Postumi
2097 3259 2206 3302 no-

154 3342 310 3399 men,
353 3334 605 3401 propter
647 3324 999 3401 opinionem
1034 3326 1333 3400 pecuniae
1377 3326 1587 3406 nescio
1643 3345 1854 3401 quam,
1914 3331 2206 3387 aestatem

158 3424 343 3479 unam,
377 3425 500 3469 non
532 3410 757 3484 plureS‚
795 3425 975 3469 aures
1003 3408 1245 3470 refersit
1273 3408 1406 3469 istis
1439 3409 1845 3469 sermonibus.

267 3490 397 3552 XV.
440 3485 541 3553 41.
588 3494 818 3553 Verum
848 3500 1078 3565 autem,
1112 3492 1381 3567 iudices,
1427 3490 1483 3552 si
1522 3491 1680 3552 scire
1716 3490 1930 3562 vultis,
1982 3485 2100 3544 nisi
2143 3484 2207 3540 c.
