2514 3928
180 215 247 270 ⁶3
803 208 969 267 CAP.
1000 217 1161 269 14—
1182 219 1263 270 15.
1303 210 1358 286 ξ.
1385 217 1651 272 36-39,
2129 209 2253 273 361

182 373 435 432 magnae
484 374 667 417 curae
710 373 852 418 esse
897 374 971 418 ac
1015 359 1146 419 fore
1187 366 1253 418 ut
1293 375 1404 433 pro
1433 358 1613 420 tantis
1644 377 1857 422 eorum
1887 361 1946 420 in
1981 378 2110 423 rem
2140 378 2251 437 pu

180 440 397 501 blicam
438 439 669 501 meritis
716 442 984 502 honores
1014 441 1106 501 eis
1134 440 1471 502 habeantur
1501 442 1854 520 gratiaeque
1884 446 2254 507 referantura

181 521 420 584 senatui
460 525 706 597 placere
739 522 825 584 uti
860 525 922 585 C.
952 525 1149 584 Pansa
1181 529 1257 585 A.
1289 517 1549 597 HirtiuS,
1607 529 1896 587 consules
1928 528 2250 605 designati,

182 623 369 683 quum
411 605 826 681 magistratum
867 607 1154 680 inissent,
1194 606 1247 668 si
1281 607 1371 668 eis
1407 607 1745 684 videretur,
1782 611 1973 706 primo
2007 629 2254 689 quoque

181 700 456 764 tempore
485 691 562 750 de
588 689 683 750 his
713 692 900 753 rebus
929 691 1010 751 ad
1039 691 1202 751 hunc
1234 692 1510 752 ordinem
1532 694 1871 802 referrent,
1898 693 1981 754 ita
2012 695 2098 755 uti
2126 714 2162 757 e
2185 713 2254 757 re

179 773 424 849 publica
453 774 702 850 fideque
735 792 848 836 sua
880 775 1203 836 videretur.

1019 982 1417 995 ——Q———n-—o

761 1138 847 1219 M.
904 1139 1175 1220 TULLII
1231 1136 1660 1219 CICERONIS

296 1284 386 1379 ΙΝ
449 1286 550 1378 Μ.
371 1280 1132 1524 AN'l'ONlUli}J
1163 1279 1526 1519 Olzl'lATIO
1590 1284 2124 1380 PflthPtcA

1003 1429 1067 1532 ss
1135 1430 1196 1519 A
1338 1429 1429 1518 A.

874 1728 1550 1791 ARGUMENTUM.

282 1843 465 1893 Habita
494 1844 759 1908 superiore
793 1842 1019 1893 oratione
1053 1842 1124 1893 Μ.
1146 1841 1322 1893 Cicero
1357 1845 1460 1893 iam
1496 1847 1550 1891 in
1586 1843 1820 1893 contione
1856 1854 1985 1904 quae
2016 1850 2128 1891 acta
2154 1842 2256 1893 sint

133 1966 144 1969 a
176 1915 231 1960 in
280 1922 460 1961 senatu
500 1913 738 1978 exponit,
791 1912 845 1961 C.
884 1909 1151 1962 Caesarem
1189 1921 1240 1961 et
1275 1911 1336 1962 D.
1369 1912 1581 1962 Brutum
1620 1911 1835 1961 summis
1879 1909 2047 1960 adficit
2088 1910 2253 1961 laudi-

176 1981 305 2038 bus,
339 1981 590 2046 populum
625 1983 907 2031 Romanum
942 1982 1009 2031 ad
1042 1981 1326 2031 libertatem
1365 1982 1731 2047 capessendam
1769 1978 2069 2031 adhortatur
2097 1980 2245 2031 bene·

177 2063 279 2112 que
316 2049 380 2098 de
409 2065 465 2098 re
494 2049 697 2114 publiea
729 2063 931 2114 sperare
965 2050 1124 2103 iubet.

305 2185 349 2243 1.
385 2185 441 2245 1.
484 2184 854 2261 Frequentia
882 2195 1146 2246 vestrum
1178 2185 1569 2262 incredibilis,
1601 2185 1880 2260 QuiriteS,
1918 2184 2248 2261 contioque

177 2275 376 2340 tanta,
423 2279 706 2343 quantam
749 2269 1111 2330 meminisse·
1150 2285 1272 2329 non
1324 2269 1565 2342 videor,
1614 2280 1675 2332 ct
1709 2267 2077 2330 alacritatem
2109 2269 2250 2329 mihi
2324 2298 2325 2305 ι

179 2368 477 2413 summam
519 2352 943 2415 defendendae
986 2354 1075 2414 rei
1118 2354 1401 2428 publicae
1447 2354 1646 2414 adfert
1684 2362 1744 2414 et
1784 2369 1959 2428 spem
1991 2370 2249 2428 recupe-

175 2435 425 2498 randae.
498 2437 871 2513 Quamquam
918 2437 1157 2500 animus
1198 2437 1346 2497 mihi
1391 2438 1637 2513 quidem
1667 2453 1996 2512 numquam
2027 2437 2249 2506 defuit3

176 2527 454 2594 tempora
503 2522 857 2594 defuerunt,
938 2539 1097 2598 quae
1146 2523 1326 2582 simul
1376 2537 1449 2582 ac
1500 2522 1758 2596 primum
1811 2519 2044 2594 aliquid
2094 2519 2250 2579 lucis

180 2604 509 2665 ostendere
538 2603 673 2666 visa
706 2614 877 2680 sunt,
906 2606 1196 2682 princeps
1229 2613 1474 2666 vestrae
1503 2603 1798 2665 libertatis
1824 2602 2252 2662 defendendae

178 2686 285 2746 fui.
358 2687 534 2760 Quod
562 2688 615 2749 si
645 2688 708 2748 id
741 2697 883 2750 ante
906 2691 1110 2749 facere
1140 2698 1396 2750 conatus
1430 2705 1663 2760 essem,
1701 2702 1862 2747 nunc
1896 2687 2100 2745 facere
2130 2702 2252 2746 non

175 2786 451 2846 possem.
525 2772 837 2833 Hodierno
882 2772 1041 2847 enim
1084 2774 1211 2846 die,
1263 2772 1555 2846 Quirites,
1595 2788 1674 2832 ne
1713 2769 2085 2830 mediocrem
2123 2785 2253 2829 rem

177 2861 374 2915 actam
412 2855 813 2935 arbitremini,
863 2858 1255 2918 fundamenta
1295 2857 1452 2918 iacta
1493 2865 1636 2917 sunt
1661 2856 2032 2930 reliquarum
2062 2852 2253 2914 actio-

177 2953 341 2998 num.
386 2939 536 3000 Nam
562 2948 657 3001 est
683 2939 881 3003 hostis
910 2957 948 3002 a
975 2950 1193 3002 senatu
1221 2941 1495 3001 nondum
1525 2939 1713 3000 verbo
1743 2937 2106 3014 appellatuS,
2139 2937 2254 2999 sed

175 3036 246 3081 re
278 3020 395 3082 iam
426 3022 730 3086 iudicatus
749 3024 1074 3086 Antonius.
1118 3024 1179 3086 2.
1207 3025 1382 3084 Nunc
1411 3040 1560 3084 vero
1589 3024 1776 3084 multo
1808 3038 1942 3084 sum
1975 3022 2251 3095 erectior,

179 3106 348 3180 quod
395 3123 511 3168 vos
555 3125 805 3184 quoque
841 3109 1010 3169 iilum
1053 3108 1296 3168 hostem
1328 3124 1472 3168 esse
1512 3116 1678 3168 tanto
1715 3122 2026 3169 consensu
2059 3114 2254 3167 tanto·

180 3206 303 3264 que
325 3191 591 3253 clamore
614 3209 692 3268 ap
700 3192 1090 3269 probavistis.
1130 3192 1344 3266 Neque
1367 3191 1546 3266 enim,
1577 3190 1857 3265 Quirites,
1894 3188 2029 3250 fieri
2053 3197 2257 3264 potest

175 3281 245 3333 ut
273 3291 395 3335 non
425 3285 530 3337 aut
559 3275 601 3336 ii
635 3275 757 3338 sint
782 3275 982 3352 impii,
1029 3277 1132 3351 qui
1164 3285 1375 3336 contra
1405 3276 1723 3336 consulem
1752 3272 2059 3335 exercitus
2091 3287 2256 3331 com-

176 3370 577 3433 paraverunt,
620 3369 725 3422 aut
769 3362 870 3421 ilie
910 3359 1138 3431 hostis,
1183 3366 1394 3419 contra
1441 3374 1622 3434 quem
1653 3356 1785 3418 iure
1814 3371 1982 3415 arma
2010 3359 2256 3425 sumpta

175 3450 335 3502 sunt.
382 3441 555 3504 Hanc
579 3441 759 3519 igitur
782 3443 1251 3515 dubitationem,
1291 3457 1661 3518 quamquam
1686 3439 1851 3498 nulla
1873 3443 2018 3506 erat,
2053 3443 2252 3492 tamen
