2514 3928
193 341 230 396 s
950 291 1519 396 ARGUMENTUM.
2143 332 2264 395 227

188 486 301 551 ipse
346 494 500 535 etiam
550 500 760 535 eausam
797 486 909 535 eius
945 485 1049 550 egit
1077 484 1144 534 ad
1180 483 1443 550 populum.
1498 483 1739 534 Dicebant
1777 492 1985 546 uterque
2023 483 2197 533 Miloni
2241 503 2266 533 ι

188 551 366 607 Clodio
403 555 563 604 factas
596 568 711 603 esse
745 553 977 605 insidias.

321 623 532 672 Fiebant
567 622 757 671 interea
789 620 879 671 alii
911 637 976 672 ex
1004 619 1121 671 aliis
1154 619 1448 686 interregem
1485 622 1571 681 qui
1606 622 1807 671 comitia
1849 620 2133 673 consularia
2149 637 2266 687 pro-

186 697 300 758 pter
344 705 518 739 eorum
568 690 947 740 candidatorum
988 687 1233 744 tumultus
1271 697 1320 737 et
1363 687 1593 738 eamdem
1647 704 1850 739 manum
1893 704 2140 740 armatam
2175 690 2266 740 ha-

189 761 307 810 bere
343 772 445 808 non
478 765 725 823 poterant.
791 760 965 822 Itaque
998 759 1166 825 primo
1203 755 1390 806 factum
1424 765 1528 805 erat
1560 757 1615 811 S.
1649 758 1722 815 0.,
1761 770 1814 806 ut
1846 759 2064 808 interrex
2096 768 2144 807 et
2178 762 2266 809 tri-

190 827 311 878 buni
347 826 509 893 plebis
537 834 586 876 et
626 825 713 877 Cn.
752 827 1038 892 Pompeius,
1073 827 1161 890 qui
1189 840 1284 892 pro
1314 823 1525 875 consule
1559 826 1626 876 ad
1664 828 1838 875 urbem
1872 839 2006 883 erat,
2049 827 2267 877 viderem

191 911 253 945 ne
297 896 419 960 quid
452 896 737 947 detrimenti
773 912 854 946 res
884 895 1092 961 publica
1126 902 1361 960 caperet,
1409 893 1624 944 dilectus
1660 904 1828 944 autem
1862 892 2130 960 Pompeius
2168 902 2266 944 tom

189 963 331 1014 ltalia
377 964 602 1017 haberet.
672 964 769 1026 Qui
814 980 970 1028 quum
1016 979 1216 1014 summa
1259 961 1519 1014 celeritate
1563 962 1874 1028 praesidium
1909 977 2269 1028 comparasset,

188 1032 572 1099 postulaverunt
620 1035 755 1099 apud
805 1049 918 1083 eum
960 1033 1203 1084 familiam
1248 1032 1482 1098 Milonis,
1530 1033 1651 1082 item
1688 1033 1902 1083 Faustae
1947 1033 2122 1081 uxoris
2162 1033 2269 1081 eins

186 1101 527 1154 exhibendam
549 1104 647 1153 duo
662 1102 1041 1162 adolescentuli,
1073 1103 1160 1165 qui
1178 1102 1336 1167 Appii
1355 1101 1551 1152 Claudii
1569 1101 1719 1153 ambo
1751 1101 2150 1166 appellabantur,
2182 1104 2266 1164 qui

189 1179 329 1222 erant
363 1170 414 1226 C.
447 1169 644 1222 Claudii
679 1172 798 1231 lilii,
841 1173 929 1234 qui
978 1171 1131 1220 frater
1161 1169 1328 1221 l'uerat
1365 1169 1555 1233 Clodii,
1588 1178 1638 1219 et
1671 1172 1734 1221 ob
1768 1171 1823 1220 id
1858 1170 1935 1222 illi
1971 1171 2141 1234 patrui
2188 1183 2268 1220 sm

188 1248 418 1299 mortem,
460 1240 594 1290 velut
623 1253 830 1289 auctore
868 1239 1039 1302 fratre,
1072 1235 1520 1304 persequebantur.
1589 1240 1805 1289 Easdem
1844 1240 2059 1289 Faustae
2093 1246 2143 1288 et
2178 1240 2269 1289 Mis

189 1306 318 1356 lonis
348 1306 567 1358 familias
600 1307 977 1371 postulaverunt
1005 1307 1108 1356 duo
1136 1305 1346 1365 Valerii,
1373 1305 1541 1370 Nepos
1576 1313 1624 1355 et
1651 1307 1774 1369 Leo,
1809 1316 1858 1357 et
1894 1308 1952 1357 L.
1989 1308 2267 1358 Herennius

196 1375 400 1425 Balbus.
445 1378 499 1424 P.
542 1374 705 1424 Clodii
742 1389 943 1437 quoque
979 1373 1224 1424 familiam
1262 1385 1311 1423 et
1349 1377 1589 1423 comitum
1627 1376 1736 1423 eius
1776 1375 2052 1439 postulavit
2090 1378 2264 1425 eodem

186 1449 416 1506 tempore
440 1442 666 1492 Caelius:
704 1442 946 1492 familiam
970 1441 1193 1508 Hypsaei
1229 1451 1279 1492 et
1306 1441 1365 1502 Q.
1403 1442 1627 1506 Pompeii
1660 1443 1935 1505 postulavit
1954 1479 2128 1494 ......
2165 1448 2267 1494 Au-

192 1511 395 1562 l'uerunt
426 1511 598 1562 Miloni
637 1511 696 1569 Q.
730 1511 1047 1574 Hortensius,
1085 1511 1152 1561 M.
1186 1509 1380 1571 Cicero,
1414 1511 1482 1562 M.
1508 1509 1792 1572 Marcellus,
1825 1512 1893 1565 M.
1931 1510 2171 1570 Calidius,
2198 1511 2264 1560 M.

222 1588 340 1640 ato,
385 1579 598 1629 Faustus
647 1579 807 1630 Sulla.
877 1579 1043 1630 Verba
1080 1586 1253 1646 pauca
1294 1577 1354 1640 Q.
1386 1578 1689 1629 Hortensius
1732 1579 1890 1628 dixit:
1934 1579 2119 1628 liberos
2159 1595 2267 1629 esse

190 1663 305 1708 eos,
354 1649 443 1711 qui
476 1664 568 1714 pro
600 1649 761 1699 servis
807 1647 1217 1713 postularentur:
1249 1661 1368 1698 nam
1406 1656 1524 1713 post
1564 1657 1817 1698 recentem
1860 1647 2071 1697 caedem
2120 1662 2265 1696 manif

188 1719 393 1766 miserat
428 1733 516 1767 eos
549 1716 670 1768 Milo
706 1718 802 1768 sub
838 1716 935 1767 hoc
982 1716 1159 1777 titulo,
1204 1718 1342 1780 quod
1389 1724 1540 1781 caput
1577 1731 1724 1766 suum
1763 1715 1852 1766 ulti
1882 1727 2069 1767 esseut.
2139 1715 2270 1764 llaec

186 1787 467 1851 agebantur
513 1801 687 1838 mense
733 1786 1035 1837 intercalari.
1108 1787 1229 1836 Post
1259 1786 1395 1837 diem
1434 1787 1753 1850 trigesimum
1787 1784 1892 1834 sere
1912 1822 1926 1844 ,
1977 1800 2128 1847 quam
2166 1798 2273 1834 eras

185 1854 395 1905 Clodius
430 1857 659 1923 occisus,
708 1859 774 1921 Q.
811 1854 1043 1905 Metellus
1076 1852 1250 1922 Scipio
1305 1856 1358 1905 iu
1414 1863 1592 1904 senatu
1639 1864 1811 1904 contra
1856 1854 1921 1904 M.
1965 1852 2271 1919 Caepionem

187 1932 491 1988 conquestus
530 1933 627 1989 est,
664 1940 725 1977 ac
757 1926 819 1976 de
854 1925 1012 1976 caede
1040 1924 1096 1980 P.
1132 1923 1296 1976 Clodii
1333 1923 1518 1975 salsum
1551 1937 1663 1974 esse
1701 1923 1849 1984 dixit,
1877 1923 2015 1988 quod
2038 1922 2158 1973 Milo
2195 1922 2270 1974 sic

187 2007 244 2042 se
290 1993 583 2044 defenderet
636 2031 779 2051 .....
837 1993 1068 2044 Clodium
1112 1996 1350 2045 Aricinos
1394 1994 1694 2044 decuriones
1753 1993 2061 2056 adloquendi
2105 1994 2270 2059 gratia

189 2060 391 2121 abisse,
428 2062 714 2127 profectum
752 2078 866 2112 cum
898 2077 992 2113 sex
1023 2078 1083 2112 ac
1113 2063 1297 2129 viginti
1321 2063 1511 2112 servis:
1550 2060 1788 2112 Milonem
1827 2062 1994 2112 subito
2032 2069 2148 2127 post
2180 2060 2271 2111 ho-

189 2143 298 2178 ram
345 2141 575 2190 quartam
620 2139 797 2180 senatu
838 2132 997 2179 misso
1043 2146 1159 2181 cum
1204 2132 1368 2180 servis
1417 2130 1637 2196 amplius
1684 2133 1919 2180 trecentis
1969 2132 2172 2179 armatis
2208 2134 2270 2178 o'u

190 2200 328 2248 viam
364 2199 411 2245 ei
443 2199 799 2257 contendisse,
842 2207 891 2247 et
928 2212 1083 2264 supra
1110 2199 1333 2251 Bovillas
1370 2200 1714 2264 inopinantem
1763 2202 1814 2249 in
1849 2201 2028 2249 itinere
2063 2199 2271 2264 adgres-

189 2280 333 2315 sum:
366 2266 436 2315 ibi
473 2268 529 2317 P.
562 2265 793 2316 Clodium
829 2267 989 2316 tribus
1021 2268 1315 2319 vulneribus
1358 2270 1578 2334 acceptis
1621 2267 1849 2319 Bovillas
1882 2268 2158 2334 perlatum,
2196 2279 2271 2315 ta-

191 2336 427 2395 bernam,
460 2335 511 2384 in
548 2350 701 2397 quam
725 2334 1039 2401 profugerat,
1079 2346 1424 2404 expugnatam
1460 2352 1491 2387 a
1519 2336 1732 2390 Milone:
1774 2338 2126 2388 semianimem
2160 2334 2272 2387 Clo·-

190 2404 333 2453 dium
362 2410 638 2453 extractum
674 2406 727 2454 in
758 2404 839 2454 via
869 2406 1039 2470 Appia
1072 2407 1293 2457 occisum
1323 2422 1454 2468 esse,
1486 2406 1794 2470 anulumque
1828 2408 1936 2456 eius
1969 2407 2015 2456 ei
2041 2406 2274 2455 morienti

188 2473 499 2522 detractumx
547 2474 731 2524 deinde
775 2471 1040 2535 Milonem,
1094 2491 1248 2538 quum
1301 2478 1456 2526 sciret
1494 2476 1548 2525 in
1580 2476 1780 2527 Albano
1814 2475 2084 2541 parvulum
2110 2474 2272 2523 fllium

188 2541 369 2602 Clodii,
407 2543 607 2593 venisse
640 2543 709 2594 ad
738 2542 929 2602 villam,
967 2554 1015 2592 et
1045 2560 1203 2607 quum
1221 2559 1349 2609 puer
1381 2552 1498 2594 ante
1521 2546 1809 2595 subtractus
1847 2553 1997 2608 esset,
2037 2557 2102 2593 ex
2122 2559 2268 2593 servu

189 2608 420 2660 Halicore
449 2613 797 2674 quaestionem
830 2614 901 2661 ita
929 2612 1197 2673 habuisse,
1252 2624 1308 2662 ut
1342 2629 1465 2663 eum
1494 2614 1802 2663 articulatim
1839 2620 2155 2663 conseearet:
2198 2616 2273 2659 vi-

186 2679 342 2731 licum
372 2688 633 2745 praeterea
668 2691 718 2732 et
756 2681 887 2731 duos
920 2695 1096 2731 servos
1134 2681 1424 2745 iugulasse:
1459 2696 1524 2731 ex
1560 2682 1720 2732 servis
1755 2680 1951 2745 Clodii,
1987 2680 2074 2744 qui
2111 2679 2272 2729 ‹iomi-

186 2762 307 2798 num
336 2747 681 2809 defenderint,
727 2750 962 2799 undecim
1003 2764 1117 2799 esse
1153 2749 1471 2799 interfectos:
1520 2747 1693 2799 Miloni
1724 2750 1852 2800 duos
1903 2748 2042 2800 solos
2072 2748 2272 2797 saucios

188 2817 349 2867 factos
385 2832 524 2867 esse:
559 2819 623 2868 ob
660 2833 789 2881 quae
814 2817 1056 2867 Milouem
1080 2827 1285 2883 postero
1316 2819 1398 2867 die
1428 2818 1698 2867 duodecim
1717 2832 1908 2876 servos,
1940 2818 2027 2881 qui
2057 2816 2272 2867 maxime

185 2900 394 2951 operam
424 2896 708 2944 navassent,
744 2902 899 2937 manu
930 2886 1164 2951 misisse,
1204 2886 1495 2952 populoque
1527 2886 1751 2936 tributim
1784 2886 1985 2952 singula
2021 2883 2156 2935 milia
2190 2901 2274 2934 ae—

187 2956 259 3004 ris
293 2953 359 3003 ad
393 2954 740 3007 defendendos
774 2957 839 3005 de
876 2970 933 3005 se
971 2971 1201 3006 rumores
1236 2956 1458 3006 dedisse.
1506 2954 1629 3004 Milo
1661 2955 1864 3005 misisse
1899 2956 1966 3006 ad
2003 2953 2095 3009 Cn.
2119 2956 2274 3005 Pum-

182 3024 359 3090 peium
388 3022 669 3084 dicebatur,
697 3024 835 3087 quod
855 3023 1089 3090 Hypsaeo
1116 3039 1313 3074 summe
1344 3023 1606 3082 studebat,
1631 3024 1768 3088 quod
1793 3024 1960 3075 suerat
1984 3024 2094 3073 eius
2119 3040 2273 3089 qnae-

186 3099 332 3157 stor,
369 3092 619 3144 desistere
652 3107 709 3143 se
744 3094 989 3157 petitione
1018 3094 1345 3152 consulatus,
1397 3094 1441 3142 si
1478 3093 1550 3142 ita
1585 3093 1633 3143 ei
1667 3094 1937 3143 videretur:
1975 3092 2270 3159 Pompeium

187 3160 523 3225 respondisse
571 3161 760 3212 nemini
794 3176 849 3210 se
887 3176 1053 3224 neque
1088 3162 1292 3226 petendi
1322 3177 1486 3225 neque
1518 3162 1796 3213 desistendi
1839 3175 2094 3213 auctorem
2141 3177 2271 3220 csse,

189 3244 355 3292 neque
391 3228 576 3295 populi
613 3230 825 3279 Romani
872 3237 1309 3298 potestatemxaut
1354 3229 1623 3281 consilium
1666 3240 1755 3282 aut
1781 3233 2083 3282 sententiam
2117 3230 2274 3281 inter-

189 3296 513 3364 pellaturum.
573 3299 769 3349 Deinde
804 3314 897 3363 per
923 3297 979 3349 C.
1017 3298 1287 3360 Lucilium,
1315 3300 1402 3362 qui
1429 3305 1637 3365 propter
1661 3300 1731 3349 M.
1767 3299 2020 3350 Ciceronis
2058 3299 2275 3350 remitia-

189 3366 390 3418 ritatem
428 3370 622 3420 amicus
654 3379 759 3417 erat
795 3365 1002 3428 Miloni,
1042 3368 1214 3434 egisse
1245 3384 1446 3432 quoque
1482 3368 1772 3435 dicebatur,
1801 3384 1864 3417 ne
1894 3383 1951 3418 se
1983 3366 2049 3417 de
2081 3365 2180 3418 has
2218 3380 2271 3410 re

194 3433 510 3490 consulendo
540 3436 732 3492 invidia
767 3446 1016 3488 oneraret.

321 3502 457 3553 Inter
483 3503 612 3555 haec
644 3520 799 3568 quum
836 3505 1169 3556 crebresceret
1191 3520 1382 3567 rumor,
1418 3503 1510 3556 Cn.
1541 3505 1837 3570 Pompeium
1867 3502 2026 3555 creari
2059 3501 2273 3552 dietate·-

183 3584 296 3622 rem
356 3582 617 3636 oportere,
658 3587 821 3636 neque
874 3573 1017 3622 aliter
1058 3574 1193 3624 mala
1244 3575 1468 3625 civitatis
1513 3573 1681 3623 sedari
1737 3586 1920 3636 posse,
1966 3568 2135 3619 visum
2192 3571 2277 3613 2⁸³

1737 3651 1861 3714 15*
