2514 3928
184 221 242 258 xv
865 207 1244 260 PROOEMIUM
1280 208 1600 261 EDlTORIS.

184 352 479 413 argumento
517 345 635 396 data
669 347 821 395 etiam
858 346 921 396 de
954 347 1108 396 huius
1147 349 1391 398 orationis
1428 347 1556 399 locis
1596 350 1995 415 disputaverunt.
2065 349 2143 398 Ex
2184 349 2272 401 hoc

183 432 282 482 ego
330 430 539 466 numero
588 414 748 465 fateor
791 430 872 464 me
905 417 1232 479 potissimum
1277 415 1329 467 G.
1366 417 1680 468 Halmium
1726 429 1957 470 secutum
1998 432 2138 483 esse,
2193 423 2274 482 qui

181 493 338 536 totam
385 484 654 535 lectionem
702 485 772 534 ita
811 486 1104 550 coustituit,
1149 494 1208 534 ut
1243 495 1437 536 tantum
1481 489 1633 539 modo
1681 489 1745 537 de
1778 488 1959 553 paucis
1996 486 2122 537 locis
2156 488 2275 539 mihi

183 555 548 605 dubitationem
580 554 901 619 relinqueret,
937 569 1149 616 quorum
1181 556 1283 604 iam
1319 557 1568 618 quosdam
1603 557 1687 607 hic
1723 557 2150 608 commemorabo.
2202 559 2275 607 Ac

180 625 404 690 primum
451 623 657 687 quidem
702 638 814 688 cap.
861 624 906 673 1.
941 625 990 684 S.
1033 625 1083 674 2.
1135 639 1288 687 quum
1337 625 1462 675 mihi
1509 641 1812 691 persuasum
1866 634 1997 677 esset
2040 627 2091 674 iu
2136 624 2276 676 libris

183 694 420 757 omuibus
457 694 648 742 omissa
684 695 802 758 quia
835 693 1085 757 particula
1119 691 1251 760 legi:
1289 693 1404 760 Ego
1438 704 1617 761 autem,
1652 696 1860 761 iudica,
1899 710 2000 759 qua
2028 709 2147 745 voce
2181 703 2273 744 etc.

177 777 271 827 pro
306 762 513 828 vulgato
547 765 664 826 quia
701 778 802 826 qua
833 777 952 811 voce
983 788 1052 798 —
1084 776 1199 811 nam
1239 763 1328 826 qui
1370 764 1665 814 adferuntur
1698 765 1813 815 libri
1850 765 2132 813 Beruenses
2164 778 2276 828 par-

179 830 365 882 ticulae
400 833 518 897 quia
553 840 735 895 testeS,
777 831 840 881 de
876 832 941 880 iis
974 833 1087 896 ipse
1125 831 1343 882 Orellius
1377 834 1572 883 dubitat
1607 859 1695 900 -,
1734 834 1902 899 recepi
1941 833 2277 883 coniecturam

183 901 472 950 dubitanter
509 901 571 949 ab
607 900 805 950 Halmio
840 902 1159 965 propositam
1191 903 1421 967 quoniam
1456 918 1556 969 qua
1590 917 1709 954 voce
1746 911 1861 968 etc„
1900 902 2040 966 quod
2075 917 2135 952 ea
2162 917 2277 966 par·

178 969 338 1019 ticula
385 984 478 1034 per
514 969 872 1033 compendium
912 971 1102 1036 scripta
1135 970 1288 1021 facile
1322 980 1441 1023 aute
1475 988 1575 1037 qua
1614 972 1852 1022 excidere
1887 979 2103 1038 poterat.
2177 970 2279 1022 Sed

179 1046 347 1089 tamen
396 1053 495 1089 non
534 1037 780 1104 diffiteor,
824 1039 870 1088 si
905 1040 1108 1101 quidem
1151 1039 1406 1091 Ciceronis
1443 1041 1647 1092 dicendi
1685 1041 2105 1092 consuetudinem
2145 1049 2280 1091 recte

177 1116 356 1173 teneo,
404 1123 521 1158 eum
552 1108 769 1158 fortasse
805 1122 907 1157 non
943 1117 1046 1159 tam
1082 1109 1444 1176 temporalem,
1498 1126 1652 1173 quam
1689 1109 2089 1161 condicionalem
2123 1112 2281 1176 parti-

179 1176 344 1228 culam
380 1180 430 1229 si
470 1180 755 1243 positurum
793 1175 954 1227 fuisse
992 1179 1042 1228 in
1081 1181 1192 1229 eius
1229 1180 1369 1230 modi
1403 1179 1543 1246 loco,
1589 1189 1644 1230 ut
1680 1181 1860 1231 eodem
1902 1181 2012 1230 iure
2047 1180 2281 1229 videatur

178 1249 331 1297 scribi
369 1260 551 1313 posse:
587 1246 699 1313 Ego
736 1256 914 1313 autem,
952 1249 1158 1313 iudices,
1197 1251 1260 1315 si,
1302 1266 1403 1316 qua
1429 1264 1547 1301 voce
1576 1276 1644 1287 —
1665 1250 1925 1314 putabam,
1966 1265 2030 1300 ea
2054 1263 2181 1298 nunc
2206 1252 2286 1300 uti

178 1331 332 1381 cogor
361 1318 413 1367 in
441 1332 606 1367 eorum
630 1319 877 1379 periculis
906 1317 1244 1384 depellendis,
1277 1322 1344 1370 iis
1362 1321 1669 1382 potissimum
1691 1319 1819 1370 haec
1841 1334 1945 1369 vox
1966 1319 2158 1369 serviat
2180 1324 2274 1368 etc.

178 1386 311 1437 lllud
349 1395 520 1436 autem
549 1396 774 1452 apparet,
814 1386 946 1436 hauc
983 1403 1183 1449 quoque
1216 1388 1518 1452 particulam
1552 1389 1700 1439 facile
1723 1389 1954 1452 potuisse
1981 1386 2277 1437 oblitterari.

176 1454 353 1507 Paullo
376 1464 494 1522 post
523 1471 636 1521 cap.
673 1459 725 1508 2.
757 1457 806 1517 §-
837 1459 888 1507 4.
922 1470 1229 1519 quamquam
1265 1457 1367 1506 iam
1405 1458 1455 1504 in
1483 1473 1657 1506 eorum
1692 1456 1992 1504 sententiam
2032 1456 2281 1520 concessi,

179 1527 265 1586 qui
302 1542 416 1576 nam
447 1541 607 1591 neque
643 1540 736 1590 pro
767 1539 926 1589 neque
960 1527 1084 1574 enim
1121 1525 1299 1588 optimi
1332 1524 1451 1573 libri
1486 1524 1672 1574 indicio
1710 1523 2032 1573 scribendum
2068 1531 2286 1586 putave-

177 1603 312 1660 runt,
351 1594 481 1644 illud
516 1602 684 1644 tamen
723 1608 785 1642 ne
818 1607 953 1641 nunc
989 1593 1194 1654 quidem
1226 1609 1257 1642 a
1290 1608 1371 1642 me
1397 1593 1668 1657 impetrare
1693 1591 1853 1656 potui,
1892 1599 1948 1640 ut
1975 1593 2285 1655 optimorum

179 1662 424 1712 librorum
460 1664 763 1727 scripturam
802 1662 967 1726 ullius,
1006 1676 1138 1725 quae
1172 1661 1325 1710 etiam
1362 1662 1416 1710 in
1454 1661 1597 1711 libris
1631 1660 1968 1711 Leideusibus
2002 1666 2097 1726 est,
2136 1669 2288 1725 post-

177 1746 423 1796 ponerem
461 1731 766 1780 deteriorum
803 1729 1044 1779 librorum
1081 1730 1283 1780 lectioni
1319 1733 1465 1783 ullus,
1520 1730 1631 1781 Duo
1670 1732 1807 1779 euim
1840 1729 1927 1779 illa
1957 1739 2283 1796 argumenta,

178 1801 364 1863 quibus
401 1799 688 1865 Madvigius
729 1799 763 1849 1.
804 1815 848 1851 c.
886 1814 938 1865 p.
980 1797 1102 1851 435.
1144 1814 1268 1849 usus
1302 1808 1403 1866 est,
1449 1809 1503 1849 ut
1541 1801 1747 1851 doceret
1783 1801 1932 1850 ullius
1977 1798 2097 1848 ferri
2138 1800 2287 1850 nullo

179 1870 331 1920 modo
358 1883 529 1935 posse,
557 1884 669 1918 mea
696 1869 900 1933 quidem
919 1870 1169 1921 sententia
1189 1870 1316 1919 satis
1348 1870 1593 1936 ponderis
1620 1884 1720 1920 non
1744 1868 1945 1920 habeut.
1989 1868 2115 1918 Nam
2142 1870 2286 1932 quod

175 1940 400 2004 primum
424 1939 523 1989 hoc
551 1938 679 1990 dixit
703 1940 988 2004 cuiusquam
1014 1940 1185 2006 potius
1212 1954 1365 2004 quam
1385 1942 1536 1992 ullius
1555 1940 1652 1990 hoc
1677 1940 1787 1989 loco
1813 1939 2081 1991 dicendum
2100 1936 2285 2003 fuisse,

175 2010 374 2058 veriora
420 2010 525 2058 iam
568 2009 631 2059 de
675 2025 773 2057 usu
810 2010 950 2058 illius
987 2008 1182 2059 formae
1219 2010 1392 2060 docuit
1426 2012 1487 2063 R.
1528 2009 1927 2075 Stiirenburgius
1976 2008 2041 2057 ad
2081 2006 2286 2057 Cicero-

180 2080 257 2127 nis
293 2077 456 2128 libros
492 2078 557 2129 de
587 2079 766 2144 officiis
803 2094 853 2144 p.
882 2078 1025 2143 201„
1065 2081 1154 2142 qui
1192 2087 1385 2129 tautum
1410 2081 1563 2130 modo
1603 2080 1666 2129 de
1698 2077 1797 2128 hoc
1832 2078 2037 2141 quidem
2074 2075 2188 2126 loco
2229 2078 2287 2126 iu

177 2161 236 2196 eo
285 2146 446 2197 falsus
485 2155 589 2214 est,
641 2148 778 2211 quod
825 2163 1039 2213 pravum
1086 2148 1221 2199 hunc
1244 2150 1534 2215 genetivum
1572 2147 1750 2198 habuit
1792 2155 2090 2213 propterea,
2140 2146 2285 2207 quod

178 2217 552 2282 oppositionem
587 2218 810 2267 nominis
846 2217 930 2266 hic
966 2217 1158 2267 nullam
1190 2234 1303 2269 esse
1342 2218 1487 2269 dixit.
1562 2217 1690 2267 Nam
1726 2217 1862 2279 quod
1898 2216 2128 2279 sequitur
2163 2229 2287 2278 pro·

176 2300 364 2335 nornen
401 2302 537 2336 meus
566 2288 690 2336 satis
722 2286 945 2337 declarat
977 2302 1107 2351 eam,
1150 2302 1304 2350 quam
1336 2287 1420 2338 ille
1454 2287 1779 2351 desideravit,
1820 2284 2160 2351 oppositionis
2200 2298 2288 2333 ra-

175 2356 386 2407 tionem.
462 2355 690 2405 Alteram
727 2365 896 2406 autem
929 2357 1205 2420 rationem,
1253 2371 1406 2419 quam
1440 2356 1606 2407 adfert
1644 2355 1968 2421 Madvigius,
2004 2369 2092 2404 cur
2122 2352 2285 2402 scribi

177 2424 362 2474 debeat
396 2426 527 2475 ullus
561 2427 733 2490 potius
770 2441 922 2489 quam
953 2428 1120 2484 ullius,
1162 2441 1223 2475 ea
1255 2440 1466 2491 prorsus
1502 2425 1635 2476 falsa
1668 2433 1764 2478 est.
1837 2424 1924 2475 Ait
1956 2424 2090 2473 enim
2125 2422 2287 2471 etiam

176 2494 242 2544 ad
272 2496 577 2545 seutentiam
613 2510 715 2546 nou
751 2505 887 2545 recte
925 2497 1026 2546 dici
1061 2497 1227 2556 ullius,
1260 2495 1400 2559 quod
1436 2510 1539 2545 nou
1570 2494 1669 2545 hoc
1702 2494 1838 2543 dicat
1874 2500 2062 2556 orator,
2094 2506 2150 2541 se
2187 2506 2286 2555 po·

175 2565 430 2615 tissimum
466 2564 639 2616 dolere
674 2564 885 2630 debere,
937 2566 1031 2616 sed
1065 2579 1228 2632 genus
1260 2580 1375 2615 esse
1406 2563 1505 2614 hoc
1534 2572 1584 2615 et
1620 2578 1829 2613 causam
1868 2562 2074 2613 dolendi
2106 2560 2287 2609 iustis·

177 2635 376 2685 simam.
449 2634 523 2685 De
558 2650 743 2699 genere
781 2635 915 2684 enim
952 2643 1002 2685 et
1041 2635 1104 2684 de
1139 2648 1294 2683 causa
1332 2633 1521 2685 doloris
1554 2634 1607 2683 iu
1642 2633 1736 2699 iis,
1788 2647 1918 2696 quae
1954 2630 2285 2697 antecedunt,

176 2701 376 2754 locutus
414 2712 521 2754 erat
550 2703 633 2753 his
663 2704 860 2754 verbis:
899 2704 1111 2770 Itaque,
1149 2706 1198 2754 si
1236 2712 1326 2754 aut
1351 2707 1522 2754 aer-ius
1554 2717 1706 2769 egero
1737 2711 1827 2752 auc
1862 2701 2094 2763 liberius,
2135 2715 2289 2763 quam

177 2774 262 2837 qai
290 2781 411 2824 ante
444 2789 518 2823 me
550 2773 808 2839 dixerunt,
846 2784 966 2837 peto
996 2790 1031 2823 a
1064 2773 1218 2838 vebia,
1253 2780 1310 2823 ut
1341 2781 1525 2823 tantum
1558 2773 1775 2823 orationi
1805 2786 1944 2821 meae
1974 2768 2286 2833 concedatur,

177 2848 411 2906 quantum
447 2849 500 2893 et
527 2844 617 2905 pio
653 2843 820 2893 dolori
847 2851 898 2893 et
926 2845 1093 2893 iustae
1127 2843 1425 2893 iracundiae
1451 2842 1816 2893 concedendum
1838 2840 2050 2905 putetis.
2108 2836 2289 2889 Genus

178 2912 336 2976 igitur
384 2919 433 2961 et
476 2926 631 2961 causa
675 2910 865 2962 doloris
909 2912 1012 2962 iam
1061 2912 1184 2961 satis
1233 2919 1373 2961 erant
1405 2910 1696 2977 significata
1729 2918 1880 2973 atque
1914 2910 1971 2960 id
2005 2922 2140 2957 nunc
2176 2914 2290 2957 erat

179 2980 480 3045 docendum,
514 2981 582 3031 ad
615 2980 714 3030 hoc
738 2996 900 3045 genus
925 2981 1115 3032 doloris
1146 2989 1195 3030 et
1227 2981 1522 3032 iracundiae
1559 2995 1675 3031 eum
1701 2978 1946 3044 dolorem,
1986 2992 2137 3042 quem
2170 2976 2289 3040 ipse

178 3050 444 3115 suscipiat,
487 3059 536 3099 et
571 3064 684 3099 eam
714 3050 1051 3114 iracundiam,
1091 3065 1223 3113 quae
1259 3064 1316 3099 se
1344 3051 1639 3115 inflammet,
1676 3050 1949 3113 pertinere,
1992 3047 2128 3111 quod
2161 3045 2291 3094 facit

179 3120 265 3168 ille
300 3121 567 3184 aptissime
601 3118 684 3167 liis
720 3119 919 3169 verbis:
965 3119 1096 3169 Nam
1139 3134 1299 3185 neque
1340 3120 1508 3185 officio
1548 3120 1855 3170 coniunctior
1888 3119 2037 3169 dolor
2075 3116 2291 3165 ullius

177 3203 287 3238 esse
324 3196 495 3251 potest
528 3204 670 3253 quam
702 3187 784 3238 hic
823 3204 1020 3254 meus,
1065 3197 1327 3251 susceptus
1360 3205 1431 3240 ex
1465 3188 1673 3239 hominis
1703 3189 1768 3239 a'e
1798 3205 1874 3239 me
1908 3188 2088 3252 optime
2123 3185 2296 3234 meriti

176 3258 431 3322 periculo,
470 3272 632 3322 neque
661 3258 928 3308 iracundia
960 3260 1119 3322 magis
1159 3260 1265 3310 ulla
1301 3258 1561 3309 laudanda
1592 3274 1736 3323 quam
1770 3274 1863 3322 ea,
1902 3272 2033 3323 quae
2067 3268 2143 3304 me
2208 3254 2292 3302 in·

180 3327 395 3375 flammat
433 3342 601 3377 eorum
633 3328 851 3392 scelere,
890 3330 976 3392 qui
1010 3343 1114 3377 cum
1143 3328 1363 3378 omnibus
1396 3343 1537 3378 meae
1569 3328 1753 3378 salutis
1787 3325 2138 3390 defensoribus
2177 3322 2292 3373 bel·

179 3399 276 3446 lum
301 3410 413 3446 esse
447 3395 547 3446 sibi
568 3395 840 3460 gerendum
874 3397 1237 3448 iudicaverunt.
1292 3397 1460 3448 Verbo
1497 3411 1837 3446 commemoro
1872 3411 1984 3460 cap.
2017 3396 2069 3445 4.
2107 3392 2158 3453 S.
2195 3390 2287 3445 10.

181 3480 213 3512 a
242 3480 322 3514 me
359 3464 428 3530 id,
466 3464 603 3528 quod
637 3473 714 3514 est
751 3464 801 3513 in
840 3465 985 3515 libris
1014 3466 1274 3516 omnibus:
1310 3468 1462 3517 vicem
1496 3466 1651 3529 officii
1674 3467 1984 3530 praesenti-e,
2022 3469 2291 3513 servatum
