2514 3928
139 263 213 318 29
750 255 915 316 CAP.
945 265 1214 321 24—27.
1255 263 1309 324 s.
1338 266 1605 322 65--72
2093 260 2220 323 253

144 402 430 480 dignitate
454 404 706 479 fugisse,
737 400 877 464 'cum
900 405 1040 482 ipsa
1071 407 1173 467 illa
1195 405 1540 468 taeterrima
1559 415 1737 483 peste
1761 424 1831 469 se
1854 408 2220 486 saepissime

141 504 253 564 pro
307 495 413 548 tua
465 486 661 563 gloria
718 487 1150 550 contendisse=
1206 489 1574 551 tribunatum
1622 507 1801 552 suum
1842 492 1922 551 ad
1963 493 2218 554 salutem

138 585 355 644 meam,
388 586 549 644 quae
578 568 688 630 tibi
718 569 1037 632 carissima
1067 572 1303 647 fuisset,
1335 572 1610 634 consiliis
1631 573 1752 635 tuis
1783 575 2215 648 gubernatum=

141 669 212 714 se
240 670 279 713 a
303 661 366 713 te
401 659 621 727 postea
651 653 973 715 defensum
1005 655 1066 714 in
1103 655 1379 730 periculo
1423 655 1673 730 capitis,
1715 657 1986 718 adiutum
2014 659 2075 717 in
2109 675 2216 734 pe·

137 735 353 798 titione
381 743 737 812 praeturam
780 737 939 798 duos
981 755 1051 800 se
1094 739 1323 800 habere
1366 754 1613 813 semper
1643 738 2052 801 amicissimos
2077 732 2218 817 sp'e-

137 835 347 891 rasse,
388 828 450 880 te
492 826 596 881 tuo
637 820 973 897 beneficio,
1014 839 1111 883 me
1150 839 1285 884 suo.
1377 822 1545 896 Quae
1576 821 1630 882 si
1659 837 1783 882 non
1814 823 2132 899 probaret,
2165 824 2219 884 si

137 902 247 965 tibi
277 901 359 963 ita
386 899 629 977 penitus
658 903 1031 966 inhaesisset
1052 905 1170 967 ista
1195 905 1457 982 suspitio
1476 951 1493 979 ,
1537 906 1704 967 nullo
1735 913 1802 967 ut
1829 906 2007 965 evelli
2035 907 2217 967 modo

136 995 374 1062 posset,
413 984 467 1046 si
495 987 765 1063 denique
793 987 964 1049 Italia
996 1005 1033 1048 a
1055 991 1299 1063 dilectu,
1328 991 1477 1051 urbs
1501 989 1578 1050 ab
1605 987 1794 1050 armis
1819 988 1954 1049 sine
1973 988 2217 1050 Milonis

137 1070 315 1131 clade
340 1086 670 1146 numquam
692 1079 861 1132 esset
890 1073 1309 1148 conquietura,
1341 1089 1420 1133 ne
1446 1073 1548 1134 ille
1569 1073 1735 1135 haud
1762 1072 2049 1134 dubitans
2082 1087 2216 1132 ces·

136 1151 327 1214 sisset
354 1153 580 1229 patria,
619 1153 677 1215 is
701 1153 808 1230 qui
840 1153 923 1215 ita
954 1164 1130 1216 natus
1167 1165 1265 1217 est
1290 1155 1468 1217 etita
1495 1155 1835 1229 consuevit,
1867 1164 1947 1231 te,
1973 1155 2214 1232 Magne,

135 1245 341 1298 tamen
371 1244 807 1310 antestaretur,
836 1239 1002 1312 quod
1031 1254 1194 1298 nunc
1223 1237 1406 1298 etiam
1434 1240 1595 1299 facit.
1680 1236 1892 1300 XXVI.
1919 1238 2021 1300 69.
2054 1238 2216 1301 Vide

138 1335 326 1395 quam
356 1318 436 1379 sit
462 1318 635 1380 varia
668 1318 836 1380 vitae
866 1320 1437 1395 commutabilisque
1469 1320 1623 1382 ratio
1640 1367 1656 1394 ,
1700 1337 1884 1397 quam
1922 1337 2078 1396 vaga
2106 1338 2215 1382 vo-

134 1400 469 1478 lubilisque
495 1402 754 1476 fortuna,
786 1411 1050 1479 quantae
1079 1401 1468 1463 infidelitates
1508 1402 1571 1462 in
1615 1403 1827 1464 amicis
1842 1447 1862 1482 ‚
1922 1420 2105 1479 quam
2136 1405 2216 1464 ad

135 1495 382 1562 tempus
411 1492 593 1562 aptae
628 1485 1048 1548 simulationes
1065 1532 1082 1561 ‚
1124 1494 1389 1562 quantae
1435 1484 1496 1545 in
1540 1484 1827 1559 periculis
1865 1487 2047 1559 fugae
2075 1501 2216 1560 pro-

97 1592 104 1597 ·
134 1569 462 1643 ximorum,
494 1577 759 1645 quantae
780 1568 1151 1634 timiditates.
1237 1567 1398 1643 Erit,
1440 1567 1555 1629 erit
1579 1567 1725 1627 illud
1755 1568 2036 1643 profecto
2067 1577 2209 1629 tem·

133 1671 259 1730 pus
290 1660 351 1714 et
378 1651 698 1715 illucescet
722 1651 1055 1729 aliquando
1095 1652 1198 1713 ille
1219 1651 1376 1726 dies,
1411 1669 1597 1727 quum
1629 1658 1697 1713 tu
1729 1651 2118 1725 salutaribus,
2145 1660 2212 1713 ut

135 1752 347 1812 spero,
376 1739 564 1799 rebus
594 1735 734 1811 tuiS,
765 1737 880 1797 sed
908 1737 1172 1797 fortasse
1195 1742 1364 1796 motu
1392 1735 1598 1810 aliquo
1624 1733 2037 1797 communium
2065 1741 2213 1795 tem-

136 1836 386 1898 porum,
428 1819 532 1896 qui
580 1836 763 1896 quam
803 1820 1018 1881 crebro
1068 1817 1309 1880 accidat
1337 1819 1571 1894 experti
1600 1817 1763 1880 scire
1787 1819 2117 1891 debemuS,
2152 1829 2212 1879 et

135 1904 492 1967 amicissimi
523 1903 1013 1967 benevolentiam
1044 1901 1465 1978 etgravissimi
1487 1900 1748 1964 hominis
1762 1901 1946 1964 fidem
1962 1903 2214 1963 etunius

135 1997 287 2065 post
313 1987 596 2049 homines
624 1996 804 2050 natos
839 1986 1154 2048 fortissimi
1180 1986 1297 2047 viri
1324 1985 1797 2061 magnitudinem
1837 1984 2021 2047 animi
2050 1984 2212 2047 desi-

140 2074 347 2134 dereS.
409 2069 514 2133 70.
547 2069 923 2145 Quamquam
954 2069 1093 2145 quis
1120 2069 1239 2130 hoc
1271 2070 1496 2144 credat,
1529 2071 1633 2142 Cn.
1658 2069 2032 2146 Pompeium,
2063 2068 2213 2130 iuris
2312 2128 2325 2140 ,

140 2151 403 2230 publici,
449 2152 639 2213 moris
670 2151 999 2226 maiorum,
1029 2151 1120 2213 rei
1149 2152 1418 2228 denique
1443 2152 1727 2229 publicae
1758 2152 2212 2229 peritissimum,

142 2252 336 2313 quum
367 2245 615 2298 senatus
639 2237 695 2297 ei
738 2236 1133 2311 commiserit,
1170 2245 1238 2298 ut
1277 2236 1516 2300 videret
1548 2253 1623 2296 rm
1659 2253 1795 2307 Qun>
1824 2253 1937 2299 aas
1963 2251 2212 2297 rusum

142 2335 500 2382 nmmum
532 2334 821 2380 capture
860 2336 983 2396 quo
1024 2337 1148 2382 uno
1177 2320 1485 2382 versiculo
1533 2320 1683 2383 satis
1712 2319 1926 2382 armati
1972 2335 2215 2396 semper

144 2404 434 2465 consules
457 2404 698 2465 fuerunt
719 2402 898 2464 etiam
922 2403 1103 2465 nullis
1124 2402 1312 2465 armis
1335 2404 1496 2467 datis
1510 2428 1526 2461 ε
1556 2406 1718 2466 hunc
1736 2403 2025 2476 exercitu,
2050 2404 2214 2465 hunc

142 2486 370 2549 dilectu
398 2487 572 2563 dato,
614 2484 903 2549 iudicium
932 2494 1430 2564 exspectaturum
1457 2487 1653 2551 fuisse
1681 2486 1742 2547 in
1778 2488 1910 2549 eius
1940 2485 2215 2548 consiliis

140 2570 529 2632 vindicandis
545 2616 562 2643 ‚
607 2569 713 2648 qui
741 2571 804 2630 vi
831 2569 1058 2632 iudicia
1083 2570 1224 2646 ipsa
1243 2573 1485 2633 tolleret
1502 2579 1535 2630 ‘e
1572 2570 1732 2633 Satis
1761 2570 2090 2631 iudicatum
2120 2577 2217 2629 est

140 2671 181 2715 a
207 2652 532 2730 Pompeio,
575 2653 758 2728 satiS,
799 2655 956 2716 falso
983 2655 1101 2714 ista
1130 2654 1394 2715 conferri
1422 2654 1483 2714 in
1511 2655 1832 2729 Milonem,
1873 2653 1978 2728 qui
2017 2654 2215 2726 legem

142 2737 278 2802 tulit
306 2754 457 2813 qua,
488 2746 556 2799 ut
588 2754 705 2814 ego
741 2736 971 2813 sentio,
1000 2736 1289 2798 Milonem
1329 2737 1570 2799 absolvi
1608 2755 1647 2798 a
1681 2736 1859 2799 vobis
1888 2742 2214 2812 oporteret,

141 2829 207 2884 ut
235 2837 450 2882 omnes
475 2822 858 2897 confitentur,
888 2821 1117 2883 liceret.
1205 2819 1308 2883 71.
1341 2822 1517 2896 Quod
1545 2837 1694 2882 vero
1727 2819 1790 2880 in
1826 2818 1929 2880 illo
1958 2820 2098 2881 loco
2130 2827 2216 2877 at·

144 2922 266 2983 que
293 2904 415 2967 illis
444 2905 828 2981 publicorum
855 2904 1303 2982 praesidiorum
1350 2904 1549 2981 copiis
1583 2903 1986 2966 circumfusus
2020 2902 2213 2974 sedet,

142 2988 295 3051 satis
338 2990 610 3050 declarat
652 3006 722 3050 se
768 3006 895 3051 non
932 2997 1223 3050 terrorem
1267 2988 1491 3050 inferre
1539 2986 1713 3050 vobis
1754 3019 1841 3034 -
1876 2985 2026 3065 quid
2057 2985 2217 3046 enim

145 3074 347 3144 minus
376 3070 481 3133 illo
508 3071 756 3149 dignum
788 3090 971 3150 quam
1002 3088 1243 3150 cogere,
1275 3080 1341 3135 ut
1371 3090 1485 3135 vos
1520 3089 1658 3133 eum
1683 3069 2123 3146 condemnetiS‚
2153 3068 2215 3130 in

149 3173 331 3234 quem
354 3154 622 3217 animum
641 3155 970 3217 advertere
982 3155 1119 3232 ipse
1134 3164 1195 3217 et
1211 3173 1384 3218 more
1397 3157 1693 3220 maiorum
1708 3164 1772 3220 et
1785 3171 1901 3219 suo
1919 3155 2053 3216 iure
2072 3169 2206 3230 pos-

147 3247 282 3303 set?
305 3273 422 3314 --,
453 3240 565 3301 sed
605 3235 917 3315 praesidio
941 3253 1113 3309 esse,
1149 3243 1216 3297 ut
1251 3234 1599 3313 intelligatis
1631 3247 1840 3300 contra
1869 3238 2214 3300 hesternam

147 3322 311 3386 illam
340 3321 689 3384 contionem
716 3320 902 3382 licere
929 3318 1111 3381 vobis
1141 3320 1311 3401 quod
1342 3319 1618 3386 sentiatis
1645 3320 1837 3382 libere
1865 3322 2157 3382 iudicare.

254 3406 497 3465 RVH.
527 3402 629 3468 72.
661 3406 788 3466 Nec
817 3420 968 3466 vero
997 3420 1115 3477 me,
1143 3402 1401 3479 iudiceS‚
1433 3403 1790 3466 Clodianum
1826 3402 2052 3463 crimen
2087 3416 2215 3459 mo-

152 3501 272 3562 vet,
302 3505 419 3549 nec
437 3497 558 3550 tam
581 3506 713 3551 sum
741 3490 992 3550 demens
1016 3497 1262 3565 tamque
1284 3488 1469 3550 vestri
1496 3504 1719 3550 sensus
1758 3486 2007 3561 ignarus
2029 3492 2215 3553 atque
