2514 3928
161 300 271 352 155
655 285 662 292 *
822 286 985 346 CAP.
1018 291 1215 347 4—7.
1260 288 1312 350 s.
1346 291 1575 346 9—15.
1794 275 1797 278 ’
1881 305 1885 310 ·
2114 284 2241 349 458

155 454 396 512 sumuS,
428 446 628 499 utrum
655 440 920 513 populus
945 439 1260 497 Romanus
1287 433 1569 495 libentius
1600 433 1851 509 sauciet,
1882 434 2241 510 Pompeium

154 541 241 583 an
286 522 661 583 Antonium?
730 521 879 581 Mihi
922 519 1167 595 quidem
1224 517 1469 579 numine
1511 517 1764 577 deorum
1815 517 2240 581 immortalium

157 607 407 667 videtur
431 605 827 667 hocFortuna
851 602 1152 675 voluisse,
1188 612 1256 663 ut
1284 602 1436 662 actis
1467 600 1748 661 Caesaris
1776 600 1967 662 firmis
1989 618 2062 662 ac
2090 604 2242 663 ratis

155 692 271 751 Cn.
299 687 573 764 Pompeii
621 689 783 749 filius
832 694 1049 812 posset
1096 694 1157 747 et
1200 686 1552 760 dignitatem
1594 690 1655 743 et
1694 684 1971 744 fortunas
2011 687 2239 760 patrias

153 769 553 848 recuperare.
613 813 617 820 »

292 856 393 915 VI.
446 856 545 917 13.
588 855 681 915 Ac
720 870 797 915 ne
837 853 986 915 illud
1034 852 1280 929 quidem
1321 849 1593 922 silentio,
1642 858 1850 926 patres
1889 851 2235 928 conscripti.

160 940 678 1015 praetereundum
714 945 893 1014 put0,
937 937 1103 1013 quod
1133 934 1457 996 clarissimi
1488 933 1600 994 viri
1630 934 1847 1009 legati,
1880 936 1945 993 L.
1964 936 2240 1009 PaulluS,

154 1024 235 1097 Q.
264 1023 587 1098 Thermus,
627 1022 691 1083 C.
719 1022 1019 1094 Fannius,
1064 1036 1325 1096 quorum
1355 1019 1593 1078 habetis
1632 1016 1935 1093 cognitam
1968 1020 2242 1079 volunta·

151 1118 284 1169 tem
328 1108 385 1165 in
430 1124 566 1168 rem
602 1105 905 1182 publicam
941 1117 1199 1179 eamque
1239 1111 1602 1180 perpetuam
1629 1109 1813 1177 atque
1841 1110 2243 1176 constantem,

159 1193 455 1253 nuntiant
482 1208 554 1252 se
579 1193 852 1267 Pompeii
883 1192 1297 1251 conveniundi
1328 1208 1518 1266 causa
1546 1191 1874 1252 divertisse
1901 1190 2239 1251 Massiliam

160 1293 436 1351 cumque
463 1271 574 1351 cog
583 1276 840 1336 novisse
861 1276 1253 1352 paratissimo
1270 1276 1493 1347 anime,
1521 1284 1587 1335 ut
1605 1291 1743 1335 cum
1756 1274 1885 1335 suis
1911 1274 2108 1350 copiis
2128 1274 2244 1335 iret

158 1361 247 1419 ad
269 1358 580 1432 Mutinam,
613 1360 674 1418 ni
696 1368 1017 1419 vereretur
1040 1375 1117 1418 ne
1144 1365 1577 1419 veteranorum
1605 1360 1843 1419 animos
1874 1359 2241 1420 offenderet.

161 1444 278 1503 Est
310 1458 456 1503 vero
492 1441 627 1504 eius
659 1445 846 1518 patris
874 1442 1068 1516 filius,
1116 1442 1221 1517 qui
1251 1442 1562 1517 sapienter
1592 1443 1851 1502 faciebat
1879 1459 2004 1503 non
2039 1443 2241 1504 minus

159 1528 352 1587 multa
384 1543 564 1601 quam
596 1528 845 1587 sortiter.
917 1528 1132 1602 Itaque
1160 1525 1490 1600 intelligitis
1521 1534 1580 1587 et
1612 1525 1874 1585 animum
1906 1528 1959 1585 ei
1994 1536 2241 1602 praesto

165 1610 365 1671 fuisse
413 1625 525 1669 nec
557 1609 877 1671 consilium
922 1608 1216 1670 defuisse.
1287 1611 1491 1683 Atque
1531 1609 1709 1670 etiam
1744 1609 1864 1674 hoc
1893 1611 1971 1669 M.
2005 1608 2240 1685 Lepido

168 1694 615 1769 providendum
650 1702 763 1767 est,
811 1710 888 1753 ne
918 1695 1066 1769 quid
1094 1692 1508 1767 adrogantius,
1545 1710 1725 1769 quam
1757 1693 1889 1753 eius
1916 1710 2122 1753 mores
2154 1694 2233 1753 fe·

160 1785 335 1847 runt,
376 1778 578 1837 facere
609 1778 905 1837 videatur.
982 1775 1082 1838 14.
1131 1776 1195 1836 Si
1230 1776 1386 1836 enim
1423 1793 1537 1836 nos
1567 1778 1839 1837 exercitu
1873 1785 2086 1850 terret,
2114 1792 2240 1836 non

158 1859 439 1921 meminit
482 1860 649 1921 illum
692 1861 1024 1922 exercitum
1076 1869 1326 1921 senatus
1367 1861 1704 1935 populique
1741 1861 1999 1921 Romani
2052 1868 2239 1936 atque

164 1944 497 2004 universae
517 1946 605 2005 rei
629 1944 913 2021 publicae
938 1960 1102 2016 esse,
1132 1960 1254 2005 non
1283 1961 1479 2004 suum.
1531 1948 1612 2002 At
1630 1942 1717 2005 uti
1741 1953 1944 2020 potest
1967 1960 2078 2020 pro
2104 1960 2242 2006 suo.

160 2028 327 2101 Quid
370 2034 535 2087 tum?
592 2031 870 2089 omniane
918 2029 1098 2090 bonis
1144 2031 1320 2101 viris,
1369 2044 1526 2102 quae
1573 2029 1774 2087 facere
1818 2036 2108 2103 possunt,
2155 2030 2242 2086 l‘a-

157 2111 387 2171 cienda
420 2118 605 2191 sunt?
656 2111 944 2185 etiamne,
990 2113 1045 2172 si
1075 2114 1300 2187 turpia,
1345 2110 1398 2171 si
1427 2110 1778 2186 perniciosa
1807 2118 2009 2182 erunt,
2055 2111 2110 2170 si
2151 2112 2239 2169 sa-

161 2193 313 2255 cere
339 2195 587 2254 omnino
618 2212 743 2255 non
773 2195 1016 2256 licebit?
1060 2196 1206 2271 quid
1238 2204 1440 2256 autem
1474 2193 1705 2271 turpius
1735 2202 1841 2255 aut
1865 2194 2108 2255 foedius
2138 2203 2243 2254 aut

159 2278 339 2352 quod
370 2277 569 2338 minus
607 2279 824 2339 deceat
858 2296 1037 2354 quam
1068 2288 1281 2340 contra
1303 2288 1598 2350 senatum,
1634 2287 1846 2339 contra
1875 2278 2062 2350 civ‘es,
2095 2294 2241 2338 con·

162 2374 260 2422 tra
288 2362 546 2435 patriam
572 2361 904 2422 exercitum
935 2363 1202 2423 ducere?
1271 2361 1424 2436 Quid
1467 2378 1615 2423 vero
1658 2362 1851 2438 magis
1894 2363 2240 2437 vituperan-

160 2447 313 2504 dum
347 2462 529 2520 quarn
571 2446 634 2506 id
669 2447 900 2519 facere,
946 2447 1111 2521 quod
1144 2463 1265 2506 non
1296 2446 1516 2506 liceat?
1575 2445 1742 2506 Licet
1777 2455 1976 2507 autem
2016 2444 2241 2505 nemini

161 2537 379 2589 contra
397 2529 649 2604 patriam
678 2530 907 2590 ducere
931 2530 1298 2590 exercitum=
1323 2530 1377 2589 si
1405 2529 1650 2604 quidem
1677 2530 1861 2589 licere
1884 2529 1946 2588 id
1962 2529 2239 2600 dicimuS,

165 2613 338 2686 quod
372 2613 639 2688 legibus,
675 2614 842 2689 quod
878 2622 1048 2674 more
1083 2613 1377 2675 maiorum
1408 2611 1821 2688 institutisque
1860 2611 2236 2673 conceditur.

158 2695 378 2770 Neque
423 2697 613 2771 enim,
658 2697 826 2772 quod
862 2696 1126 2772 quisque
1156 2706 1391 2772 potest,
1438 2697 1500 2755 id
1538 2695 1595 2754 ei
1636 2694 1802 2768 licet,
1846 2711 1991 2769 nec,
2031 2693 2239 2755 sinon

161 2778 472 2853 obstatur,
507 2789 836 2855 propterea
870 2779 1050 2840 etiam
1080 2780 1458 2854 permittitur.
1525 2777 1655 2839 Tibi
1697 2780 1854 2840 enim
1887 2776 2241 2852 exercitum,

160 2861 427 2937 Lepide,
450 2868 573 2920 tam
606 2878 793 2937 quam
821 2863 1154 2924 maioribus
1194 2863 1317 2925 tuis
1361 2862 1553 2938 patria
1591 2879 1702 2938 pro
1736 2879 1805 2923 se
1847 2863 2031 2923 dedit.
2106 2862 2240 2921 Hoc

157 2955 224 3005 tu
257 2945 495 3007 arcebis
516 2947 784 3020 hostem,
821 2946 978 3007 fines
1008 2947 1244 3022 imperii
1278 2946 1678 3023 propagabis=
1716 2947 1952 3007 senatui
1980 2947 2240 3021 populo·

162 3044 292 3103 que
324 3031 599 3092 Romano
650 3031 925 3106 parebis,
973 3030 1027 3091 si
1077 3048 1260 3106 quam
1305 3032 1385 3091 ad
1428 3032 1602 3090 aliam
1646 3047 1772 3090 rem
1815 3039 1874 3091 te
1917 3033 2072 3090 sorte
2119 3039 2238 3090 tra-

160 3111 423 3173 duxerit.

294 3197 423 3255 VII.
470 3196 565 3258 15.
610 3199 779 3258 Haec
810 3197 864 3259 si
895 3198 1155 3272 cogita8‚
1200 3214 1270 3257 es
1298 3198 1379 3257 Μ.
1408 3197 1711 3272 LepiduS,
1742 3203 2020 3273 pontifex
2048 3196 2234 3259 maxi·

163 3297 336 3350 muS,
366 3279 447 3340 M.
485 3280 731 3357 Lepidi,
774 3279 1082 3357 pontificis
1114 3279 1391 3354 maximi,
1436 3297 1768 3356 pronepos.
1843 3281 1948 3340 Sin
1979 3280 2238 3340 homini·

161 3367 283 3425 bus
316 3372 543 3425 tantum
576 3363 763 3424 licere
786 3364 1057 3438 iudicas,
1091 3373 1382 3438 quantum
1413 3374 1704 3439 possunt,
1740 3362 1883 3424 vide
1911 3382 1989 3423 ne
2021 3363 2239 3423 alienis

160 3446 468 3523 exemplis
508 3446 712 3521 iisque
744 3447 1093 3509 recentibus
1120 3446 1209 3509 uti
1239 3464 1421 3522 quarn
1465 3456 1525 3507 et
1560 3445 1825 3520 antiquis
1855 3456 1914 3507 et
1949 3443 2239 3507 domesti-

159 3529 256 3591 cis
286 3532 465 3592 malle
490 3532 758 3591 videare.
803 3531 976 3606 Quod
1001 3531 1053 3592 si
1071 3529 1489 3594 auctoritatem
1513 3529 1851 3604 interponis
1875 3527 2008 3588 sine
2031 3526 2253 3607 armis,
