2514 3928
199 223 324 283 446
471 219 547 279 IN
574 218 651 277 Μ.
685 216 1086 277 AN‘I’ONIUM
1116 214 1400 277 ORATIO
1428 215 1852 278 PHILIPPICA
1878 217 2008 278 XII.
2189 227 2319 281 148

198 369 467 433 servavit
505 368 642 432 sibi.
711 367 942 428 Timide
982 368 1102 429 hoc
1136 366 1367 428 dicam=
1411 368 1542 429 scio
1583 366 1747 428 enim
1777 367 2021 443 quidvis
2054 366 2315 429 homini

198 454 479 516 accidere
512 468 733 527 posse:
780 466 989 512 verum
1033 460 1234 512 tamen
1267 453 1456 512 semel
1493 451 1941 512 circumsessus
1970 452 2154 511 lectis
2186 468 2311 511 va-

197 535 674 599 lentissimorum
696 536 1007 600 hominum
1034 534 1264 595 viribus
1287 534 1484 595 cecidi
1506 533 1734 609 sciens,
1757 542 1822 595 ut
1849 534 2315 595 honestissime

197 635 532 694 exsurgere
570 635 841 695 possem.
898 617 1002 680 25.
1045 618 1388 679 Possumne
1419 617 1602 693 igitur
1635 616 1784 678 satis
1817 616 2011 678 videri
2043 626 2312 690 cautus.

196 704 347 765 satis
377 702 706 778 providus,
750 701 805 763 si
834 718 929 762 me
956 700 1096 762 huic
1128 701 1326 762 itineri
1355 709 1474 761 tam
1501 701 1727 763 infesto
1747 708 2008 797 ..tamque
2044 701 2311 775 pericu-

196 791 333 849 loso
367 788 777 847 commisero?
817 785 1086 846 Gloriam
1129 787 1188 844 in
1225 793 1419 845 morte
1458 785 1683 845 debent
1722 784 1799 858 ii,
1834 784 1938 860 qui
1972 784 2034 844 in
2070 802 2143 846 re
2178 802 2299 860 pu·

178 871 359 931 blica
391 879 745 941 versantur,
794 886 917 930 non
954 870 1173 943 culpae
1204 869 1745 943 reprehensionem
1776 877 1838 929 et
1861 867 2156 929 stultitiae
2203 869 2304 934 vi-

196 952 639 1030 tuperationem
671 952 1037 1027 relinquere.
1098 953 1244 1026 Quis
1279 951 1480 1013 bonus
1510 968 1630 1012 non
1661 954 1831 1026 luget
1854 960 2113 1014 mortem
2141 951 2300 1012 Tre

194 1038 407 1098 bobii?
449 1038 587 1112 quis
618 1053 738 1096 non
769 1035 937 1096 dolet
963 1036 1268 1097 interitum
1297 1035 1434 1095 talis
1465 1043 1526 1096 et
1554 1036 1706 1095 civis
1742 1042 1806 1097 et
1834 1033 1988 1095 viri?
2029 1039 2114 1096 At
2144 1045 2305 1097 sunt

197 1121 301 1197 qui
326 1119 557 1180 dicant:
590 1120 742 1179 dure
768 1118 854 1179 illi
885 1117 1162 1193 quidem,
1194 1120 1309 1179 sed
1335 1127 1533 1180 tamen
1566 1119 1804 1180 dicunt=
1835 1119 2037 1181 minus
2069 1119 2297 1180 dolen·

195 1207 340 1266 dum
356 1249 370 1277 ,
398 1204 566 1278 quod
587 1203 665 1263 ab
692 1203 938 1263 homine
965 1202 1203 1278 impuro
1230 1201 1589 1277 nefarioque
1612 1220 1735 1264 non
1754 1204 2007 1263 caverit.
2042 1202 2301 1264 Etenim

197 1288 300 1363 qui
329 1288 647 1347 multorum
679 1287 993 1347 custodem
1026 1303 1097 1346 se
1125 1286 1498 1362 profiteatur,
1532 1303 1670 1346 eum
1692 1284 2004 1360 sapientes
2029 1287 2129 1348 sui
2164 1287 2293 1362 pri-

195 1388 358 1432 mum
388 1369 604 1445 capitis
635 1369 804 1431 aiunt
825 1371 1144 1431 custodem
1173 1384 1317 1430 esse
1342 1380 1646 1443 oportere.
1691 1370 1886 1444 Quum
1910 1376 2170 1445 saeptus
2199 1370 2297 1430 sis

196 1454 435 1529 legibus
471 1463 532 1515 et
562 1454 923 1515 iudiciorum
957 1461 1150 1525 metu,
1193 1469 1317 1513 non
1355 1462 1499 1514 sunt
1539 1454 1741 1515 omnia
1775 1450 2044 1513 timenda
2077 1469 2298 1529 neque

195 1539 274 1599 ad
316 1554 532 1598 omnes
574 1536 832 1598 insidias
870 1536 1177 1613 praesidia
1222 1538 1594 1610 quaerenda.
1661 1537 1807 1611 Quis
1851 1535 2010 1597 enim
2057 1538 2293 1598 audeat

202 1621 333 1696 luci,
366 1623 503 1698 quis
532 1620 592 1681 in
628 1621 864 1682 militari
898 1621 1025 1694 via,
1060 1618 1200 1696 quis
1229 1621 1388 1681 bene
1418 1621 1782 1697 comitatum,
1814 1621 1953 1695 quis
1982 1621 2291 1681 illustrem

194 1704 489 1780 aggredi?
553 1706 655 1767 26.
707 1706 874 1766 Haec
904 1721 1107 1780 neque
1140 1704 1260 1765 hoc
1290 1713 1564 1779 tempore
1601 1720 1803 1780 neque
1831 1704 1891 1764 in
1927 1720 2024 1763 me
2057 1705 2271 1763 valent

194 1789 326 1849 Non
363 1790 546 1850 modo
591 1788 749 1849 enim
792 1805 1054 1864 poenam
1099 1804 1222 1849 non
1268 1787 1660 1861 extimescet,
1697 1788 1803 1864 qui
1843 1786 1988 1846 mihi
2022 1787 2144 1846 vim
2197 1797 2262 1847 at

196 1874 427 1944 tulerit,
481 1873 592 1934 sed
641 1872 820 1932 etiam
856 1872 1108 1947 gloriam
1150 1871 1424 1946 sperabit
1461 1887 1499 1930 a
1537 1871 1838 1934 latronum
1879 1870 2173 1945 gregibus
2227 1880 2288 1931 et

197 1955 486 2032 praemia.

315 2041 414 2101 XI.
446 2041 613 2101 Haec
642 2057 757 2115 ego
787 2039 846 2100 in
872 2041 1020 2100 urbe
1060 2039 1390 2115 provideo:
1437 2040 1632 2101 facilis
1657 2049 1752 2101 est
1773 2039 2266 2113 circumspectus

196 2126 357 2185 unde
392 2140 636 2198 exeam,
673 2141 795 2198 quo
826 2124 1216 2200 progrediar,
1252 2123 1398 2199 quid
1428 2126 1510 2184 ad
1535 2124 1868 2192 dexteram,
1890 2121 2040 2198 quid
2071 2122 2154 2182 ad
2201 2124 2281 2179 si-

195 2207 443 2269 nistram
475 2208 568 2268 sit.
612 2208 765 2267 Num
797 2206 1030 2267 idemin
1046 2207 1400 2282 Appennini
1415 2206 1752 2268 tramitibus
1783 2208 1986 2267 lacere
2017 2211 2287 2281 potero?

195 2292 255 2350 in
297 2290 518 2366 quibus
572 2289 748 2351 etiam
793 2290 848 2349 si
900 2306 1023 2350 nou
1062 2297 1239 2350 erunt
1277 2289 1566 2363 insidiae,
1613 2305 1770 2362 quae
1811 2288 2094 2350 facillime
2135 2303 2288 2348 esse

199 2381 511 2450 poterunt,
553 2374 790 2432 animus
822 2381 1021 2433 tamen
1055 2372 1170 2435 erit
1197 2374 1526 2445 sollicitus,
1570 2381 1637 2434 ut
1664 2371 1812 2431 nihil
1845 2373 2044 2448 possit
2077 2372 2155 2431 de
2183 2371 2281 2432 or-

193 2457 348 2518 ficiis
378 2455 699 2533 legationis
729 2457 1062 2518 attendere.
1108 2456 1233 2517 Sed
1259 2457 1447 2531 effugi
1463 2456 1736 2526 insidias,
1762 2455 2284 2532 perrupiAppen-

195 2541 433 2604 ninum:
479 2557 700 2616 nempe
722 2541 782 2601 in
805 2542 1053 2601 Antonii
1078 2557 1482 2615 congressum
1506 2537 2005 2614 colloquiumque
2027 2535 2284 2596 venien-

196 2625 341 2686 dum
378 2632 490 2687 est.
558 2623 812 2698 Quinam
858 2627 1035 2686 locus
1079 2625 1398 2700 capietur?
1452 2625 1514 2685 Si
1555 2631 1727 2689 extra
1776 2638 2006 2694 castra,
2089 2621 2285 2681 ceteri

195 2708 485 2771 viderint·
528 2725 644 2784 ego
673 2716 945 2770 -mortem
988 2715 1255 2768 actutum
1298 2709 1557 2768 futuram
1593 2715 1762 2782 puto.
1800 2705 1979 2766 ‘Novi
2011 2702 2286 2764 hominis

197 2794 495 2867 furorem,
531 2793 675 2854 novi
704 2793 1054 2854 effrenatam
1091 2791 1459 2853 violentiam.
1502 2790 1686 2851 Cuius
1713 2787 2018 2853 acerbitas
2040 2804 2281 2848 morum

196 2875 663 2973 immanitasque
711 2886 963 2937 naturae
1010 2891 1085 2934 ne
1126 2873 1271 2937 vino
1318 2876 1564 2950 quidem
1608 2875 1908 2948 permixta
1949 2869 2279 2946 temperari

194 2960 381 3031 solet,
418 2959 517 3020 hic
549 2961 638 3020 ira
671 2960 1098 3034 dementiaque
1126 2956 1538 3020 inflammatus
1558 2956 1829 3018 adhibito
1860 2958 2044 3018 fratre
2066 2951 2275 3025 Luem,

195 3042 538 3103 taeterrima
570 3042 781 3116 belua,
821 3059 1158 3117 numquam
1183 3043 1459 3117 prolecto
1495 3059 1531 3103 a
1560 3056 1658 3101 me
1689 3039 2023 3116 sacrilegas
2055 3053 2279 3097 manus

196 3133 382 3198 atque
408 3124 629 3199 impias
657 3125 1000 3188 abstinebit.
1043 3125 1143 3190 27.
1186 3126 1430 3188 Memini
1465 3125 1773 3200 colloquia
1802 3132 1863 3186 et
1890 3140 2024 3184 cum
2050 3118 2272 3180 acerri-

196 3206 310 3266 mis
339 3206 619 3267 hostibus
649 3215 709 3266 et
739 3222 872 3269 cum
910 3208 1306 3270 acerbissime
1335 3208 1837 3271 dissentientibus
1868 3206 2122 3267 civibus.
2166 3203 2272 3262 Cn.

194 3287 551 3361 Pompeius,
584 3288 754 3347 Sexti
783 3288 973 3362 filiuS,
1009 3294 1226 3353 consul
1257 3309 1353 3352 me
1377 3301 1700 3369 praesente
1726 3309 1912 3367 quum
1934 3304 2132 3351 essem
2154 3286 2276 3348 tiro

193 3370 253 3429 in
285 3367 418 3427 eius
448 3368 748 3442 exercitu,
785 3386 921 3431 cum
949 3373 1012 3432 P.
1043 3375 1245 3437 Vettio
1281 3376 1563 3448 Scatone,
1594 3377 1754 3437 duce
1774 3375 2147 3445 Marsorum,
2178 3368 2268 3429 in-

194 3460 283 3509 ter
313 3448 452 3517 bina
477 3459 673 3511 castra
697 3453 1035 3516 collocutus
1061 3467 1171 3518 est.
1222 3459 1352 3532 Quo
1385 3459 1629 3535 quidem
1660 3457 1903 3519 memini
1929 3456 2071 3519 Sex.
2094 3455 2255 3516 Pom
