2514 3928
326 292 452 357 356
601 293 679 351 IN
705 291 785 350 Μ.
817 289 1221 352 ANTONIUM
1254 290 1540 352 ORA'rlO
1568 292 1996 353 PHILIPPICA
2025 293 2107 352 111
2344 303 2420 357 68

326 445 429 508 24.
471 447 566 504 Ac
597 460 676 503 ne
704 439 841 503 sine
870 457 1062 503 causa
1089 442 1403 504 videretur
1435 441 1728 517 edixisse,
1757 450 1825 505 ut
1852 451 2103 505 senatus
2140 444 2414 519 adesset,

328 545 514 604 quum
529 526 607 586 de
627 543 696 586 re
720 524 965 602 publica
985 528 1288 587 relaturus
1314 524 1559 599 fuisset,
1598 527 1801 587 adlato
1830 525 2046 588 nuntio
2069 527 2148 588 de
2171 526 2418 602 legione

328 619 544 689 quarta
582 617 783 670 mente
810 608 1107 683 concidit,
1151 618 1212 671 et
1235 611 1447 683 fugere
1469 610 1763 671 festinans
1788 618 2042 673 senatus
2063 613 2417 673 consultum

326 697 406 756 de
443 692 897 770 supplicatione
927 709 1038 769 per
1061 694 1509 754 discessionem
1538 692 1710 765 fecit,
1742 709 1929 768 quum
1960 693 2023 753 id
2053 693 2279 756 factum
2315 712 2415 755 es-

328 786 424 840 set
456 785 639 839 antea
670 793 1022 853 numquam.

444 864 519 923 X.
564 861 735 935 Quae
765 876 912 922 vero
946 860 1243 936 profectio
1276 869 1524 934 postea!
1572 861 1742 935 quod
1770 862 1882 922 iter
1903 861 2204 937 paludati!
2252 878 2419 937 quae

327 946 536 1009 vitatio
569 946 903 1016 oculorum,
932 943 1108 1015 luciS,
1138 941 1329 1017 urbiS,
1360 943 1507 1021 sori—l
1557 960 1737 1018 quam
1763 943 1988 1005 misera
2013 945 2178 1020 fuga,
2227 963 2415 1020 quam

327 1030 533 1098 foeda,
588 1044 772 1104 quam
816 1025 1043 1103 turpis!
1095 1026 1418 1088 Praeclara
1457 1036 1659 1088 tamen
1699 1035 1952 1089 senatus
1995 1030 2279 1090 consulta
2310 1029 2414 1090 illo

324 1114 465 1189 ipso
511 1112 612 1172 die
657 1110 1039 1185 vespertina,
1080 1109 1535 1185 provinciarum
1570 1110 1860 1186 religiosa
1891 1110 2158 1185 sortitio,
2206 1112 2420 1173 divina

324 1213 475 1257 vero
508 1193 953 1271 opportunitaS,
986 1201 1069 1268 ut,
1106 1210 1266 1269 quae
1301 1194 1525 1272 cuique
1556 1203 1700 1271 apta
1728 1203 1914 1269 esset,
1945 1212 2022 1256 ea
2051 1194 2276 1271 cuique
2311 1198 2419 1258 ob-

330 1280 583 1341 veniret.
669 1276 773 1340 25.
815 1277 1135 1339 Praeclare
1163 1275 1346 1353 igitur
1375 1278 1602 1353 facitiS,
1647 1277 1871 1341 tribuni
1913 1278 2143 1355 plebis,
2198 1280 2309 1355 qui
2337 1281 2418 1342 de

326 1362 639 1440 praesidio
685 1364 1007 1426 consulum
1049 1370 1428 1439 senatusque
1470 1361 1779 1436 referatis,
1829 1363 2168 1438 meritoque
2203 1373 2417 1426 vestro

326 1447 623 1509 maximas
664 1445 849 1509 vobis
890 1444 1117 1522 gratias
1160 1462 1376 1508 omnes
1418 1454 1479 1508 et
1518 1462 1703 1522 agere
1744 1455 1806 1508 et
1832 1447 2062 1507 habere
2091 1446 2417 1510 debemuS.

330 1532 442 1606 Qui
487 1529 647 1593 enim
694 1530 967 1606 periculo
1010 1544 1219 1590 carere
1248 1546 1583 1605 possumus
1613 1531 1672 1590 in
1704 1539 1868 1592 tanta
1899 1530 2210 1591 hominum
2241 1531 2419 1608 cupi-

326 1616 513 1677 ditate
544 1624 605 1677 et
635 1615 936 1676 audacia?
975 1614 1082 1673 Ille
1114 1620 1316 1674 autem
1344 1614 1530 1676 homo
1554 1613 1842 1677 adflictus
1866 1622 1929 1676 et
1951 1613 2228 1691 perditus
2253 1632 2420 1691 quae

327 1701 406 1760 de
450 1715 519 1760 se
562 1706 885 1774 exspectat
925 1696 1151 1758 iudicia
1191 1696 1477 1771 graviora
1521 1714 1702 1773 quam
1741 1698 2075 1759 amicorum
2117 1707 2421 1759 suorum?

325 1781 858 1843 Familiarissimus
892 1782 1057 1852 eiuS,
1106 1780 1252 1840 mihi
1282 1781 1465 1843 homo
1496 1782 1888 1855 coniunctuS,
1925 1782 1991 1841 L.
2023 1782 2322 1842 Lentulus
2358 1791 2423 1843 et

327 1867 387 1925 P.
416 1866 613 1940 Naso,
660 1864 824 1925 omni
866 1879 1085 1924 carens
1130 1863 1492 1940 cupiditate,
1538 1867 1762 1928 nullam
1803 1882 1872 1925 se
1900 1864 2129 1926 habere
2157 1866 2413 1940 provin-

328 1949 514 2023 ciam,
543 1950 772 2010 nullam
803 1946 1054 2011 Antonii
1081 1947 1462 2011 sortitionem
1495 1948 1690 2011 fuisse
1720 1949 2159 2012 iudicaverunt.
2234 1949 2417 2024 Quod

326 2035 489 2094 idem
522 2031 665 2094 fecit
693 2033 759 2092 L.
789 2032 1135 2109 PhilippuS,
1168 2032 1265 2092 vir
1313 2039 1514 2105 patre,
1567 2047 1719 2106 avo,
1772 2033 2109 2095 maioribus
2153 2033 2287 2093 suis
2324 2034 2414 2095 di-

326 2116 681 2193 gnissimus.
738 2118 806 2177 ln
848 2116 1065 2177 eadem
1106 2115 1409 2177 sententia
1443 2115 1553 2178 fuit
1584 2116 1769 2178 homo
1804 2124 2039 2178 summa
2071 2117 2420 2191 integritate

326 2210 512 2276 atque
542 2200 922 2272 innocentia,
971 2200 1033 2259 C.
1065 2198 1414 2260 Turranius.
1470 2199 1640 2261 Idem
1668 2200 1810 2260 fecit
1838 2200 1946 2276 Sp.
1978 2199 2249 2275 Oppius=
2295 2199 2419 2276 ipsi

325 2285 527 2357 etiam,
562 2283 668 2359 qui
699 2282 1021 2343 amicitiam
1043 2283 1124 2342 M.
1147 2282 1410 2343 Antonii.
1427 2282 1600 2344 veriti
1626 2285 1765 2359 plus
1789 2284 1844 2344 ei
1869 2283 2206 2344 tribuerunt
2228 2301 2421 2357 quam

327 2369 593 2428 fortasse
622 2368 879 2440 vellent,
921 2367 1003 2425 Μ.
1033 2365 1206 2438 Piso,
1251 2365 1645 2428 necessarius
1675 2383 1883 2440 meuS,
1928 2375 1990 2428 et
2029 2366 2126 2426 vir
2165 2375 2227 2427 et
2254 2367 2419 2428 civis

328 2448 645 2526 egregius,
677 2448 935 2527 parique
968 2449 1318 2511 innocentia
1352 2451 1430 2510 M.
1461 2450 1758 2526 VehiliuS,
1790 2461 2040 2513 senatus
2065 2450 2418 2512 auctoritati

328 2551 398 2595 se
429 2535 958 2610 obtemperaturos
988 2550 1132 2595 esse
1162 2532 1466 2595 dixerunt.
1539 2533 1639 2595 26.
1673 2533 1829 2608 Quid
1870 2551 1986 2611 ego
2016 2536 2094 2595 de
2123 2535 2189 2593 L.
2220 2533 2422 2594 Cinna

326 2621 589 2696 loquar?
648 2617 825 2680 cuius
873 2626 1152 2694 spectata
1192 2617 1394 2679 multis
1437 2618 1802 2694 magnisque
1849 2620 2038 2679 rebus
2082 2616 2421 2693 singularis

326 2702 643 2779 integritas
691 2703 892 2764 minus
933 2701 1352 2763 admirabilem
1394 2702 1537 2762 facit
1573 2702 1756 2764 huius
1801 2700 2221 2767 honestissimi
2270 2701 2424 2762 facti

326 2789 613 2862 gloriamz
658 2786 764 2864 qui
789 2785 1043 2848 ‘omnino
1079 2785 1456 2864 provinciam
1483 2786 1779 2862 neglexitz
1818 2803 1999 2860 quam
2022 2785 2162 2847 item
2186 2801 2421 2861 magno

326 2872 529 2932 animo
573 2880 633 2933 et
662 2870 964 2932 constanti
996 2870 1057 2930 C.
1090 2869 1329 2930 Cestius
1373 2868 1737 2944 repudiavit.
1798 2869 1910 2943 Qui
1939 2876 2081 2931 sunt
2108 2869 2293 2945 igitur
2322 2886 2425 2929 re-

326 2953 497 3028 liqui,
533 2971 693 3030 quos
724 2972 863 3015 sors
897 2953 1103 3014 divina
1137 2954 1442 3014 delectet?
1468 2957 1505 3022 †
1527 2953 1594 3012 L.
1617 2954 1855 3015 Annius
1890 2963 1953 3015 et
1976 2955 2056 3012 M.
2086 2951 2423 3015 Antonius,

329 3034 376 3096 Ο
415 3036 654 3097 felicem
685 3045 1043 3113 utrumque!
1083 3036 1231 3096 nihil
1261 3035 1420 3096 enim
1454 3038 1810 3098 maluerunt.
1869 3038 1931 3097 C.
1956 3034 2263 3098 Antonius
2286 3037 2423 3096 Ma-

331 3118 672 3179 cedoniam.
715 3121 893 3181 Hunc
916 3137 1167 3195 quoque
1191 3119 1459 3179 felicem!
1494 3120 1652 3180 hanc
1684 3121 1846 3181 enim
1875 3121 2138 3183 habebat
2165 3136 2425 3195 semper

329 3201 389 3259 in
424 3217 531 3261 ore
554 3201 951 3277 provinciam.
997 3203 1060 3263 C.
1084 3201 1384 3265 Calvisius
1404 3202 1697 3265 Africam.
1736 3204 1894 3266 Nihil
1918 3204 2190 3266 felicius!
2221 3203 2418 3263 Modo

331 3282 490 3342 enim
539 3301 619 3344 ex
659 3285 867 3344 Africa
914 3285 1268 3347 decesserat
1306 3295 1367 3349 et
1405 3287 1586 3363 quasi
1633 3287 1918 3349 divinans
1960 3305 2032 3349 se
2076 3287 2425 3349 rediturum

330 3365 490 3426 duos
532 3367 769 3441 legatos
814 3356 1027 3428 Uticae
1067 3370 1416 3444 reliquerat.
1479 3371 1714 3433 Deinde
1749 3371 1832 3431 M.
1874 3371 2073 3433 Iccius
2119 3369 2417 3444 Siciliam,

331 3446 400 3519 Q.
447 3447 698 3510 Cassius
739 3448 1114 3525 Hispaniam.
1164 3453 1299 3514 Non
1347 3454 1547 3516 habeo
1593 3456 1738 3532 quid
1782 3457 2080 3530 suspicer.
2137 3456 2423 3515 Duarum

332 3531 517 3591 credo
547 3531 996 3608 provinciarum
1027 3545 1228 3598 sortes
1248 3536 1450 3600 minus
1474 3536 1713 3601 divinas
1738 3540 1947 3601 fuisse.
2005 3539 2102 3599 XI.
2129 3537 2232 3600 27.
2264 3537 2317 3598 Ο
2352 3538 2418 3598 C.
