2514 3928
178 178 249 236 59
475 222 476 225 η
599 217 602 221 «
776 173 944 232 CAP.
976 180 1044 234 35
1063 205 1133 216 -
1152 181 1238 234 37.
1287 179 1338 238 s.
1360 181 1429 234 95
1449 206 1521 216 -—
1546 183 1664 232 102.
2128 171 2257 235 263

182 325 320 399 quis
360 332 566 398 potest
593 338 735 382 esse
778 328 1021 382 tantus?
1048 356 1132 367 -
1162 322 1275 382 sed
1318 338 1394 382 ne
1435 322 1596 382 hunc
1629 320 1874 397 quidem
1911 320 2146 398 ipsum,
2193 334 2254 387 ut

180 405 512 468 obliviscar
553 405 762 479 quanti
805 420 902 463 me
956 419 1200 478 semper
1244 403 1529 465 ieceritiS.
1618 405 1789 478 Quae
1829 406 1881 466 si
1928 422 2044 466 vos
2091 406 2257 483 cepit

179 487 403 552 oblivio
432 496 537 548 aut
567 486 621 548 si
650 487 708 545 in
740 503 836 545 me
868 485 1097 560 aliquid
1127 485 1489 560 offendistis,
1521 504 1630 548 cur
1657 505 1778 548 non
1804 489 1867 548 id
1890 505 2026 551 meo
2052 490 2251 587 capite

176 573 381 648 potius
414 570 593 631 luitur
624 585 804 664 quam
837 568 1129 629 Milonis?
1176 569 1497 629 Praeclare
1535 570 1695 631 enim
1740 571 1975 645 vixero,
2020 574 2072 631 si
2103 574 2250 648 quid

177 655 323 714 mihi
371 653 660 713 acciderit
704 652 875 728 prius
912 669 1092 726 quam
1136 653 1257 713 hoc
1310 661 1540 713 tantum
1578 653 1720 712 mali
1772 654 2004 715 videro.
2109 654 2247 718 100.

175 739 348 797 Nunc
376 751 473 796 me
502 752 622 795 una
645 735 994 796 consolatio
1010 743 1330 809 sustentat,
1362 736 1528 810 quod
1558 734 1682 810 tibi,
1713 737 1778 796 T.
1801 724 1984 809 Aui'ni,
2019 741 2246 799 nullum

179 838 216 880 a
247 835 344 879 me
374 818 629 892 amoriS,
672 820 898 880 nullum
915 818 1145 895 studii,
1194 819 1423 879 nullum
1450 818 1695 895 pietatis
1738 820 2009 880 officium
2037 821 2247 883 defuit.

176 903 304 978 Ego
357 901 691 962 inimicitias
732 902 1067 978 potentium
1098 918 1211 976 pro
1250 910 1313 963 te
1341 902 1643 978 appetivi,
1680 918 1797 979 ego
1827 919 2029 964 meum
2061 920 2252 980 saepe

178 1003 409 1060 corpus
451 994 512 1045 et
553 985 733 1046 vitam
791 985 989 1046 obieci
1042 983 1226 1044 armis
1269 985 1646 1047 inimicorum
1693 995 1963 1061 unorum,
2006 1002 2130 1062 ego
2154 1005 2253 1049 me

177 1069 455 1144 plurimis
485 1086 595 1143 pro
623 1078 683 1129 te
707 1069 1046 1144 supplicem
1077 1067 1305 1141 abieci,
1342 1069 1532 1142 bona,
1569 1071 1849 1131 fortunas
1870 1086 2041 1131 meas
2073 1087 2146 1131 ac
2183 1073 2248 1133 li·

177 1154 457 1213 berorum
498 1166 770 1212 meorum
814 1150 874 1210 in
916 1149 1404 1212 communionem
1445 1159 1681 1213 tuorum
1721 1163 2060 1230 temporum
2103 1171 2249 1216 con-

175 1235 312 1297 tuli=
343 1235 462 1294 hoc
494 1233 758 1309 denique
785 1231 926 1308 ipso
960 1232 1091 1305 die,
1118 1233 1172 1295 si
1202 1249 1364 1308 quae
1385 1233 1481 1294 vis
1517 1244 1614 1295 est
1641 1235 1954 1310 paranni
1983 1253 2143 1312 quae
2160 1239 2250 1299 di-

177 1316 432 1378 micatio
450 1315 667 1392 capitis
696 1316 926 1389 futura,
958 1318 1255 1390 deposco.
1345 1315 1499 1389 Quid
1531 1314 1649 1376 iam
1693 1327 1927 1378 restat?
1967 1319 2112 1393 quid
2144 1320 2249 1380 ha-

175 1401 294 1461 beo
351 1400 519 1474 quod
562 1397 777 1459 faciam
830 1415 941 1473 pro
989 1398 1107 1459 tuis
1138 1398 1196 1457 in
1236 1415 1334 1458 me
1376 1398 1603 1459 meritis
1648 1400 1771 1460 nisi
1806 1411 1871 1461 ut
1899 1417 2031 1460 eam
2063 1403 2248 1463 sortu-

178 1499 336 1556 nam‚
397 1498 826 1558 quaecumque
860 1482 971 1542 erit
1000 1490 1129 1555 tua,
1175 1482 1394 1541 ducam
1423 1488 1662 1542 meam?
1698 1484 1834 1543 Non
1856 1500 2099 1554 recuso,
2126 1500 2249 1544 non

176 1568 411 1642 abnuo,
476 1581 716 1640 vosque
745 1566 1046 1636 obsecro.
1071 1563 1340 1636 iudices»,
1394 1573 1463 1625 ut¹
1485 1574 1693 1625 vestra
1719 1565 2048 1636 beneficia,
2092 1582 2253 1641 quae

179 1649 240 1709 in
277 1665 375 1709 me
404 1647 766 1722 contulistis,
790 1659 895 1708 aut
927 1648 992 1708 in,
1011 1649 1190 1709 huius
1227 1648 1422 1708 salute
1451 1646 1729 1723 augeatis
1757 1657 1861 1709 aut
1893 1647 1952 1707 in
1977 1649 2251 1709 eiusdem

181 1732 365 1794 exitio
399 1747 696 1793 occasura
724 1749 867 1793 esse
893 1730 1170 1793 videatis.
1208 1776 1211 1779 -

301 1816 593 1876 XXXVII.
627 1814 765 1877 101.
794 1815 906 1875 His
930 1813 1196 1876 lacrimis
1227 1831 1350 1877 non
1383 1823 1662 1876 movetur
1690 1814 1837 1874 Milo
1858 1847 1946 1859 —-
1966 1823 2061 1874 est
2096 1830 2238 1889 quo-

180 1899 320 1960 dam
352 1898 692 1960 incredibili
721 1899 945 1959 robore
974 1898 1303 1975 animi—-,
1319 1899 1432 1960 sed
1464 1897 1745 1959 exsilium
1774 1896 1857 1958 ibi
1885 1912 2027 1958 esse
2062 1905 2259 1973 putat,

176 1984 281 2043 ubi
312 1981 512 2043 virtuti
551 1998 673 2042 non
719 1982 798 2044 sit
844 1984 1049 2042 locus:
1099 1990 1353 2044 mortem
1399 1990 1649 2043 naturae
1686 1982 1869 2042 finem
1897 1997 2040 2041 esse
2064 2026 2079 2053 ,
2125 1998 2245 2042 non

178 2081 462 2141 poenam.
494 2064 620 2125 Sed
642 2066 740 2125 hic
769 2082 844 2125 ea
864 2073 1082 2138 mente,
1116 2082 1240 2140 qua
1267 2075 1444 2126 natus
1473 2074 1595 2126 estx
1631 2064 1777 2139 quid
1808 2081 1941 2138 vos,
1971 2062 2249 2124 iudices?

187 2164 305 2223 quo
356 2148 599 2207 tandem
660 2147 861 2208 animo
914 2147 1127 2208 eritis?
1184 2147 1539 2209 Memoriam
1586 2148 1829 2209 Milonis
1893 2144 2249 2219 retinebitiS‚

180 2231 385 2306 ipsum
414 2228 707 2291 eiicietis?
750 2239 810 2293 et
850 2232 964 2292 erit
1006 2230 1246 2307 dignior
1273 2233 1446 2293 locus
1475 2232 1536 2293 in
1568 2231 1745 2294 terris
1778 2231 1940 2291 ullus
1958 2230 2061 2305 qui
2092 2229 2249 2292 hanc

184 2312 464 2374 virtutem
503 2312 770 2390 excipiat
824 2331 1004 2389 quam
1046 2314 1179 2388 liic,
1224 2314 1328 2391 qui
1355 2316 1753 2391 procreavit?
1786 2316 1951 2389 Vos,
1980 2314 2096 2375 vos
2138 2329 2248 2389 ap-

180 2398 376 2473 pello,
409 2396 726 2479 fortissimi·
754 2396 897 2469 viri,
945 2396 1050 2472 qui
1084 2400 1334 2459 multum
1365 2415 1480 2475 pro
1509 2415 1577 2460 re
1612 2397 1858 2474 publica
1886 2396 2247 2473 sanguinem

178 2479 515 2541 effudistis=
548 2497 662 2541 vos
689 2480 751 2541 in
777 2479 891 2541 viri
927 2490 989 2542 et
1014 2480 1074 2541 in
1104 2479 1257 2543 civis
1292 2480 1498 2543 invicti
1522 2481 1802 2556 periculo:
1818 2480 2081 2558 appello,
2107 2495 2247 2540 cen·

178 2564 481 2637 tui-iones,
538 2581 807 2640 vosque,
847 2562 1101 2626 milites:
1150 2564 1332 2626 vobis
1377 2581 1501 2626 non
1531 2566 1716 2626 modo
1746 2561 2257 2641 inspectantibus,

177 2647 290 2706 sed
319 2648 497 2707 etiam
529 2647 777 2708 armatis
807 2654 868 2708 et
907 2647 1048 2708 huic
1092 2646 1320 2709 iudicio
1361 2645 1850 2723 praesidentibus
1890 2646 2046 2706 haec
2085 2653 2253 2705 tanta

176 2730 368 2790 virtus
414 2745 494 2789 ex
532 2730 649 2791 hac
688 2732 841 2792 urbe
881 2732 1249 2805 expelletur,
1296 2730 1819 2805 exterminabitur,
1858 2726 2255 2805 proiicietur?

175 2812 321 2876 102.
356 2811 402 2872 0
437 2829 535 2872 me
565 2813 874 2886 miserum,
903 2830 942 2880 ,o
962 2830 1060 2873 me
1090 2811 1426 2874 infelicem!
1457 2815 1774 2874 Revocare
1815 2820 1881 2874 ιιι
1921 2828 2018 2872 me
2048 2809 2108 2871 in
2141 2826 2238 2885 pa-

173 2895 381 2969 triam,
408 2894 590 2970 Milo,
632 2897 884 2972 potuisti
909 2911 1021 2972 per
1052 2896 1202 2970 hos,
1246 2912 1365 2972 ego
1408 2906 1468 2958 te
1507 2897 1568 2956 in
1612 2894 1809 2971 pau-ia
1853 2912 1963 2971 per
1994 2895 2253 2955 eosdem-

173 2978 437 3040 retinere
470 2995 593 3039 non
631 2985 894 3054 potero?
932 2977 1088 3053 Quid
1128 2978 1522 3055 respondebo
1563 2977 1771 3040 liberis
1802 2978 1987 3053 meis,
2030 2976 2135 3053 qui
2188 2984 2251 3039 te

176 3071 490 3139 parentem
519 3063 774 3124 alterum
803 3069 1063 3138 putant?
1104 3062 1248 3139 quid
1289 3061 1424 3136 tibi,
1475 3061 1691 3137 Quinte
1722 3064 1925 3137 frater,
1950 3062 2051 3138 qui
2087 3077 2250 3122 nunc

174 3146 357 3218 abes,
411 3145 682 3206 consorti
736 3161 975 3206 mecum
1031 3152 1370 3221 temporum
1420 3145 1700 3206 illorum?
1742 3161 1921 3206 mene
1973 3161 2093 3205 non
2139 3158 2252 3218 po·

146 3229 367 3290 ’tuisse
394 3227 643 3289 Milonis
675 3230 931 3290 salutem
962 3229 1115 3290 tueri
1149 3245 1260 3303 per
1288 3230 1572 3301 eosdem,
1623 3245 1735 3304 per
1776 3245 1936 3304 quos
1976 3236 2249 3287 nostram

173 3311 273 3370 ille
315 3318 671 3372 servasset?
722 3314 806 3373 At
865 3311 925 3371 in
980 3327 1103 3387 qua
1150 3327 1338 3373 causa
1385 3328 1507 3372 non
1564 3310 1892 3407 potuisse?
1957 3325 2113 3383 quae
2156 3314 2252 3365 est

173 3400 347 3464 grata
373 3394 657 3469 gentibus
678 3436 868 3454 .....
890 3411 1012 3455 non
1041 3393 1368 3471 potuisse?
1394 3393 1500 3466 iis,
1547 3395 1650 3469 qui
1685 3393 1946 3453 maxime
1970 3392 2031 3449 P.
2058 3385 2251 3450 Clodii

229 3585 322 3664 Ο
