2514 3928
238 240 365 307 1⁶4
853 241 933 302 m
960 241 1029 301 L.
1061 238 1402 302 PISONEM
1432 239 1739 302 ORATIO.
2257 252 2331 308 6⁶

236 395 464 459 eodem
496 396 796 471 deceptus
834 392 1203 471 supercilim
1234 393 1511 455 Graecus
1541 401 1729 469 atque
1757 392 2032 470 advena,
2076 411 2199 471 quo
2239 403 2333 459 tot

238 478 558 554 sapientes
581 484 645 540 et
665 485 834 540 tanta
862 477 1103 540 civitas.
1146 480 1470 538 Revocare
1491 492 1563 538 se
1593 494 1719 540 non
1751 485 1997 554 poterat
2023 477 2329 539 familiari·

233 571 360 625 tate
395 562 741 638 implicatus
805 570 870 624 et
926 561 1107 623 simul
1166 560 1618 623 inconstantiae
1679 563 1906 623 famam
1982 562 2330 625 verebatur.

234 650 545 723 Rogatus,
574 645 896 721 invitatus,
926 653 1213 718 coactus,
1257 644 1341 707 ita
1368 647 1559 708 multa
1585 647 1664 706 ad
1698 645 1883 708 istum
1913 647 1993 707 de
2020 643 2140 708 isto
2176 663 2326 723 quo·

241 749 364 807 que
393 730 660 808 scripsit,
689 738 757 792 ut
786 747 1002 792 omnes
1034 729 1304 791 hominis
1332 728 1635 805 libidines,
1697 730 1906 791 omnia
1933 738 2166 807 stupra,
2202 746 2330 790 om-

237 816 342 877 nia
370 831 661 878 cenarum
693 817 1244 887 conviviorumque
1274 829 1533 886 genera.
1573 813 1873 876 adulteria
1903 814 2172 891 denique
2193 813 2330 875 eius

237 898 698 962 delicatissimis
727 897 1017 959 versibus
1047 897 1447 973 expresserit.
1494 895 1596 960 71.
1622 899 1688 957 In
1705 897 1966 974 quibus,
1998 897 2054 959 si
2085 897 2190 975 qui
2222 914 2326 957 ver

236 985 323 1057 lit,
356 983 557 1059 possit
588 982 767 1043 istius
791 990 1101 1058 tamquam
1127 976 1475 1056 in'speculo
1505 976 1691 1042 vitam
1721 981 1972 1042 intueri:
1998 998 2080 1043 ex
2103 981 2329 1058 quibus

236 1069 426 1129 multa
465 1085 504 1127 a
544 1066 750 1127 multis
788 1067 949 1127 lecta
998 1073 1061 1126 et
1098 1064 1308 1145 audita
1335 1066 1674 1140 recitarem,
1712 1064 1775 1127 ni
1813 1082 2060 1128 vererer
2102 1082 2180 1127 ne
2208 1066 2331 1127 hoc

236 1151 445 1228 ipsum
484 1166 683 1226 genus
727 1148 1058 1223 orationiS,
1102 1166 1225 1224 quo
1271 1166 1434 1212 nunc
1478 1157 1648 1223 utor,
1689 1151 1765 1211 ab
1795 1150 1978 1213 huius
2008 1148 2130 1212 loci
2160 1166 2334 1212 more

237 1235 625 1296 abhorreret:
657 1244 719 1296 et
752 1235 933 1295 simul
963 1235 1043 1293 de
1064 1232 1237 1310 ipso,
1278 1232 1386 1310 qui
1414 1233 1683 1311 scripsit,
1719 1234 1957 1296 detrahi
1988 1233 2139 1295 nihil
2169 1234 2332 1294 volo.

236 1319 355 1394 Qui
384 1318 438 1380 si
463 1316 684 1381 suisset
709 1318 772 1380 in
803 1318 1111 1394 discipulo
1142 1319 1562 1395 comparando
1596 1317 1849 1380 meliore
1885 1321 2157 1392 fortuna,
2206 1320 2331 1378 sor-

234 1413 407 1466 tasse
435 1402 740 1466 austerior
767 1410 830 1464 et
860 1401 1110 1479 gravior
1137 1419 1283 1464 esse
1326 1400 1661 1479 potuisset=
1703 1403 1820 1464 sed
1851 1420 1993 1464 eum
2035 1419 2219 1464 casus
2268 1401 2334 1462 in

234 1488 396 1551 hanc
452 1487 964 1551 consuetudinem
1014 1486 1327 1548 scribendi
1374 1485 1657 1562 induxit,
1706 1485 2083 1564 philosopho
2150 1485 2336 1547 valde

232 1572 587 1648 indignam:
619 1572 674 1633 si
720 1572 967 1648 quidem
1005 1569 1427 1646 philosophia,
1459 1578 1528 1631 ut
1552 1571 1759 1645 fertur,
1791 1570 2033 1634 virtutis
2063 1568 2337 1632 continet

142 1706 145 1707 ν
234 1665 298 1719 et
329 1656 520 1719 officii
560 1666 623 1718 et
662 1657 824 1717 bene
867 1654 1115 1714 vivendi
1147 1653 1570 1730 disciplinam:
1616 1672 1799 1731 quam
1852 1654 1959 1732 qui
1987 1655 2331 1731 profitetur,

233 1741 662 1817 gravissimam
702 1737 1011 1800 sustinere
1039 1737 1186 1798 mihi
1217 1754 1549 1813 personam
1580 1737 1840 1801 videtur.
1883 1737 1986 1803 72.
2011 1739 2139 1800 Sed
2165 1737 2330 1798 idem

235 1840 421 1886 casus
449 1823 618 1883 illum
641 1822 917 1898 ignarum
946 1821 1094 1897 quid
1123 1822 1533 1897 profiteretur,
1566 1841 1756 1900 quum
1789 1839 1859 1884 se
1889 1821 2332 1899 philosophum

234 1923 377 1969 esse
421 1906 684 1978 diceret,
734 1905 918 1969 istius
962 1903 1413 1983 impurissimae
1444 1915 1631 1985 atque
1668 1905 2334 1985 intemperantissimae

234 1992 493 2068 pecudis
523 2007 721 2053 caeno
753 1998 814 2052 et
843 1990 1136 2052 sordibus
1167 1990 1529 2068 inquinavit.

351 2075 466 2152 Qui
505 2077 692 2138 modo
726 2092 914 2151 quum
947 2092 1051 2136 res
1080 2084 1291 2151 gestas
1332 2079 1692 2139 consulatus
1726 2075 1847 2136 mei
1893 2075 2336 2148 collaudasset,

230 2177 397 2237 quae
458 2160 709 2238 quidem
751 2158 1120 2221 collaudatio
1175 2159 1441 2221 hominis
1483 2158 1822 2238 turpissimi
1864 2160 2011 2221 mihi
2047 2159 2170 2235 ipsi
2200 2168 2338 2220 erat

237 2262 438 2320 paene
479 2245 696 2321 turpiS,
742 2244 874 2307 Non
905 2243 1009 2305 illa
1029 2242 1158 2318 tibi,
1186 2243 1402 2320 inquit,
1436 2244 1667 2305 invidia
1702 2243 1931 2319 nocuit,
1962 2244 2076 2305 sed
2105 2259 2335 2303 versus

220 2329 337 2389 tui.
409 2327 602 2390 Nimis
644 2344 864 2403 magna
892 2344 1099 2403 poena
1134 2337 1193 2389 tc
1223 2330 1482 2389 consule
1511 2327 1845 2392 constituta
1877 2338 1975 2390 est
2003 2328 2135 2389 sive
2165 2328 2335 2388 malo

230 2415 455 2488 poetae
479 2411 613 2473 sive
637 2412 851 2472 libero.
938 2411 1261 2487 Scripsisti
1296 2413 1487 2475 enim:
1524 2429 1756 2474 caum
1796 2429 1971 2475 anun
2009 2428 2339 2473 rosaz.—

232 2495 389 2571 Quid
418 2503 587 2558 tum?
627 2498 796 2557 Haec
824 2513 929 2557 res
959 2495 1065 2557 tibi
1095 2496 1324 2559 fluctus
1355 2498 1494 2558 illos
1527 2498 1833 2560 excitavit.
1922 2499 2006 2559 At
2030 2496 2153 2558 hoc
2167 2505 2337 2557 ‘nus-

232 2599 416 2656 quam
449 2581 671 2657 opinor
702 2580 1000 2656 scriptum
1030 2580 1226 2643 fuisse
1255 2580 1317 2641 in
1347 2580 1452 2644 illo
1489 2582 1724 2662 elogi0,
1773 2582 1943 2659 quod
1977 2589 2038 2643 te
2068 2581 2336 2642 consule

226 2664 289 2726 in
340 2668 628 2742 sepulcro
672 2665 762 2726 rei
808 2664 1094 2742 publicae
1130 2664 1394 2738 incisum
1437 2674 1561 2741 est,
1606 2682 1835 2727 vums
1876 2681 2188 2736 manans,
2232 2680 2333 2737 ur,

229 2766 386 2819 ouon
416 2752 499 2811 M.
532 2752 757 2813 C1cnao
789 2766 1028 2813 vaastm
1056 2767 1325 2828 menan,
1364 2752 1478 2811 sed
1514 2765 1669 2821 ouon
1703 2766 2071 2811 vmmcxnrr.

351 2837 533 2896 XXX.
569 2835 672 2899 73.
716 2836 949 2896 Verum
996 2844 1226 2905 tamen,
1269 2833 1561 2910 quoniam
1611 2843 1670 2896 te
1713 2851 1837 2895 non
1882 2833 2337 2904 Aristarchum,

230 2920 344 2979 sed
380 2919 664 2979 Phalarin
708 2919 1165 2995 grammaticum
1201 2917 1530 2993 habemus,
1588 2917 1696 2994 qui
1739 2935 1861 2980 non
1893 2927 2102 2981 notam
2131 2932 2337 2993 appo-

228 3018 341 3062 nas
373 3002 453 3063 ad
482 3005 707 3063 malum
738 3019 1020 3075 versum,
1058 3002 1173 3064 sed
1202 3004 1449 3078 poetam
1480 3002 1667 3064 armis
1703 3018 2120 3079 persequare,
2164 3000 2339 3061 scire

230 3085 415 3161 cupio
449 3085 599 3161 quid
626 3087 876 3147 tandem
908 3086 970 3145 in
1001 3085 1123 3147 isto
1157 3102 1350 3148 versu
1382 3086 1837 3164 reprehendasz
1885 3102 2118 3147 canam
2143 3099 2337 3145 Anu».

225 3185 447 3231 roam.
513 3171 681 3232 Tuae
709 3168 888 3245 dicis,
919 3169 1136 3245 inquit,
1166 3178 1348 3247 togae
1377 3188 1685 3233 summum
1720 3173 2151 3253 imperatorem
2181 3184 2341 3230 esse

232 3270 576 3316 cessurum.
666 3252 825 3328 Quid
856 3270 1021 3315 nune
1051 3264 1129 3329 te,
1160 3255 1353 3330 asine,
1386 3257 1620 3319 litteras
1652 3257 1952 3317 doceam?
1997 3255 2130 3315 Non
2162 3270 2339 3329 opus

228 3346 325 3400 cst
364 3337 602 3412 verbis,
655 3338 770 3400 sed
815 3338 1102 3401 fustibus.
1187 3342 1323 3402 Non
1369 3342 1497 3401 dixi
1538 3340 1699 3402 hanc
1741 3349 1980 3415 togam,
2026 3354 2149 3414 qua
2189 3353 2339 3398 sum

226 3422 506 3501 amictus,
534 3439 650 3486 nec
675 3440 845 3485 arma
873 3434 1115 3487 scutum
1137 3434 1242 3489 aut
1268 3424 1540 3502 gladium
1562 3425 1745 3487 unius
1774 3420 2185 3500 imperatoris,
2209 3419 2343 3482 sed
2373 3462 2383 3470 -

228 3507 375 3585 quia
409 3509 580 3585 pacis
611 3519 707 3573 est
736 3508 977 3585 insigne
1010 3518 1070 3572 et
1106 3509 1217 3573 otii
1250 3517 1411 3586 toga,
1447 3516 1659 3571 contra
1682 3517 1885 3587 autem
1908 3523 2079 3568 arma
2108 3505 2337 3568 tumul-
