2514 3928
178 162 320 201 xxvx
640 135 1030 197 PROOEMIUM
1067 144 1395 199 EDITIONIS
1434 143 1644 196 SECUN
1649 145 1800 197 ΒΑΕ.

184 283 456 333 excidisse.
529 282 765 332 Fortasse
800 281 1045 347 scriptum
1082 282 1202 332 olim
1238 291 1370 330 erat:
1417 283 1642 333 Parente
1675 283 1741 335 1..
1778 279 1947 332 Sestio
1983 282 2047 335 P.
2072 279 2274 332 Sestius*

184 357 333 400 natus
376 357 454 399 est
486 360 579 400 etc.
648 349 773 399 Ibid.
817 357 1024 398 auctore
1058 347 1294 398 Richtero
1343 354 1393 398 et
1433 360 1551 399 ante
1583 365 1736 400 carus
1768 348 1958 407 delevi,
2000 348 2270 398 verborum

183 426 351 466 autem
387 415 767 466 collocationem
804 417 904 464 iam
943 418 1206 481 superiore
1238 424 1471 480 tempore
1504 430 1536 464 a
1577 430 1659 466 me
1702 426 1953 480 receptam
2010 428 2113 464 non
2155 429 2270 464 mu-

183 483 302 532 tavi.
375 482 426 546 §-
462 485 508 533 ’1.
554 481 703 542 falso,
739 482 918 541 credo,
965 483 1018 532 in
1062 481 1253 532 verbist
1312 483 1478 532 Dua-it
1519 498 1729 534 uxorem
1768 489 1921 546 patre
1955 483 2062 533 vivo
2097 483 2272 546 optimi

184 557 235 599 et
268 551 683 600 calamitosissimi
713 552 814 600 viri
837 551 1010 612 filiam,
1046 550 1110 599 L.
1149 546 1431 614 Scipionis,
1468 549 1699 599 homines
1734 549 1870 599 docti
1905 562 2066 613 nuper
2099 548 2269 610 requi-

187 617 408 666 siverant
451 626 540 666 aut
564 616 845 667 Pronomen
881 619 1092 666 alteram
1122 622 1216 666 'aut
1248 615 1560 665 Adverbium
1596 618 1789 667 iterum.
1861 614 2057 667 Etenim
2112 629 2266 677 quum

190 697 324 732 mors
362 683 550 747 prioris
587 679 764 733 u'xoris
801 691 948 732 antea
983 694 1378 737 commemorata
1429 694 1589 743 esset,
1639 698 1699 733 eo
1733 681 1901 732 fulcro
1934 684 1987 731 in
2022 681 2121 731 hoc
2154 681 2267 732 loco

184 750 392 799 minime
437 763 567 814 opus
610 749 721 800 fuit.
792 748 921 798 Nam
956 750 1020 799 de
1062 749 1161 798 alia
1196 763 1358 798 uxore
1390 747 1516 798 haec
1560 750 1659 798 dici
1695 760 1743 800 et
1776 763 1869 814 per
1909 762 2023 799 sese
2057 755 2272 814 apparet

185 827 233 867 et
267 816 548 867 declaratur
590 817 797 866 nomine
844 817 980 880 eius,
1025 817 1171 866 cuius
1217 815 1320 865 fllia
1364 825 1484 865 erat.
1555 817 1764 867 Accedit
1807 816 1946 879 quod
1981 821 2271 877 sequuntur

187 883 338 932 verba
384 890 538 946 patre
572 885 681 935 vivo
717 898 777 932 eo
815 881 946 944 loco,
1003 882 1088 932 ubi
1123 894 1238 932 ante
1269 891 1424 947 patre
1459 889 1667 934 auctore
1701 884 1890 934 dictum
1926 892 2049 932 erat.
2141 879 2269 932 Nam

185 950 460 999 auctoritas
512 950 695 1015 patris
723 951 777 999 in
829 949 1009 1014 primis
1061 951 1254 1015 nuptiis
1311 949 1685 1011 requirebatur,
1745 964 1848 1000 uon
1900 950 1952 999 in
2011 948 2268 999 secundis.

186 1015 360 1065 Paullo
415 1025 561 1080 post,
609 1017 698 1066 ubi
731 1015 889 1081 vulgo
933 1016 1216 1082 legebatur:
1277 1024 1328 1067 et
1360 1019 1591 1067 manis
1626 1017 1810 1080 officiis
1850 1023 1901 1067 et
1942 1017 2077 1067 illius
2118 1031 2270 1066 aeru-

191 1099 350 1132 mnam
395 1093 513 1144 etc.,
559 1098 588 1132 e
622 1083 771 1133 codd.
816 1083 1034 1133 Parisini
1069 1098 1100 1133 a
1134 1099 1212 1148 pr.
1247 1098 1316 1133 m.
1352 1094 1401 1133 et
1433 1083 1547 1134 cod.
1583 1082 1955 1134 Gemblacensis
1991 1082 2267 1148 scriptura:

184 1155 235 1198 et
268 1151 501 1200 maximis
532 1153 846 1215 praeteritas
873 1165 986 1202 esse
1018 1152 1117 1201 sed
1146 1153 1211 1202 iis
1244 1157 1298 1201 et
1332 1151 1541 1215 officiis,
1584 1152 1872 1202 coniecerat
1905 1149 2267 1199 Mommsenius

184 1216 506 1265 scribendum
542 1232 682 1267 esse:
734 1225 787 1269 et
817 1219 1049 1269 maa-imis
1077 1224 1359 1282 praeterea
1392 1220 1717 1284 adsiduisque
1751 1219 1936 1283 officiis
1967 1224 2079 1275 etc„
2116 1229 2268 1276 quem

185 1284 485 1333 recentiores
521 1284 739 1334 editores
777 1287 977 1348 sequuti
1014 1296 1149 1336 sunt.
1219 1286 1275 1335 Id
1319 1299 1419 1334 non
1466 1286 1645 1350 probo.
1714 1283 1841 1334 Nam
1878 1294 1927 1335 et
1957 1282 2056 1333 hoc
2088 1280 2269 1346 displi-

184 1359 288 1409 cet,
325 1350 463 1412 quod
498 1350 696 1402 Gradus
741 1352 975 1404 adiectivi
1011 1352 1351 1417 superlativus
1386 1362 1437 1401 et
1468 1353 1721 1416 positivus
1763 1352 1893 1401 inter
1927 1367 1983 1400 se
2016 1350 2100 1399 hic
2133 1361 2269 1399 com·

184 1427 459 1482 ponuntur,
495 1426 545 1467 et
579 1416 876 1470 coniunctio
913 1426 963 1469 et
1005 1427 1120 1468 ante
1156 1419 1340 1483 officiis
1374 1420 1426 1468 in
1463 1421 1697 1469 omnibus
1721 1419 1862 1469 libris
1888 1427 2059 1482 aperte
2080 1416 2270 1480 scripta

183 1494 412 1548 apparet.
482 1484 627 1542 Quod
673 1501 827 1548 quum
864 1487 934 1535 ita
970 1495 1133 1545 esset,
1164 1488 1279 1550 ipse
1324 1487 1589 1551 temptavi:
1650 1493 1701 1536 et
1733 1489 1963 1537 maa-imis
1993 1489 2271 1548 praeterea

184 1555 236 1598 et
268 1551 506 1600 subsidiis
538 1559 590 1601 et
624 1553 809 1614 officiis
843 1559 893 1602 et
927 1553 1059 1603 illius
1092 1569 1401 1608 aerumnam,
1438 1555 1614 1618 quoad
1645 1555 1796 1614 via-it,
1844 1559 1896 1602 et
1921 1552 2062 1615 filiae
2096 1550 2269 1600 solitu·

184 1617 347 1666 dinem
379 1621 691 1668 sustentavit.
761 1617 889 1668 Nam
924 1619 1098 1684 priore
1131 1619 1243 1670 loco
1281 1620 1390 1670 eius
1425 1621 1564 1669 modi
1600 1635 1783 1670 nomen
1821 1619 2098 1677 excidisse,
2154 1616 2269 1681 ipsa

184 1695 285 1731 vox
316 1686 612 1732 sustentavit
646 1698 808 1748 paene
843 1685 1040 1734 clamat.
1112 1685 1256 1736 Conf.
1294 1685 1549 1737 Ciceronis
1596 1698 1719 1738 orat.
1765 1689 1829 1737 de
1867 1690 2095 1750 provinc.
2130 1696 2268 1733 cons.

183 1763 229 1798 c.
255 1750 304 1799 δ.
341 1749 389 1808 ἕ.
417 1752 494 1798 12.
535 1751 691 1814 quid?
752 1755 841 1817 qui
869 1768 927 1802 se
961 1754 1242 1804 etiamnunc
1283 1753 1523 1804 subsidiis
1563 1755 1856 1817 patrimonii
1887 1758 1975 1802 aut
2007 1751 2271 1800 amicorum

181 1815 501 1866 liberalitate
533 1823 839 1877 sustentant,
875 1819 968 1870 Itos
999 1822 1176 1882 perire
1214 1823 1502 1884 patiemur?
1562 1821 1609 1881 ξ.
1644 1823 1694 1872 8.
1730 1819 1914 1884 scripsi
1949 1831 2073 1882 ego:
2130 1823 2190 1865 ut
2221 1821 2273 1865 et

152 1934 165 1941 Ἢ
184 1883 259 1931 illi
309 1888 552 1947 quaestor
605 1883 761 1935 bonus
805 1893 858 1936 et
898 1887 1040 1937 nobis
1084 1887 1305 1938 omnibus
1347 1889 1562 1951 optimus
1597 1889 1721 1937 civis
1763 1887 2037 1937 videretur.
2106 1880 2269 1940 Quum

185 1948 318 1998 enim
354 1950 404 1998 in
441 1948 588 2000 codd.
627 1951 859 2004 Parisino
896 1962 946 2004 et
980 1953 1326 2004 Gemblacensi
1366 1953 1657 2004 omittantur
1688 1954 1843 2004 verba
1877 1958 1930 2003 et
1953 1950 2098 2003 nobis
2119 1950 2271 2000 omni-

183 2015 298 2073 bus,
342 2016 395 2064 iu
438 2016 553 2067 cod.
598 2016 828 2069 Parisino
872 2030 1040 2071 autem
1072 2021 1146 2070 'ab
1189 2021 1347 2072 altera
1390 2035 1543 2071 manu
1577 2035 1679 2071 rec.
1723 2030 1773 2071 et
1813 2021 1866 2069 in
1910 2019 2089 2068 ceteris
2127 2016 2269 2065 libris

185 2082 428 2147 scriptum
474 2084 566 2133 sit:
627 2093 680 2135 et
722 2087 858 2137 vobis
902 2088 1146 2152 omnibus,
1200 2088 1342 2138 mihi·
1373 2087 1717 2153 oppositionis
1758 2088 1890 2137 ratio
1928 2086 2118 2150 optime
2152 2095 2272 2133 con·

184 2158 320 2198 stare
360 2149 584 2209 videtur,
635 2152 680 2200 si
726 2160 777 2203 et
818 2155 961 2205 nobis
1004 2156 1225 2206 omnibus
1268 2156 1567 2204 scribamus.
1635 2153 1734 2204 Pro
1786 2154 1852 2203 iis
1896 2152 2065 2201 verbis
2109 2161 2272 2214 nuper

187 2215 393 2279 scripsit
416 2216 643 2267 Halmius
679 2226 732 2268 et
763 2222 1120 2285 reipublicae,
1157 2221 1294 2283 quod
1318 2222 1469 2287 plane
1513 2220 1839 2270 reiieiendum
1876 2228 1971 2280 est,
2006 2218 2067 2273 Η.
2102 2226 2270 2266 autem

184 2281 406 2345 Koechly
463 2289 515 2333 et
559 2286 805 2345 omnibus,
859 2303 962 2350 quo
1014 2289 1137 2338 mihi
1191 2290 1402 2338 nimium
1452 2288 1553 2339 dici
1598 2287 1813 2338 videtur.
1884 2284 2006 2351 Cap.
2029 2286 2079 2334 4.
2114 2283 2162 2343 ἃ.
2189 2283 2270 2332 10.

186 2349 248 2398 L.
269 2348 409 2398 Sesti
428 2349 741 2402 Hotomanus
767 2357 1040 2420 proposuit
1074 2370 1138 2405 ex
1174 2355 1358 2420 epist.
1393 2354 1478 2404 lib.
1508 2354 1643 2403 xm.
1668 2368 1748 2419 ep.
1773 2354 1822 2403 8.
1850 2352 1899 2416 §-
1928 2356 1973 2402 1.
2043 2352 2099 2399 ln
2126 2348 2269 2399 libris

184 2417 245 2463 P.
272 2414 411 2465 Sesti
443 2416 642 2482 legitur.
716 2418 836 2485 Cap.
862 2423 910 2472 δ.
945 2423 992 2483 5.
1021 2422 1099 2471 12.
1136 2426 1384 2473 consulem
1418 2429 1660 2487 quaestor
1694 2420 2003 2469 Weidnerus
2037 2414 2268 2474 coniecit,

182 2482 234 2529 in
270 2483 382 2532 cod.
406 2482 638 2534 Parisino
682 2500 713 2534 a
756 2502 834 2552 pr.
878 2501 1032 2537 manu
1077 2499 1157 2538 est
1188 2492 1489 2553 consulemq.
1562 2488 1616 2536 In
1653 2486 1831 2536 ceteris
1858 2485 2002 2534 libris
2029 2488 2272 2549 quaestor·

182 2562 284 2597 non
304 2548 531 2603 habetur.
583 2550 759 2602 Pauilo
794 2564 914 2618 post
944 2556 1136 2605 animus
1167 2570 1339 2605 amore
1369 2557 1451 2605 rei
1478 2554 1710 2618 publicae
1743 2553 1951 2618 scripsit
1972 2549 2268 2606 Lambinus,

182 2614 233 2663 in
259 2616 408 2667 codd.
439 2617 600 2668 Paris.
635 2628 687 2668 et
718 2617 910 2671 Gembl.
942 2630 1020 2672 est
1050 2628 1102 2671 et
1144 2637 1316 2673 amore
1350 2623 1434 2671 rei
1459 2638 1512 2684 p.
1582 2620 1701 2670 Mox
1736 2620 1989 2685 praedari
2020 2618 2274 2680 coepisset

183 2680 373 2733 Bakius
418 2685 571 2735 scribi
618 2684 779 2735 voluit
823 2700 1096 2751 praeeunte
1129 2687 1233 2738 l'ere
1268 2688 1381 2738 cod.
1416 2688 1678 2747 Parisino,
1714 2686 1763 2735 in
1801 2699 1902 2747 quo
1939 2691 2019 2734 est
2049 2683 2105 2731 in
2138 2695 2270 2731 corr.

183 2763 321 2799 man.
359 2765 434 2814 pr.
468 2754 734 2815 praeclari
767 2753 843 2803 vel
872 2757 1130 2818 praedari
1161 2757 1422 2820 scriptum.
1493 2755 1548 2803 In
1584 2754 1764 2803 ceteris
1801 2752 1905 2802 fore
1940 2748 2080 2799 libris
2110 2763 2270 2813 prae-

182 2817 326 2866 clara
362 2816 561 2881 legitur.
621 2817 745 2883 Cap.
770 2821 817 2871 ’1.
855 2822 902 2881 §-
930 2822 1009 2872 15.
1046 2821 1231 2885 scripsi
1266 2835 1401 2870 nunc
1437 2820 1657 2870 Facta-us
1690 2826 1805 2871 erat
1838 2831 1932 2885 pro
1960 2819 2153 2882 suerat.
2212 2814 2271 2864 Id

182 2882 333 2930 etiam
375 2888 478 2932 trem
519 2892 637 2934 erat
679 2885 834 2935 scribi
877 2888 1059 2951 potuit.
1128 2886 1230 2938 Sed
1276 2888 1485 2936 omnino
1528 2886 1759 2936 difficilis
1802 2886 1869 2936 ad
1911 2881 2269 2947 corrigendum

183 2947 326 2999 locus
370 2964 486 2999 esse
527 2951 742 3001 videtur.
814 2951 936 3018 Cap.
961 2955 1010 3005 8.
1045 2955 1092 3015 6.
1120 2955 1200 3006 18.
1244 2954 1427 3016 reliqui
1471 2968 1622 3016 quam
1670 2966 1767 3018 ego
1815 2951 1933 3002 olim
1975 2961 2271 3014 receperam

182 3015 483 3080 scripturam
520 3025 571 3066 et
603 3031 944 3069 commemoro
980 3035 1046 3069 ex
1070 3020 1277 3071 ¹scholio
1320 3021 1553 3070 mutilato
1598 3019 1683 3069 illo
1727 3018 1931 3081 quidem
1967 3025 2135 3066 tamen
2172 3014 2271 3064 hoc

182 3094 428 3145 apparere
462 3082 813 3133 columnam
849 3086 913 3135 ab
951 3095 1148 3137 oratore
1183 3088 1253 3138 ita
1296 3102 1412 3137 esse
1447 3096 1770 3151 usurpatam,
1816 3096 1873 3135 ut
1914 3084 1980 3133 ad
2022 3083 2152 3133 duas
2187 3096 2271 3130 res

182 3148 433 3210 pertinere
475 3150 752 3210 videretur,
795 3153 936 3214 quod
981 3166 1155 3202 eorum
1199 3168 1357 3203 causa
1408 3166 1775 3212 commemoro,
1829 3150 1916 3214 qui
1966 3159 2275 3215 putaverunt

183 3227 336 3263 unam
375 3225 564 3265 tautum
606 3218 761 3268 modo
798 3233 902 3267 rem
939 3232 999 3269 eo
1035 3221 1282 3271 vocabulo
1316 3220 1528 3270 indicari
1563 3220 1811 3285 potuisse.
1880 3219 1929 3279 §-
1955 3219 2035 3268 19.
2068 3217 2123 3266 in
2155 3229 2271 3265 ver·

181 3280 285 3331 bist
349 3282 514 3333 Tanta
554 3291 669 3335 erat
710 3288 936 3349 pravitas
985 3288 1039 3336 in
1083 3292 1251 3351 oculo,
1308 3295 1452 3338 tanta
1494 3288 1776 3338 contractio
1814 3286 2033 3349 frontis,
2078 3289 2135 3333 ut
2183 3283 2275 3333 alo
