2514 3928
786 405 1165 459 PROOEMIUM
1201 406 1521 459 EDITORIS.
1896 434 1906 480 '.
2117 426 2204 461 xix

120 552 295 599 stantis
334 561 410 600 est
446 565 543 599 non
575 547 874 610 perturbari
906 551 956 599 in
991 547 1143 597 rebus
1176 549 1379 610 asperis
1424 560 1515 595 nec
1548 548 1911 599 mammem
1947 548 2011 598 de
2039 550 2211 613 ⁸‹Jradu

121 619 286 681 defici,
337 625 390 667 ut
425 618 634 676 dicitur,
683 616 781 667 sed
802 620 1072 680 praesenti
1101 618 1302 666 animo
1348 617 1424 666 uti
1463 622 1512 665 et
1557 617 1760 666 consilio
1804 632 1897 667 nec
1931 633 1965 665 a
2013 619 2211 668 ratione

119 687 390 737 discedere.
435 694 483 735 et
517 685 907 750 disputationum
934 684 1332 736 Tusculanarum
1370 685 1457 735 lib.
1497 685 1532 733 I.
1569 701 1617 733 c.
1658 686 1744 739 25.
1780 686 1831 748 5.
1868 685 1953 737 62.
1995 686 2211 749 Quorum

118 754 418 819 (astrorum)
455 756 800 805 conversiones
827 770 1087 821 omnesque
1112 761 1271 806 motus
1295 755 1382 820 qui
1414 769 1449 803 a
1462 769 1494 801 n
1508 755 1581 802 im
1595 769 1665 804 us
1697 756 1836 819 vidit,
1875 757 1921 804 is
1945 755 2112 805 docuit
2140 759 2210 807 si-

116 825 266 874 milem
301 825 466 873 anim
479 840 563 873 um
591 838 730 874 suum
761 826 868 874 eius
899 840 1027 884 esse,
1062 826 1148 890 qui
1172 839 1236 874 ea
1266 823 1559 885 fabricatus
1593 831 1726 874 esset
1765 826 1817 873 in
1848 825 2005 874 caelo.
2081 826 2208 874 Hinc

117 893 377 957 apparebit
422 894 572 944 etiam
618 893 671 942 in
712 894 938 943 oratione
982 892 1079 943 hac
1123 892 1416 942 Ciceronem
1450 907 1481 940 a
1515 906 1609 942 suo
1646 908 1833 957 genere
1870 893 2071 943 dicendi
2107 909 2206 943 non

119 962 428 1013 discessisse.
506 960 628 1027 Cap.
671 960 756 1013 13.
790 962 840 1024 5.
884 961 969 1013 31.
1008 964 1147 1026 quod
1184 977 1319 1012 nunc
1355 962 1540 1026 scripsi
1583 969 1639 1011 ut
1684 960 2072 1013 Tusculanorum
2111 977 2207 1027 pro

114 1038 164 1081 et
202 1030 590 1083 Tusculanorum
636 1038 841 1081 auctore
871 1030 1130 1096 Madvigio
1170 1030 1266 1080 feci
1284 1068 1300 1096 ,
1350 1032 1440 1094 qui
1487 1032 1590 1080 iam
1624 1029 1936 1097 Naugerium
1972 1032 2047 1081 sie
2081 1033 2210 1081 scri-

116 1101 279 1165 psisse
319 1101 753 1167 commemoravit.
830 1100 1026 1150 Deinde
1062 1115 1174 1165 cap.
1219 1100 1302 1150 14.
1338 1102 1387 1162 5.
1425 1097 1514 1153 32.
1548 1101 1688 1163 quod
1730 1117 1861 1151 nunc
1900 1100 2092 1150 editum
2132 1111 2209 1150 est

114 1169 491 1221 Cenomanorum
521 1169 736 1220 coniecit
768 1167 1058 1235 Madvigius
1088 1185 1153 1218 ex
1190 1169 1446 1235 scriptura
1482 1170 1594 1220 cod.
1635 1167 1741 1221 Err.
1785 1170 2211 1222 Genumanltorum

110 1252 203 1302 pro
229 1238 430 1305 vulgato
463 1240 835 1290 Germanorwn.
877 1239 1069 1288 Eodem
1107 1246 1312 1288 auctore
1343 1238 1513 1303 paullo
1546 1246 1662 1303 post
1696 1240 1904 1305 scripsi:
1941 1254 2004 1290 ne
2039 1241 2205 1302 liceat,

110 1306 195 1356 ubi
223 1304 342 1372 [non
370 1310 441 1359 sit
475 1315 755 1372 exceptum.
794 1305 884 1372 ibi]
917 1322 1120 1357 necesse
1155 1314 1231 1357 est
1265 1308 1433 1356 licere.
1473 1307 1546 1356 Eo
1582 1309 1716 1356 enim
1754 1310 1945 1359 ducunt
1975 1309 2209 1359 codicum

112 1376 315 1426 indicia.
356 1376 534 1426 Paullo
569 1383 687 1440 post
724 1375 788 1424 de
817 1390 931 1424 meo
956 1375 1168 1439 scripsi:
1206 1374 1305 1425 Ubi
1334 1381 1412 1423 est
1437 1376 1589 1438 iqitur
1618 1379 1671 1426 in
1698 1377 1909 1440 foedere
1935 1379 2204 1442 GaditanO,

111 1459 175 1492 ne
197 1469 265 1478 -
289 1445 504 1505 recipiat
539 1444 777 1494 civitate?
819 1443 940 1504 quia
970 1449 1231 1505 exceptum
1265 1455 1369 1489 non
1409 1443 1609 1490 videtur
1641 1445 1693 1491 in
1722 1445 1989 1511 archetypo
2023 1445 2206 1506 fuisse,

114 1526 216 1573 quo
239 1511 416 1573 verbo,
437 1513 490 1561 in
510 1510 886 1574 praepositione
904 1510 1099 1570 addita,
1118 1524 1248 1572 quae
1268 1507 1419 1558 facile
1440 1508 1713 1559 oblitterari
1726 1514 1905 1575 potuit,
1927 1529 2027 1564 non
2056 1530 2209 1580 aegre

113 1593 366 1630 caremus.
409 1579 575 1638 Verba
608 1593 738 1641 quae
769 1586 1075 1642 sequuntur:
1104 1579 1156 1628 si
1181 1577 1375 1644 quidem
1406 1585 1779 1629 sacrosanctam
1802 1587 1893 1639 est,
1927 1583 2077 1632 credo
2114 1598 2209 1649 ego

109 1663 246 1698 nunc
277 1663 393 1698 cnm
423 1648 694 1699 GaratonIo
730 1656 882 1711 atque
910 1647 1169 1714 Madvigio
1207 1648 1279 1697 ita
1303 1647 1574 1697 scribenda
1598 1662 1737 1698 esse:
1773 1647 1854 1699 SI
1883 1649 2059 1712 QUID
2094 1650 2210 1701 SA·

105 1715 591 1770 GROSANGTUM
619 1715 774 1767 EST.
807 1716 874 1768 cf.
908 1718 959 1781 5.
1005 1716 1121 1771 33..
1149 1717 1200 1780 5.
1240 1714 1326 1767 33.
1364 1725 1743 1768 sacrosanctum
1777 1717 2056 1768 tollendum
2094 1735 2212 1769 cen-

105 1795 183 1836 set
218 1784 531 1854 Madvigium
587 1787 725 1848 Quae
763 1786 1002 1851 deinceps
1037 1793 1319 1850 sequuntur
1350 1787 1522 1848 verba,
1562 1787 1686 1837 mihi
1720 1786 1889 1837 adhuc
1921 1789 2044 1838 vitio
2073 1786 2212 1839 labo·

106 1871 216 1907 rare
248 1855 498 1916 videntur,
536 1856 599 1906 de
630 1855 814 1920 quibus
848 1856 1080 1906 conferas
1105 1864 1309 1920 praeter
1342 1854 1664 1924 Madvigium
1701 1856 1736 1911 l.
1761 1874 1805 1908 c.
1846 1871 1897 1923 p.
1932 1856 2018 1909 34.
2054 1859 2207 1908 etiam

105 1923 572 1991 Nipperdeium
618 1925 672 1976 in
707 1922 1079 1977 Schneidewini
1107 1923 1369 1991 Philolopo
1400 1925 1502 1977 vol.
1546 1927 1631 1977 111.
1668 1941 1721 1991 p.
1758 1924 1877 1979 143.
1953 1925 2077 1992 Cap.
2117 1927 2202 1983 16.

104 1995 153 2055 S.
189 1994 276 2046 35.
317 2003 367 2046 et
394 1996 444 2058 5.
473 1994 559 2047 36.
593 1996 674 2046 bis
710 1996 893 2061 scripsi
929 1994 1455 2047 CONSERVANTO
1485 2011 1578 2060 pro
1607 1994 2078 2048 CONSERVATO
2114 2014 2206 2048 au-

107 2072 244 2114 ctore
280 2062 557 2130 Lambiuo,
602 2079 752 2128 quem
787 2072 921 2114 recte
964 2064 1267 2115 Garatonius
1306 2071 1354 2114 et
1388 2063 1679 2131 Madvigius
1726 2066 2043 2130 sequendum
2092 2082 2206 2118 esse

106 2133 543 2185 existimaverunt.
588 2131 708 2198 cap.
740 2133 822 2184 17.
858 2134 907 2195 §.
941 2130 1026 2185 39.
1069 2133 1301 2183 lacunam
1331 2141 1448 2198 post
1477 2135 1789 2197 inferrentur
1823 2145 2030 2186 auclore
2061 2134 2206 2185 Mad·

106 2201 244 2267 vigio
282 2203 464 2267 posui,
506 2202 559 2253 in
607 2217 707 2264 qua
744 2216 926 2252 nomen
968 2203 1193 2252 hostium
1230 2201 1397 2253 >latere
1446 2204 1663 2253 videtur.
1738 2202 1861 2269 Cap.
1902 2204 1981 2254 18.
2023 2206 2073 2266 5.
2113 2204 2202 2257 41.

102 2270 242 2333 quod
279 2270 467 2335 scripsi
502 2284 662 2320 nunc:
698 2271 971 2334 Proferam
1009 2279 1283 2322 tesseram:
1318 2272 1512 2336 legatos
1555 2274 1756 2334 excito.-
1801 2274 2099 2325 laudatores
2135 2273 2211 2323 ad

99 2338 190 2389 hoc
227 2340 460 2390 iudicium
485 2365 556 2377 —
581 2340 938 2403 deprecatores
969 2340 1113 2390 nicius
1137 2342 1362 2404 periculi
1390 2337 1565 2392 missos
1598 2342 1797 2392 videtis.
1835 2357 1928 2408 pro
1969 2341 2203 2408 vulgatoz

103 2408 379 2473 Proferam
413 2416 564 2459 testes
579 2446 595 2475 ,
636 2410 902 2474 proferam
938 2410 1156 2475 legatos.-
1201 2408 1441 2461 excitabo
1476 2407 1795 2476 laadatores,
1818 2423 1830 2433 ·
1845 2426 1968 2476 quos
2003 2413 2081 2462 ad
2110 2409 2206 2461 hoo

99 2478 334 2528 iudicium
353 2507 424 2519 —
441 2479 800 2544 deprecatores
827 2478 972 2529 huius
995 2480 1213 2542 periculi
1242 2479 1418 2529 missos
1450 2480 1645 2534 videtis.
1686 2486 1765 2530 est
1792 2480 2019 2531 eiusdem
2058 2478 2204 2529 Mad-

101 2547 231 2613 vigii
264 2543 500 2614 acumine
531 2564 558 2598 e
585 2547 826 2598 librorum
858 2547 1093 2613 vestigiis
1126 2547 1383 2612 praeclare
1411 2550 1715 2599 restitutum.
1754 2545 1858 2599 Sed
1886 2549 2052 2613 paullo
2083 2555 2204 2614 post

99 2616 148 2677 5.
187 2618 277 2667 42.
317 2616 538 2666 hominis
575 2617 857 2667 doctissimi
891 2617 1137 2667 iudicium
1180 2617 1397 2681 probare
1438 2632 1539 2667 non
1576 2619 1748 2683 potui,
1798 2618 1936 2679 quod
1969 2618 2202 2668 indicium

97 2686 422 2749 interponere
469 2685 648 2736 maluit
689 2686 911 2736 scribere
959 2701 1112 2749 quam
1160 2686 1403 2737 iudicimn.
1479 2686 1605 2736 Nam
1642 2701 1799 2751 quum
1834 2694 1882 2736 et
1918 2694 2034 2736 ante
2068 2687 2202 2737 iudi-

96 2763 249 2804 caret
278 2755 476 2805 dicatur
511 2766 560 2805 et
599 2755 839 2820 deinceps
872 2768 1046 2804 rursus
1080 2754 1323 2819 iudicare,
1362 2754 1488 2804 mihi
1517 2756 1717 2806 videtur
1748 2755 1902 2805 etiam
1939 2755 1990 2804 in
2030 2754 2199 2805 medio

100 2825 329 2873 membro
376 2825 703 2875 obtinendum
748 2839 860 2874 esse
906 2824 1135 2873 iudicium
1180 2826 1520 2887 interponere.
1606 2824 1781 2887 Neque
1825 2839 1920 2889 ego
1968 2823 2200 2873 indicium

94 2894 426 2956 interponere
463 2908 680 2957 usquam
724 2891 846 2959 legi.
922 2892 1252 2956 Interponere
1299 2893 1529 2944 iudicium
1569 2894 1623 2944 in
1664 2892 1822 2943 simili
1870 2892 1982 2942 loco
2014 2892 2201 2942 dicitur

95 2962 161 3012 de
201 2962 501 3013 divinatione
537 2962 626 3013 lib.
667 2961 728 3014 11.
764 2977 877 3027 cap.
911 2962 994 3012 72.
1036 2965 1086 3023 5.
1123 2962 1240 3015 150.
1280 2978 1423 3027 quum
1470 2970 1633 3013 autem
1661 2963 1922 3026 proprium
1956 2962 2023 3011 sit
2057 2960 2197 3012 Aca·

94 3030 293 3083 demine
328 3033 558 3083 iudicium
591 3047 730 3082 suum
767 3033 946 3082 nullam
973 3032 1309 3095 interponere.
1349 3033 1426 3082 ad
1455 3033 1675 3084 Atticm
1710 3031 1797 3083 lib.
1838 3031 1975 3082 vm.
2012 3045 2093 3096 ep.
2137 3029 2191 3081 3.

92 3100 144 3161 5.
184 3102 235 3151 7.
289 3100 441 3152 Haec
475 3109 524 3151 te
555 3102 688 3151 scire
731 3102 866 3151 volui
904 3101 1183 3166 scripsique
1232 3101 1490 3153 sedatiore
1532 3103 1724 3167 annno,
1776 3115 1922 3166 quam
1964 3100 2195 3162 proxime

91 3170 434 3234 scripseram,
479 3171 658 3220 nullum
690 3185 842 3219 meum
886 3171 1112 3221 iudicium
1145 3173 1495 3235 interponens,
1530 3170 1628 3221 sed
1657 3171 1931 3236 exquirens
1961 3175 2107 3220 tamn.
2144 3174 2195 3216 et
2291 3239 2300 3243 ν

92 3237 246 3290 alias.
326 3239 431 3289 Sed
454 3240 523 3323 ,3⁹
563 3238 650 3290 43.
689 3246 912 3303 saeptum
951 3254 1086 3289 nunc
1133 3238 1393 3304 Madvigio
1444 3247 1649 3322 auctore
1694 3254 1760 3290 ex
1802 3238 2009 3303 optimis
2048 3236 2194 3287 libris

92 3308 269 3429 {edeiedp‘i
314 3316 816 3444 Ρὲἓρῗηὲἴειξῳέαέ.
836 3306 1230 3428 ΙὲὲἒὲἐωῙῗέοξ.
1245 3307 2192 3439 εέὃῐοοῖῖὺᾝοῑιῖἳιᾱῗὶῗιᾶῖἓωίῗιῗ

92 3443 183 3497 1110
213 3447 369 3499 enim‘
387 3446 580 3498 collatis
609 3446 736 3496 locis
772 3444 1100 3497 Plutarchi
1134 3446 1186 3495 in
1219 3446 1326 3496 vita
1348 3444 1515 3495 Marii
1539 3460 1582 3494 c.
1615 3443 1703 3495 28.
1739 3453 1787 3496 et
1829 3446 1875 3492 in
1915 3454 2049 3512 apop
2082 3439 2189 3490 tlte-

86 3518 276 3579 amatis
310 3532 420 3582 req.
454 3524 507 3567 et
540 3518 770 3580 imperat.
810 3529 867 3580 p.
891 3512 976 3564 81.
1005 3514 1086 3564 ed.
1118 3513 1345 3565 Tauchn.
1378 3521 1485 3562 tum
1519 3514 1721 3563 Valerii
1752 3512 1976 3562 Maximi
2004 3508 2094 3554 lib.
2120 3505 2186 3550 V.
2277 3531 2282 3534 -

89 3599 205 3651 cap.
244 3587 300 3636 2.
338 3586 391 3647 5.
429 3584 480 3637 8.
521 3595 570 3635 et
610 3583 764 3634 huius
809 3583 976 3648 ipsius
1010 3581 1254 3633 orationis
1296 3582 1344 3641 5.
1380 3580 1465 3629 50.
1514 3581 1590 3627 sic
1625 3578 1734 3626 fere
1774 3577 1911 3634 hanc
1946 3572 2189 3618 lacunam

90 3654 410 3717 explendam
455 3655 678 3719 putavit:
725 3665 797 3701 ex
832 3650 1109 3714 foederato
1148 3648 1334 3710 populo
1375 3644 1777 3757 hlainatinmbs*
1797 3639 1925 3719 taem
1963 3630 2191 3677 cohortes
