2514 3928
185 269 271 321 -ιςι
802 256 971 320 CAP.
1001 265 1162 316 12-—
1177 267 1267 317 14.·
1298 263 1350 321 s.
1381 266 1548 318 33-
1563 267 1651 321 37.
1933 255 1951 273 ⁶
2147 260 2274 324 243
2338 230 2343 233 ⁸

196 424 394 486 Clodii
436 432 630 487 morte
677 422 913 483 cecidit.
999 422 1133 489 Vos
1161 420 1369 496 adepti
1397 425 1576 491 estis,
1605 439 1684 482 ne
1715 440 1899 499 quem
1929 424 2126 497 civem
2147 444 2275 489 me-

200 507 482 569 tueretis.
513 507 613 565 hic
636 503 1132 566 exercitationem
1164 503 1433 578 virtutiS,
1460 468 1960 580 suffragationem
1991 512 2273 583 consula-

202 608 321 663 ιιι3,
346 591 573 650 sontem
602 604 935 663 perennem
964 586 1197 662 gloriae
1225 602 1379 648 suae
1421 584 1703 662 perdidit.
1780 591 2004 666 ltaque
2025 592 2272 671 Milonis

199 673 581 742 consulatuS,
626 671 730 746 qui
761 671 902 731 vivo
934 668 1146 731 Clodio
1176 670 1533 731 labefactari
1562 688 1685 741 non
1733 676 2000 750 poterat,
2029 666 2272 753 mortuo
2334 746 2349 755 f

201 754 466 833 denique
500 756 772 830 temptari
806 763 1065 829 coeptus
1106 763 1220 815 est.
1274 755 1442 815 Νοιι
1485 739 1669 816 modo
1699 753 1883 830 igitur
1912 757 2060 818 nihil
2089 762 2269 834 prod-

198 849 326 914 est,
378 840 492 900 sed
534 840 713 899 obest
755 838 933 905 etiam
963 837 1052 897 P.
1062 837 1256 907 Clodii
1298 855 1467 919 mors
1507 836 1738 898 Miloni.
1833 837 1936 900 35.
1974 842 2057 901 At
2083 843 2275 904 valuit

201 924 430 998 odium,
459 920 602 984 fecit
632 920 842 996 iratuS,
873 923 1016 983 fecit
1042 921 1343 995 inimicuS,
1369 923 1487 987 suit,
1503 923 1663 984 ultor
1682 918 1963 999 iniuriae,
1990 924 2274 1001 poenitor

105 1028 109 1032 Α
197 1007 433 1068 doloris
466 1006 580 1067 sui.
670 1005 869 1079 Quid?
903 1004 960 1076 si
987 1005 1141 1102 haec
1187 1023 1311 1071 non
1356 1005 1496 1066 dico
1519 1003 1752 1066 maiora
1782 1008 2026 1068 suerunt
2049 1004 2112 1068 in
2137 1008 2272 1069 Clo·

136 1135 140 1139 .
198 1092 299 1150 dio
335 1106 518 1165 quam
553 1092 613 1148 in
634 1090 899 1160 Milone,
941 1090 1056 1151 sed
1087 1087 1146 1155 in
1167 1087 1282 1153 illo
1315 1089 1595 1161 maxima,
1636 1089 1846 1153 nulla·
1830 1108 1889 1150 in
1919 1076 2085 1164 hoc?
2124 1092 2271 1168 quid

199 1193 234 1231 v
242 1175 380 1235 ultis
411 1171 672 1249 amplius
686 1181 717 1231 ἰ
746 1171 902 1245 Quid
930 1171 1089 1230 enim
1120 1170 1358 1232 odisset
1389 1172 1661 1244 Clodium
1690 1172 1860 1247 Milo,
1893 1185 2167 1251 segetem
2197 1192 2272 1236 ac

200 1258 505 1316 materiem
536 1271 686 1314 suae
713 1252 977 1328 gloriae,
1005 1261 1249 1329 praeter
1278 1254 1398 1312 hoc
1429 1254 1608 1314 civile
1639 1250 1865 1330 odium,
1898 1262 2022 1331 quo
2054 1275 2270 1323 omnes

200 1339 515 1413 improbos
556 1338 843 1401 odimus?
884 1337 991 1403 Ine
1029 1343 1159 1396 erat
1186 1345 1253 1397 ιιι
1287 1336 1526 1397 odisset
1570 1339 1832 1413 primum
1876 1341 2272 1413 defensorem

198 1423 412 1484 salutis
435 1437 627 1489 meae,
661 1420 884 1481 deinde
916 1428 1269 1480 vexatorem
1299 1419 1541 1492 furoriS‚
1577 1419 1939 1494 domitorem
1967 1438 2272 1483 armorum

197 1523 479 1577 suorum,
526 1515 840 1580 postremo
869 1502 1050 1563 etiam
1082 1511 1506 1569 accusatorem
1536 1518 1746 1562 suum·
1788 1520 1935 1567 reus
1970 1506 2129 1564 enim
2160 1504 2272 1564 Mi-

196 1588 357 1651 lonis
386 1550 524 1664 leg⁷e
544 1586 735 1648 Plotia
759 1586 869 1649 fuit
898 1585 1165 1656 Clodius,
1198 1586 1404 1661 quoad
1429 1585 1596 1647 vixit.
1634 1587 1765 1659 Quo
1794 1587 2036 1659 tandem
2064 1587 2269 1649 animo
2302 1612 2303 1615 ¹

197 1675 315 1734 hoc
344 1681 667 1749 tyrannum
695 1670 864 1731 illum
896 1668 1112 1732 tulisse
1140 1667 1434 1730 creditis?
1466 1677 1758 1744 quantum
1787 1670 1994 1730 odium
2016 1669 2180 1731 illius
2213 1680 2265 1735 e!

195 1758 257 1816 in
280 1755 536 1822 homine,
558 1755 781 1819 iniusto
813 1770 997 1829 quam
1018 1752 1200 1814 etiam
1230 1751 1455 1814 iustum
1488 1752 1730 1813 fuisse?

318 1841 477 1900 XIV.
500 1840 601 1901 36.
625 1841 1081 1914 Reliquumjest
1109 1845 1177 1897 ut
1198 1835 1321 1897 iam
1349 1835 1518 1898 illum
1542 1845 1757 1897 natura
1780 1835 2273 1911 ipsius-consue—

200 1924 472 1999 tudoque
500 1923 817 1993 defendat,
843 1923 1005 1982 hunc
1029 1929 1231 1986 autem
1261 1920 1415 1982 haec
1438 1920 1656 1981 eadem
1685 1929 2041 1997 coarguant.
2100 1918 2273 1986 Nihil

200 2022 307 2082 per
338 2006 460 2065 vim
481 2022 771 2080 umquam
797 2004 1078 2076 ClodiuS,
1120 2003 1325 2064 omnia
1368 2020 1479 2078 per
1505 2003 1628 2064 vim
1655 2004 1825 2064 Milo.
1912 1999 2106 2079 Quid?
2131 2018 2268 2080 ege,

196 2089 433 2150 iudices
458 2131 477 2161 ,
516 2105 703 2162 quum
759 2085 1167 2147 maerentibus
1212 2086 1392 2147 vobis
1449 2086 1600 2147 urbe
1648 2086 1841 2159 cessi,
1898 2086 2272 2149 iudiciumne

199 2170 412 2232 timui?
448 2186 571 2231 non
598 2186 845 2243 servoS,
882 2186 1005 2230 non
1029 2186 1225 2243 arma,
1271 2187 1394 2230 non
1420 2168 1586 2230 vim?
1615 2171 1784 2244 Quae
1826 2169 2048 2236 fuisset
2092 2170 2273 2246 igitur

197 2255 357 2315 iusta
404 2270 592 2315 causa
643 2252 1002 2315 restituendi
1057 2252 1211 2329 mei,
1265 2251 1387 2315 nisi
1426 2251 1647 2316 fuisset
1683 2253 1908 2315 iniusta
1948 2251 2273 2314 eiiciendi?

196 2337 368 2399 Diem
396 2334 572 2409 mihi,
606 2338 820 2410 crede,
847 2335 1112 2410 dixerat,
1184 2340 1429 2397 umnam
1460 2336 1776 2414 irrogarat,
1799 2336 2103 2398 actionem
2132 2352 2271 2413 per—

194 2419 523 2483 (ιιιεΙΙίοιιί3
550 2383 920 2495 intenderat,
961 2428 1022 2481 et
1050 2419 1195 2480 mihi
1223 2418 1553 2482 videlicet
1535 2438 1598 2481 ιιι
1627 2437 1820 2482 causa
1849 2429 1953 2482 aut
1981 2421 2141 2481 mala
2169 2428 2275 2481 aut

194 2522 349 2577 mea,
380 2497 502 2566 non
525 2515 587 2567 et
612 2502 1098 2580 praeclarissima
1122 2513 1183 2563 et
1212 2512 1436 2573 vestra,
1463 2502 1755 2565 iudicium
1784 2503 2118 2574 timendum
2140 2503 2271 2563 fuit.

193 2590 528 2651 Servorum
567 2596 627 2649 et
663 2586 969 2663 egentium
1006 2585 1228 2647 civium
1259 2595 1320 2647 et
1342 2585 1834 2648 facinorosorum
1879 2584 2063 2656 armis
2098 2601 2272 2645 meos

192 2670 397 2745 civeS,
453 2670 607 2744 meis
656 2669 932 2736 consiliis
974 2668 1393 2746 periculisque
1433 2678 1743 2743 servatos,
1798 2685 1910 2744 pro
1952 2684 2050 2738 me
2090 2666 2272 2729 obiici

194 2754 381 2816 nolui.
419 2753 527 2816 37.
553 2753 701 2824 Vidi
727 2753 910 2828 enim,
944 2751 1072 2820 vidi
1100 2753 1264 2813 hunc
1293 2749 1494 2828 ipsum
1525 2752 1592 2826 Q.
1619 2749 2043 2825 Hortensium,
2069 2752 2272 2813 lumen

193 2847 255 2899 et
283 2847 705 2900 ornamentum
731 2836 822 2899 rei
843 2835 1155 2914 publicae,
1202 2852 1402 2911 paene
1427 2833 1686 2897 interfici
1719 2850 2039 2895 servorum
2068 2851 2268 2906 manu,

197 2940 385 2997 quum
431 2920 577 2982 mihi
613 2923 892 2992 adesset·
946 2938 1067 2996 qua
1111 2918 1173 2979 in
1210 2919 1389 2979 turba
1423 2918 1487 2979 C.
1511 2918 1814 2979 Vibienus
1853 2927 2133 2991 senator,
2177 2919 2274 2978 vir

195 3004 487 3104 optimus,
517 3022 656 3067 cum
678 3005 798 3074 hoc
825 3020 1011 3078 quum
1034 3010 1210 3070 ε33ει
1226 3019 1372 3076 una,
1400 3001 1483 3063 ita
1507 3011 1602 3064 cst
1620 3003 1952 3075 mulcatus,
2000 3011 2067 3063 ut
2087 3002 2273 3063 vitam
2351 3000 2359 3008 '

192 3087 485 3151 amiserit.
571 3090 786 3164 Itaque
833 3087 1080 3164 quando
1108 3084 1272 3147 illius
1296 3094 1518 3161 postea
1547 3084 1678 3147 sica
1698 3084 1838 3168 illa,
1881 3102 2063 3162 quam
2096 3103 2135 3145 a
2163 3085 2271 3145 ea-

192 3174 367 3235 tilina
396 3178 755 3248 acceperat,
794 3168 1191 3245 conquievit?
1230 3169 1401 3230 Haec
1440 3169 1731 3232 intentata
1770 3147 1952 3244 nobis
1982 3177 2108 3242 est,
2133 3166 2274 3232 huic

189 3273 315 3332 ego
360 3272 475 3317 vos
499 3255 684 3318 obiici
704 3270 818 3331 pro
846 3269 946 3314 me
967 3269 1091 3315 non
1123 3270 1263 3315 sum
1287 3268 1550 3329 passus,
1597 3253 1751 3314 haec
1774 3237 2061 3311 insidiata
2092 3214 2274 3311 'Pom-

195 3338 342 3413 peio
366 3350 481 3411 est,
511 3333 666 3401 haec
688 3338 865 3399 istam
888 3336 1170 3412 Appiam,
1217 3335 1656 3400 monimentum
1678 3332 1776 3397 sui
1809 3332 2092 3404 nominis,
2124 3345 2275 3391 nece

193 3419 422 3496 Papirii
458 3418 825 3494 cruentavit,
865 3418 1054 3495 haec,
1097 3419 1254 3481 haec
1293 3420 1512 3481 eadem
1551 3420 1736 3493 longo
1779 3415 2097 3476 intervallo
2129 3426 2273 3472 con-

193 3521 391 3569 versa
414 3520 633 3570 rursus
660 3509 765 3565 est:
783 3501 848 3564 in
880 3518 1008 3565 me·
1054 3520 1254 3582 nuper
1281 3502 1560 3579 quidem,
1585 3509 1662 3567 ιιι
1701 3496 1901 3638 εῗίἑίῗ,
1945 3509 2044 3551 me
2070 3492 2151 3549 ad
2180 3501 2272 3546 re·-
