2514 3928
2217 292 2258 315 Q

822 304 993 364 CAP.
1023 310 1188 360 5—8.
1229 306 1286 377 §-
1317 307 1551 358 12—18.
2225 317 2245 351 t

187 469 499 530 communi
526 461 729 531 omnia
748 468 1136 544 reperientur
1149 469 1216 528 P.
1235 468 1420 529 Sestii
1438 469 1615 540 lacta,
1640 464 1820 533 dicta,
1844 461 2099 524 consilia
2120 475 2260 521 ver·

192 563 343 612 sata.
401 555 531 613 VII.
566 554 831 614 Futurus
871 561 1002 612 erat
1036 553 1136 613 ille
1159 570 1358 612 annus
1384 549 1585 612 iamin
1609 564 1679 610 re
1700 546 1964 624 publica,
1998 545 2255 612 iudices,

192 647 376 704 quum
407 630 467 690 in
504 645 723 706 magno
755 638 923 690 motu
955 638 1015 689 et
1045 631 1368 690 multorum
1405 629 1617 689 timore
1646 628 1915 689 intentus
1949 636 2047 689 est
2079 644 2264 687 arcus

192 713 250 772 in
280 730 379 773 me
406 729 623 788 unum,
671 712 829 774 sicut
871 714 1055 789 vulgo
1098 713 1291 787 ignari
1322 728 1522 772 rerum
1554 712 1990 787 loquebantur,
2029 726 2097 769 re
2132 711 2263 786 qui-

191 799 327 857 dem
356 812 499 856 vera
521 797 578 856 in
606 796 950 857 universam
983 813 1110 856 rem
1139 795 1475 872 publicam,
1511 795 1892 856 traductione
1914 794 1994 854 ad
2024 794 2265 870 plebem

188 879 497 941 furibundi
520 880 782 941 hominis
804 896 878 940 ac
903 880 1151 955 perditi,
1185 879 1332 939 mihi
1354 877 1519 950 irati,
1556 878 1672 939 sed
1695 879 1884 951 multo
1912 877 2114 938 acrius
2159 875 2264 936 otii

189 972 250 1024 et
283 966 621 1024 communis
655 964 867 1024 salutis
897 961 1140 1023 inimici.
1214 964 1391 1023 Hunc
1437 961 1530 1021 vir
1569 961 1950 1023 clarissimus
1994 960 2266 1035 mihique

185 1047 389 1108 multis
416 1046 899 1123 repugnantibus
927 1046 1369 1118 amicissimus,
1404 1046 1510 1106 Cn.
1532 1043 1896 1121 Pompeius,
1926 1043 2092 1105 omni
2122 1061 2266 1104 cau·

185 1130 382 1201 tione,
431 1132 714 1204 foedere,
768 1130 1192 1191 exsecratione
1243 1129 1606 1190 devinxerat
1660 1127 1808 1189 nihil
1854 1129 1914 1188 in
1956 1127 2265 1190 tribunatu

185 1223 400 1275 contra
444 1231 541 1274 me
588 1230 734 1274 esse
776 1216 1091 1274 facturum.
1175 1213 1354 1287 Quod
1392 1212 1493 1272 ille
1527 1210 1829 1284 nefarius,
1879 1228 1958 1273 ex
1994 1210 2263 1272 omnium

184 1298 490 1356 scelerum
532 1297 878 1358 colluvione
909 1305 1122 1369 natuS,
1165 1312 1379 1372 parum
1410 1312 1479 1355 se
1520 1297 1740 1356 foedus
1775 1295 2139 1357 violaturum
2168 1311 2239 1354 a:

186 1379 448 1439 bitratus
482 1386 611 1450 est,
644 1379 764 1437 nisi
791 1378 994 1452 ipsum
1026 1386 1339 1438 cautorem
1362 1377 1542 1437 alieni
1565 1379 1817 1452 periculi
1841 1379 1971 1439 suis
1996 1375 2265 1454 propri:‚

193 1461 487 1534 periculis
514 1459 852 1521 terruisset.
911 1459 1011 1522 16.
1044 1461 1217 1519 Hanc
1246 1467 1505 1519 taetram
1531 1458 1979 1535 immanemque
2003 1462 2266 1536 beluam,

193 1543 457 1603 vinctam
507 1542 835 1618 auspiciis,
893 1542 1222 1618 adligatam
1276 1558 1448 1603 more
1495 1540 1824 1614 manrum,
1880 1544 2269 1603 constrictam

184 1629 393 1702 legum
425 1636 798 1688 sacratarum
833 1626 1094 1699 catenis,
1142 1624 1326 1687 solvit
1358 1625 1559 1687 subito
1591 1626 1729 1701 lege
1761 1624 1991 1686 curiata
2034 1626 2271 1700 consul,

185 1713 316 1779 vel,
361 1717 428 1771 ut
467 1727 583 1786 ego
625 1709 915 1783 arbitror,
955 1719 1275 1782 exoratuS,
1322 1711 1451 1781 vel,
1499 1717 1566 1771 ut
1607 1726 1731 1770 non
1774 1725 1954 1770 nemo
1999 1709 2271 1784 putabat,

184 1793 332 1854 mihi
374 1793 594 1866 iratuS,
643 1795 890 1868 ignarus
935 1794 1181 1870 quidem
1222 1802 1388 1854 certe
1428 1801 1489 1854 et
1517 1791 1878 1868 imprudens
1909 1792 2268 1870 impenden-

182 1877 332 1938 tium
379 1885 680 1939 tantorum
723 1879 1024 1939 scelerum
1067 1886 1129 1939 et
1171 1880 1487 1938 malorum.
1576 1877 1689 1951 Qui
1744 1877 2023 1939 tribunus
2063 1875 2265 1952 plebis

182 1960 334 2021 felix
373 1961 434 2022 in
474 1962 807 2023 evertenda
846 1978 914 2022 re
956 1960 1201 2038 publica
1238 1961 1351 2022 l'uit
1393 1959 1574 2023 nullis
1619 1962 1751 2025 suis
1784 1961 1990 2023 nervis
2031 1995 2120 2007 --
2158 1960 2266 2036 qui

179 2044 346 2105 enim
392 2046 450 2105 in
483 2045 618 2106 eius
649 2046 813 2106 modi
846 2045 968 2107 vita
997 2046 1168 2106 nervi
1199 2054 1529 2121 potuerunt
1554 2061 1700 2107 esse
1743 2045 2007 2107 hominis
2051 2047 2263 2107 frater-

186 2129 281 2187 nis
300 2128 565 2203 flagitiiS,
590 2128 844 2189 sororiis
863 2128 1112 2205 stupriS‚
1141 2128 1304 2190 omni
1324 2130 1597 2190 inaudita
1615 2127 1864 2190 libidine
1885 2128 2125 2189 infamis
2140 2137 2258 2187 2-

183 2207 291 2273 17.
328 2212 439 2272 sed
471 2210 581 2271 l'uit
606 2212 878 2287 prolecto
906 2213 1206 2287 quaedam
1233 2212 1337 2271 illa
1360 2212 1450 2273 rei
1474 2211 1757 2287 publicae
1777 2213 2019 2274 fortuna
2043 2212 2263 2286 sataliS,

180 2303 253 2355 ut
302 2294 402 2354 ille
446 2310 669 2355 caecus
714 2303 898 2370 atque
943 2313 1154 2357 amens
1205 2295 1483 2357 tribunus
1533 2294 1732 2371 plebis
1782 2296 2263 2368 nancisceretur,

183 2378 338 2453 quid
371 2377 569 2438 dicam
601 2381 934 2439 consules?
975 2379 1194 2440 hocine
1228 2388 1296 2440 ut
1323 2395 1440 2455 ego
1476 2378 1724 2441 nomine
1752 2381 2057 2456 appellem
2089 2396 2264 2440 ever·

183 2477 365 2522 sores
413 2461 593 2522 huius
644 2462 910 2537 imperii,
962 2463 1311 2538 proditores
1361 2471 1605 2524 vestrae
1658 2463 1997 2539 dignitatis,
2047 2464 2268 2524 hostes

178 2546 489 2605 bonorum
521 2545 832 2606 omnium?
876 2547 981 2621 qui
1010 2547 1088 2606 ad
1129 2548 1456 2607 delendum
1489 2554 1800 2619 senatum,
1845 2545 2264 2622 adfligendum

179 2634 535 2703 equestrem
567 2629 873 2701 ordinem,
906 2630 1355 2706 exstinguenda
1384 2630 1589 2691 omnia
1617 2630 1751 2691 iura
1780 2640 1968 2707 atque
1989 2629 2266 2691 instituta

181 2712 480 2772 maiorum
513 2729 582 2772 se
623 2713 742 2772 illis
775 2713 1045 2774 fascibus
1124 2714 1468 2788 ceterisque
1508 2714 1854 2790 insignibus
1890 2713 2110 2775 summi
2152 2714 2258 2774 ho·

184 2794 357 2855 noris
388 2803 572 2871 atque
595 2795 832 2870 imperii
859 2805 1108 2857 ornatos
1132 2812 1277 2857 esse
1300 2797 1761 2858 arbitrabantur.
1820 2797 2119 2871 Quorum,
2153 2812 2266 2871 per

182 2880 344 2939 deos
386 2878 786 2941 immortales!
843 2878 896 2940 si
935 2880 1205 2940 nondum
1248 2881 1486 2941 scelera
1527 2882 1905 2956 vulneraque
1938 2880 2141 2941 inusta
2170 2877 2264 2940 rei

181 2961 471 3038 publicae
500 2961 684 3023 vultis
719 2963 1063 3035 recordari,
1100 2965 1330 3025 vultum
1366 2973 1551 3040 atque
1575 2964 1891 3025 incessum
1924 2964 2140 3026 animis
2170 2962 2260 3024 in·

181 3045 456 3108 tuemini.
536 3045 799 3106 Facilius
840 3062 1052 3108 eorum
1098 3053 1256 3108 sacta
1300 3057 1621 3109 occurrent
1663 3048 1968 3110 mentibus
2014 3048 2259 3120 vestris,

181 3131 234 3190 si
282 3145 391 3189 ora
430 3129 567 3204 ipsa
595 3129 790 3190 oculis
832 3130 1298 3206 proposueritis.
1385 3133 1546 3191 v111.
1588 3130 1688 3194 18.
1732 3134 1905 3193 Alter
1932 3129 2259 3208 unguentis

179 3211 500 3282 adfluens,
541 3212 947 3275 calamistrata
972 3230 1175 3285 coma,
1210 3213 1564 3289 despiciens
1590 3216 1878 3276 conscios
1908 3225 2259 3291 stuprorum

179 3312 256 3355 ac
287 3303 530 3356 veteres
563 3305 887 3358 vexatores
918 3299 1217 3357 aetatulae
1251 3313 1434 3370 suae,
1476 3299 1704 3373 puteali
1749 3306 1809 3359 et
1853 3301 2258 3358 feneratorum

178 3379 474 3454 gregibus
504 3378 781 3451 innatus,
828 3397 865 3439 a
896 3380 1119 3458 quibus
1149 3381 1508 3455 compulsus
1546 3379 1720 3452 olim,
1771 3398 1849 3441 ne
1881 3381 1940 3440 in
1972 3379 2258 3454 Scyllaeo

176 3462 286 3523 illo
328 3462 490 3523 aeris
522 3461 704 3523 alieni
733 3470 1041 3538 tamquam
1085 3462 1142 3521 in
1177 3465 1331 3525 freto
1365 3464 1444 3522 ad
1482 3464 1826 3524 columnam
1856 3461 2256 3520 adhaeresce·

176 3553 302 3617 ret,
354 3547 412 3605 in
452 3546 791 3607 tribunatus
831 3553 1074 3621 portum
1119 3547 1500 3621 perfugerat,
1551 3542 1977 3603 contemnebat
2018 3535 2260 3605 equites
