2514 3928
227 308 322 364 101
896 299 1060 360 CAP-
1099 310 1295 361 1—2.
1338 306 1391 366 S·
1423 310 1456 363 1
1473 333 1547 343 —
1564 308 1622 359 5.
2174 245 2303 360 399

217 448 365 514 tiam
384 466 457 511 se
481 450 786 512 dicturum
815 448 1009 508 ruisse
1030 463 1294 522 eamque
1315 464 1388 507 se
1408 466 1483 510 ac
1508 465 1574 509 re
1594 449 1838 525 publica
1869 447 2114 525 dignam
2137 498 2152 521 .
2180 447 2298 512 nisi

221 532 682 609 propinquitate
710 530 1124 608 impediretur.
1211 532 1375 607 Ergo
1407 531 1510 593 ille
1537 534 1907 593 avunculus=
1942 549 2085 595 num
2115 532 2299 596 etiam

220 633 337 678 vos
372 616 692 690 avunculi,
717 617 820 694 qui
850 614 933 676 illi
966 615 1115 679 estis
1147 614 1442 676 adsensi?

345 702 429 762 At
457 698 519 762 iu
552 717 674 780 quo
707 697 815 760 ruit
843 696 1311 761 controversia?
1348 696 1503 759 Belli
1527 714 1746 759 nomen
1785 701 2135 774 ponendum
2166 700 2297 777 qui·

219 784 362 846 dam
400 783 462 845 in
506 782 808 847 sententia
848 799 971 844 non
1017 782 1339 858 putabant=
1391 783 1709 843 tumultum
1760 782 2074 857 appellare
2115 786 2297 844 male-

217 868 394 941 bant,
443 867 639 942 ignari
670 883 790 929 non
822 866 1007 928 modo
1041 882 1299 948 rerum,
1330 866 1444 927 sed
1474 865 1655 926 etiam
1685 866 2042 926 verborum=
2095 875 2301 941 potest

219 950 381 1012 enim
423 967 565 1014 esse
606 952 832 1012 bellum
880 959 947 1012 ut
988 949 1281 1012 tumultus
1327 966 1449 1008 non
1498 947 1606 1010 sit=
1665 948 1955 1009 tumultus
1989 964 2133 1008 essc
2168 948 2301 1009 sine

217 1035 380 1095 bello
410 1052 533 1096 non
566 1042 792 1111 potest.
876 1031 938 1095 3.
985 1033 1143 1109 Quid
1173 1040 1271 1094 est
1299 1031 1463 1093 enim
1494 1031 1663 1094 aliud
1697 1029 1986 1094 tumultus
2017 1030 2136 1092 nisi
2167 1048 2301 1106 per—

220 1116 482 1180 turbatio
525 1126 718 1192 tanta,
769 1126 842 1178 ut.
876 1116 1071 1179 maior
1112 1116 1293 1178 timor
1329 1115 1599 1176 oriatur?
1647 1117 1813 1176 unde
1851 1114 2032 1179 etiam
2078 1131 2301 1176 nomen

219 1202 473 1262 ductum
506 1210 603 1261 est
631 1202 941 1263 tumultus.
987 1202 1239 1275 ·1taque
1272 1198 1540 1260 maiores
1576 1198 1770 1261 nostri
1796 1201 2114 1262 tumultum
2141 1198 2301 1260 Itali-

221 1301 392 1359 cum,
439 1285 606 1362 quod
636 1282 1200 1355 eratd01nesticuS‚
1255 1282 1571 1343 tumultum
1604 1282 1926 1354 Gallicum,
1974 1283 2142 1359 quod
2172 1292 2301 1345 erat

219 1366 434 1428 Italiae
461 1368 785 1440 finitimus,
824 1374 1143 1442 praeterea
1178 1367 1405 1426 nullum
1434 1364 1845 1426 nominabant.
1912 1365 2169 1427 Gravius
2193 1383 2299 1426 au·

221 1460 343 1512 tem
383 1451 701 1511 tumultum
743 1466 886 1511 esse
926 1466 1108 1528 quam
1138 1449 1364 1508 bellum
1390 1448 1533 1508 hinc
1566 1446 1813 1524 intelligi
1845 1458 2078 1525 potest,
2133 1449 2299 1522 quod

220 1534 382 1595 bello
429 1532 782 1595 vacationes
820 1534 1052 1604 valent,
1098 1533 1356 1593 tumultu
1383 1548 1506 1593 non
1535 1532 1762 1592 valent.
1848 1533 1938 1592 lta
1974 1532 2069 1602 fit,
2118 1547 2296 1606 quem

218 1619 301 1679 ad
335 1618 583 1679 modum
608 1614 766 1690 dixi,
799 1626 866 1678 ut
893 1617 1116 1677 bellum
1142 1616 1278 1676 sine
1307 1616 1564 1679 tumultu
1597 1613 1827 1689 possit,
1858 1616 2144 1675 tumultus
2169 1614 2300 1674 sine

219 1702 385 1762 bello
417 1717 563 1764 esse
595 1718 716 1762 non
757 1701 972 1776 possit.
1062 1699 1122 1761 4.
1166 1698 1403 1759 Etenim
1435 1716 1625 1775 quum
1653 1698 1809 1759 inter
1839 1696 2063 1758 bellum
2098 1705 2160 1758 et
2196 1713 2299 1772 pa-

220 1802 354 1847 cem
400 1783 666 1845 medium
715 1782 862 1844 nihil
912 1783 1026 1859 sit,
1071 1798 1333 1844 necesse
1370 1791 1468 1844 est
1513 1784 1860 1854 tumultum,
1915 1780 1969 1842 si
2006 1779 2148 1841 belli
2180 1796 2298 1843 non

221 1869 330 1942 sit,
378 1867 551 1944 pacis
583 1884 761 1931 essex
808 1884 930 1942 quo
965 1867 1111 1942 quid
1142 1866 1476 1927 absurdius
1511 1864 1634 1926 dici
1664 1873 1768 1926 aut
1800 1862 2138 1927 existimari
2169 1871 2302 1939 pot-

222 1960 360 2015 est?
415 1952 542 2013 Sed
569 1950 749 2013 nimis
784 1954 972 2013 multa
1007 1952 1085 2012 dc
1121 1950 1344 2012 verbm
1392 1967 1520 2011 rem
1552 1948 1757 2026 potius
1794 1949 2148 2022 videamuS,
2196 1964 2303 2024 pa·

223 2045 352 2097 tres
396 2037 757 2115 conscripti,
799 2052 981 2110 quam
1017 2034 1263 2113 quidem
1295 2033 1564 2108 intelligo
1601 2034 1790 2094 verbo
1824 2033 1955 2095 fieri
2000 2031 2303 2093 interdum

225 2117 591 2180 deteriorem
638 2119 858 2179 solere.
945 2119 1018 2177 11.
1060 2118 1333 2179 Nolimus
1375 2118 1495 2177 hoc
1536 2117 1762 2177 bellum
1805 2115 2020 2177 videri.
2110 2115 2304 2189 Quam

225 2202 410 2281 igitur
447 2199 794 2275 municipiis
829 2209 890 2261 et
930 2199 1189 2265 coloniis
1237 2201 1318 2260 ad
1352 2201 1802 2262 excludendum
1833 2197 2167 2260 Antonium
2198 2214 2302 2259 au-

227 2284 565 2347 ctoritatem
599 2285 859 2345 damus?
907 2302 1119 2360 quam,
1169 2290 1236 2344 ut
1265 2284 1483 2347 milites
1517 2285 1665 2345 fiant
1697 2282 1831 2345 sine
1864 2282 1954 2355 vi,
1987 2281 2120 2342 sine
2151 2282 2301 2341 mul-

226 2380 318 2445 ta,
366 2366 590 2441 studio,
639 2371 992 2433 voluntate?
1061 2385 1274 2444 quam,
1319 2376 1386 2429 ut
1418 2366 1713 2442 pecunias
1744 2365 1805 2427 in
1841 2382 1969 2427 rem
1997 2364 2303 2441 publicam

230 2453 671 2532 polliceantur?
756 2450 821 2512 Si
863 2451 1023 2513 enim
1056 2453 1199 2512 belli
1240 2467 1464 2511 nomen
1502 2452 1771 2523 tolletur,
1835 2448 2303 2524 municipiorum

229 2534 431 2599 studia
463 2536 779 2597 tollenture
812 2551 1158 2598 consensus
1191 2534 1404 2610 populi
1430 2534 1722 2606 Romani,
1752 2535 1857 2608 qui
1891 2533 2012 2595 iam
2046 2532 2304 2592 descen-

227 2621 315 2680 dit
341 2620 402 2679 in
434 2635 710 2694 causam,
759 2618 813 2680 si
843 2636 959 2683 nos
988 2619 1481 2694 languescimus,
1524 2616 1869 2679 debilitetur
1894 2631 2155 2677 necesse
2190 2621 2304 2674 est.

223 2702 287 2764 5.
331 2702 458 2765 Sed
485 2701 631 2781 quid
667 2704 885 2779 plura?
926 2704 998 2763 D.
1027 2702 1253 2763 Brutus
1291 2709 1712 2778 oppugnatura
1753 2718 1875 2762 non
1912 2708 2008 2761 est
2057 2700 2303 2758 bellum.

223 2785 460 2852 Mutina
488 2785 834 2847 obsidetur:
877 2803 955 2847 ne
997 2787 1113 2847 hoc
1152 2784 1398 2862 quidem
1427 2786 1657 2845 bellum
1687 2792 1803 2845 est.
1873 2781 2068 2843 Gallia
2103 2788 2309 2842 vasta-

221 2881 351 2934 tur=
395 2887 553 2947 quae
599 2886 725 2946 pax
768 2878 972 2946 potest
1011 2886 1155 2930 esse
1197 2871 1461 2930 certior?
1522 2868 1677 2929 Illud
1721 2885 1867 2929 vero
1900 2864 2055 2949 *quis
2103 2870 2307 2939 potest

106 3006 112 3011 .
223 2956 450 3019 bellum
488 2970 632 3019 esse
662 2953 887 3030 dicere,
926 2972 1048 3030 quo
1080 2954 1400 3014 consulem
1428 3000 1443 3025 ‚
1483 2950 1878 3013 fortissimum
1907 2949 2134 3020 virum,
2167 2963 2307 3009 cum

228 3038 512 3104 exercitu,
535 3036 857 3099 misimus?
896 3037 1002 3112 qui
1026 3054 1214 3115 quum
1250 3046 1419 3098 esset
1448 3035 1725 3096 infirmus
1759 3051 1838 3096 ex
1871 3032 2043 3109 gravi
2077 3029 2306 3092 diutur-

230 3139 437 3196 noque
468 3121 711 3193 morbo,
757 3122 983 3183 nullam
1026 3120 1145 3183 sibi
1188 3119 1424 3197 putavit
1452 3116 1913 3180 excusationem
1943 3132 2088 3178 esse
2120 3129 2304 3190 opor—

230 3215 396 3280 tere,
442 3222 629 3282 quum
671 3205 750 3267 ad
790 3204 881 3269 rei
925 3204 1207 3281 publicae
1242 3203 1615 3287 praesidium
1645 3210 1986 3265 vocaretur.
2076 3198 2138 3258 C.
2172 3195 2304 3273 qui-

231 3292 370 3352 dem
393 3289 620 3353 Caesar
645 3307 766 3350 non
795 3287 1412 3364 exspectavitvestra
1433 3287 1698 3358 decreta,
1735 3281 2091 3361 praesertim
2119 3295 2306 3355 quum

235 3375 380 3440 illud
413 3382 581 3436 esset
610 3372 860 3437 aetatis:
908 3374 1134 3434 bellum
1169 3378 1383 3433 contra
1411 3369 1742 3432 Antonium
1774 3385 1888 3429 sua
1916 3372 2138 3443 sponte
2168 3377 2304 3423 sus·
2378 3442 2381 3445 Ἴ

232 3456 411 3534 cepit.
496 3455 883 3520 Decernendi
921 3457 1080 3518 enim
1125 3465 1369 3529 tempus
1412 3454 1685 3515 nondum
1718 3459 1874 3512 erat=
1934 3449 2158 3510 bellum
2198 3461 2304 3538 au-

230 3549 355 3605 tem
393 3540 643 3615 gerendi
677 3550 920 3617 tempus
967 3538 1021 3601 si
1063 3535 1607 3616 praetermisisset,
1665 3533 1909 3593 videbat
1946 3546 2015 3590 ro
2064 3522 2306 3602 publica

2272 3656 2327 3697 ,Ἀ
