2514 3928
327 239 454 309 414·
618 244 693 302 IN
722 242 802 301 M.
835 215 1233 329 momen
1262 241 1546 302 ORATIO
1579 242 1999 302 PHILlppch
2027 243 2102 301 x.
2339 252 2444 305 116

853 465 993 573 vm.
1047 487 1322 586 ,Turni
1376 485 1817 578 cinnamis

436 639 529 737 ΙΝ
593 640 694 734 Μ.
756 638 1307 875 ΑΝΤΟΙΝῙΙΙΙΙξῗΞ
1302 637 1725 877 0312'1'10
1735 635 2313 750 PHILIPPICA

1290 788 1379 878 Ο.
1714 827 1717 830 Α
1776 829 1779 836 .

1018 1066 1690 1152 ARGUMENTUM.

426 1187 492 1236 M.
532 1187 671 1236 lunio
705 1185 859 1235 Bruto
902 1185 1029 1234 actis
1071 1183 1125 1236 C.
1177 1183 1408 1235 Caesaris
1444 1184 1739 1238 Macedonia
1787 1155 2078 1252 provincia,
2135 1185 2198 1235 G.
2241 1187 2420 1238 Cassia

319 1255 464 1322 Syria
515 1256 565 1303 in
604 1268 790 1303 aunum
841 1268 892 1322 p.
940 1268 991 1302 u.
1032 1269 1078 1303 c.
1116 1253 1237 1303 711.
1289 1254 1404 1303 data
1457 1262 1593 1312 erat,
1648 1254 1742 1303 sed
1794 1255 1859 1303 M.
1915 1254 2179 1303 Antonius
2239 1255 2421 1305 consul

318 1340 431 1375 cum
482 1324 537 1377 P.
574 1321 836 1373 Dolabella
883 1320 1185 1387 perfecerat,
1229 1329 1286 1371 ut
1320 1321 1502 1370 Brutus
1554 1330 1602 1371 et
1643 1320 1845 1371 Cassius
1887 1322 1952 1371 iis
1992 1323 2298 1387 provinciis
2334 1338 2427 1389 per

318 1401 522 1443 senatus
574 1392 857 1441 consultum
902 1390 1314 1450 excluderentur,
1363 1393 1419 1440 P.
1461 1404 1580 1440 vero
1616 1390 1904 1439 Dolabellae
1937 1388 2088 1457 Syria
2140 1393 2420 1455 provincia

318 1475 433 1512 cum
481 1461 692 1525 imperio
738 1466 913 1510 contra
953 1459 1166 1509 Parthos
1213 1460 1574 1512 attribueretur
1616 1474 1648 1508 a
1693 1458 1916 1524 populo,
1981 1460 2081 1509 sibi
2133 1474 2172 1509 a
2232 1472 2417 1512 amatu

319 1530 665 1580 Macedoniam
685 1529 1008 1593 ,provinciam
1050 1529 1404 1593 impetraverat
1441 1535 1593 1591 atque
1627 1529 1697 1577 ita
1732 1543 1847 1579 cum
1878 1528 1931 1579 P.
1969 1528 2254 1580 Dolabella
2288 1530 2418 1584 clam

320 1607 662 1663 transegerat,
722 1604 777 1646 ut
841 1598 1113 1646 maximam
1165 1604 1361 1661 partem
1407 1596 1560 1646 etiam
1613 1598 1723 1646 eius
1771 1596 2018 1657 exercitus
2072 1607 2223 1658 esset
2276 1614 2414 1649 acce·

318 1676 525 1732 pturus,
581 1676 730 1729 quem
790 1664 1043 1715 Dolabella
1096 1672 1266 1715 contra
1320 1664 1530 1714 Parthos
1597 1681 1625 1715 a
1681 1666 1868 1730 populo
1927 1674 2227 1729 acceperat.
2330 1667 2415 1717 nis

320 1736 468 1785 rebus
515 1734 785 1784 transactis
830 1748 923 1798 per
961 1733 1204 1798 populum
1251 1732 1363 1782 tulit
1409 1740 1463 1782 ut
1510 1733 1605 1783 sibi
1647 1733 1706 1782 D.
1757 1733 1938 1783 Brutus
1986 1733 2220 1783 Galliam
2269 1736 2414 1785 cisal-

316 1804 486 1869 pinam
520 1818 611 1867 pro
650 1802 943 1853 Macedonia
978 1803 1305 1860 concederet,
1351 1804 1459 1866 ipse
1496 1810 1663 1852 autem
1695 1803 1963 1867 imperium
1998 1803 2048 1851 in
2095 1802 2414 1854 Macedonia

317 1872 566 1924 retineret.
640 1871 803 1930 Quum
845 1878 1014 1921 autem
1055 1870 1117 1923 D.
1154 1868 1339 1921 Brutus
1385 1868 1552 1920 Gallia.
1594 1870 1843 1935 cisalpina
1890 1886 1988 1921 non
2024 1872 2290 1934 cederet,
2346 1873 2409 1925 ΙΙ.

317 1940 565 1990 Antonius
610 1941 662 1989 in
716 1948 892 1990 senatu
943 1939 1180 2006 perfecit,
1232 1946 1289 1989 ut
1344 1937 1396 1990 G.
1460 1941 1709 1991 Antonius
1763 1949 1993 2005 praetor,
2050 1940 2225 1999 frater
2287 1944 2410 1999 eius,

317 2009 661 2060 Macedoniam
697 2010 1006 2074 provinciam
1046 2011 1320 2074 acciperet,
1369 2009 1456 2072 qui
1492 2009 1550 2068 Q.
1585 2008 1846 2060 Hortensio
1885 2024 1974 2074 pro
2012 2016 2272 2074 praetore
2304 2027 2409 2060 suc·

317 2079 535 2130 cederet.
609 2079 803 2128 Interea
835 2079 902 2130 M.
934 2078 1115 2127 Brutus
1146 2085 1194 2127 et
1226 2075 1282 2127 G.
1319 2075 1550 2129 Cassius.
1598 2087 1653 2126 ut
1688 2077 1851 2127 Roma
1882 2079 2148 2140 abessent,
2206 2077 2408 2130 Cretam

316 2153 367 2197 et
402 2145 620 2212 Cyrenas
654 2147 822 2195 missi
835 2154 978 2196 erant
1024 2151 1090 2195 ad
1137 2146 1443 2195 frumentum
1475 2147 1825 2196 coemendum.
1895 2145 1969 2194 Illi
2003 2146 2238 2209 profecti
2278 2158 2405 2204 suna

316 2215 410 2265 sed
449 2231 548 2265 non
597 2216 650 2265 id
695 2215 947 2272 fecerunt,
990 2215 1125 2276 quod
1163 2214 1391 2267 voluerat
1428 2215 1493 2265 M.
1543 2216 1820 2273 Antonius,
1864 2229 2037 2265 verum
2078 2213 2136 2264 C.
2192 2215 2406 2266 Cassius

315 2284 364 2332 in
417 2284 592 2341 Asiam
638 2282 830 2332 traiecit
876 2292 924 2332 et
962 2283 1162 2364 Syriam
1200 2284 1498 2348 occupavit,
1547 2282 1615 2337 M.
1653 2283 1839 2337 Brutus
1884 2283 2187 2346 Graeciam,
2242 2284 2404 2337 Mace-

317 2352 547 2411 doniam,
612 2351 864 2415 Illyricum
909 2352 1175 2416 occupavit
1221 2353 1596 2416 exercitumque
1639 2353 1913 2410 maximum
1956 2353 2056 2401 sibi
2093 2367 2402 2417 comparare

314 2420 509 2470 studuit
534 2419 877 2484 pecuniasque
902 2419 1153 2485 publicas,
1180 2429 1234 2469 ut
1266 2435 1385 2470 suas
1412 2435 1535 2486 opes
1563 2429 1788 2485 augeret,
1823 2420 2058 2485 adripuit.
2093 2421 2174 2469 Ita
2206 2420 2399 2471 factum
2494 2440 2495 2445 ¹

315 2496 407 2549 est,
449 2495 503 2537 ιιι
536 2488 591 2541 G.
628 2490 932 2550 Antonium,
983 2489 1070 2551 qui
1104 2489 1331 2539 obtinere
1367 2487 1504 2538 illam
1543 2490 1854 2554 provinciam
1890 2488 2132 2547 debebat,
2186 2489 2400 2555 Apollo-

316 2558 467 2608 niam
501 2572 559 2608 se
612 2556 838 2608 conferre
887 2564 1089 2623 cogeret
1121 2573 1340 2620 eumque
1376 2559 1427 2609 iu
1456 2572 1520 2608 ea
1555 2559 1676 2607 urbe
1712 2559 1972 2608 obsessum
2014 2564 2237 2607 teneret.
2313 2560 2399 2608 ffis

315 2627 377 2677 de
401 2629 565 2678 rebus
594 2627 755 2692 gestis
789 2626 855 2674 M.
890 2625 1078 2677 Brutus
1105 2625 1299 2676 litteras
1333 2627 1402 2678 ad.
1434 2634 1669 2683 sensuum
1696 2627 1856 2691 misit,
1892 2627 2072 2688 quibus
2111 2625 2310 2685 adlatis
2342 2626 2393 2681 c.

314 2698 479 2746 Pansa
512 2704 743 2750 senatum
780 2696 1089 2753 convocant
1129 2707 1181 2743 ut
1212 2697 1276 2750 de
1313 2694 1394 2744 his
1430 2696 1499 2745 M
1530 2696 1670 2747 Bruti
1704 2695 1881 2745 litteris
1916 2694 2145 2745 referret.
2226 2694 2400 2746 Suasit

313 2766 467 2831 igitur
497 2762 721 2824 senatui,
767 2773 820 2814 ut
860 2779 987 2827 quae
1030 2763 1235 2812 fecisset
1271 2765 1338 2814 M.
1380 2756 1561 2814 Brutus
1599 2764 1784 2814 iudicio
1823 2779 1915 2813 suo
1951 2765 2316 2827 comprobaret
2350 2778 2399 2815 et

314 2849 439 2895 quas
476 2835 646 2898 copias
681 2835 777 2883 sibi
808 2835 916 2899 ipse
946 2838 1202 2896 parasset,
1250 2833 1299 2881 ei
1327 2834 1623 2882 auctoritate
1659 2847 1752 2882 sua
1788 2832 2123 2883 confirmat-‚et
2201 2832 2270 2892 Q.
2302 2833 2396 2883 rn-

314 2902 409 2951 fins
440 2900 671 2958 Galenus,
698 2902 784 2964 qui
809 2901 1004 2966 primus
1030 2901 1331 2950 sententiam
1359 2909 1568 2966 rogatus
1597 2909 1722 2961 erat,
1754 2901 2059 2950 existimavit
2085 2900 2159 2950 M.
2178 2898 2397 2951 Brutum

312 2976 485 3019 contra
520 2969 686 3035 legem
728 2971 911 3021 fecisse
947 2978 996 3018 et
1033 2967 1098 3021 C.
1126 2969 1348 3020 Antonio
1387 2985 1497 3020 eam
1527 2970 1841 3034 provinciam
1876 2967 2247 3018 resumendam
2281 2984 2397 3019 ωι-

312 3039 433 3090 suit.
506 3038 663 3097 Quem
701 3047 875 3088 contra
912 3039 975 3086 M.
1016 3036 1189 3089 Cicero
1226 3053 1370 3099 eam„
1407 3054 1539 3101 quae
1572 3037 1709 3091 iufra
1737 3039 1927 3103 scripta
1961 3038 2123 3091 oratio
2162 3047 2267 3095 est,
2304 3037 2395 3089 lu.-

313 3105 448 3163 buit,
498 3120 599 3168 qua
636 3105 720 3153 ille
758 3104 813 3158 C.
851 3107 1045 3156 Pansae
1082 3107 1250 3170 potius
1283 3108 1582 3169 sententiam
1618 3108 1928 3169 sequendam
1960 3121 2069 3156 esse
2102 3107 2325 3159 censuit.

439 3220 582 3281 1.1.
629 3219 1382 3299 Maximastibi,Pansa,
1436 3225 1661 3302 gratias
1706 3241 1918 3284 omnes
1959 3230 2016 3282 et
2057 3223 2294 3286 habere
2330 3234 2393 3287 et
2494 3260 2495 3303 3

312 3316 494 3375 agere
534 3302 855 3361 debemus.
904 3305 1008 3378 qui
1057 3324 1242 3381 quum
1281 3307 1575 3369 hodierno
1616 3307 1718 3368 die
1751 3315 2026 3369 senatum
2060 3313 2121 3365 te
2149 3306 2392 3371 habita·

312 3398 442 3442 rum
473 3399 593 3443 non
622 3382 1079 3462 arbitraremur,
1114 3398 1177 3450 ut
1202 3391 1283 3450 Μ.
1312 3390 1508 3463 Bruti,
1544 3390 2045 3466 praestantissimi
2079 3390 2260 3463 civiS,
2297 3391 2395 3454 tit·

312 3472 472 3524 teras
513 3465 837 3541 accepisti,
892 3484 969 3529 ne
1024 3469 1330 3532 minimam
1382 3472 1628 3549 quidem
1679 3490 1908 3535 moram
1960 3473 2395 3549 interposui&
