2514 3928
109 279 216 334 133
748 270 915 336 cAP.
946 278 977 333 7
998 305 1070 315 --
1088 280 1142 335 9.
1186 278 1246 337 S
1273 281 1431 335 17··-—
1449 283 1536 334 22.
2065 272 2189 334 431

109 423 285 496 dium
314 439 415 483 res
446 421 708 499 publica,
757 435 835 479 ne
871 419 1197 494 cogitatum
1228 420 1502 493 quidem,
1552 423 2091 496 tantum‘haberet,
2128 431 2193 484 ut

107 503 252 565 sine
276 520 350 563 eo
377 504 550 563 salva
572 519 714 564 esse
739 518 859 563 non
884 512 1118 577 posset,
1144 502 1283 563 huic
1307 503 1850 565 extraordinarium
1870 506 2190 581 imperium

107 603 239 645 non
269 587 521 645 darem?
576 587 700 646 Aut
726 583 1031 646 exercitus
1063 584 1424 645 adimendus
1451 594 1556 645 aut
1583 585 1898 660 imperium
1922 590 2191 649 dandum

111 670 249 740 ruit.
308 668 476 744 Quae
507 676 602 729 est
633 666 792 728 enim
819 666 974 728 ratio
1002 677 1108 728 aut
1141 667 1245 743 qui
1279 675 1485 744 potest
1515 667 1649 728 fieri
1677 678 1742 730 ut
1770 669 1903 731 sine
1935 670 2189 746 imperio

108 749 395 813 teneatur
436 749 785 812 exercitus?
866 751 1000 812 Non
1044 750 1252 824 igitur,
1295 752 1463 828 quod
1493 759 1769 826 ereptum
1805 769 1927 824 non
1954 762 2080 825 est,
2127 756 2192 815 id

109 834 589 896 existimandum
620 843 716 894 est
738 835 963 897 datum.
998 834 1396 909 Eripuissetis
1420 833 1482 893 C.
1511 833 1775 907 Caesari,
1813 844 2016 910 patres
2046 852 2189 896 con·

111 916 350 993 scripti,
383 915 726 991 imperium,
752 917 870 978 nisi
898 916 1248 997 dedissetis
1319 917 1541 980 Milites
1571 918 1862 993 veterani,
1899 916 2002 993 qui
2032 916 2193 979 illius

109 999 569 1074 auctoritatem,
612 998 964 1078 imperium,
1005 1016 1221 1074 nomen
1259 998 1454 1061 secuti
1494 1016 1607 1074 pro
1641 1017 1708 1060 re
1749 999 1995 1075 publica
2028 1016 2195 1059 arma

111 1092 426 1159 ceperant,
461 1083 749 1144 volebant
777 1081 895 1144 sibi
923 1082 1000 1141 ab
1026 1082 1127 1143 illo
1161 1082 1474 1159 imperari=
1517 1081 1677 1156 legio
1699 1084 1914 1143 Martia
1945 1091 2006 1143 et
2032 1082 2192 1157 legio

112 1174 333 1242 quarta
381 1165 464 1225 ita
503 1181 572 1225 se
618 1167 997 1226 contulerant
1034 1167 1111 1225 ad
1143 1167 1559 1227 auctoritatem
1594 1174 1845 1226 senatus
1876 1173 1936 1225 et
1962 1164 2051 1226 rei
2081 1182 2190 1240 pu-

109 1248 315 1309 blicae
356 1247 734 1323 dignitatem,
775 1257 843 1310 ut
883 1250 1298 1326 deposcerent
1324 1248 1749 1322 imperatorem
1786 1258 1847 1309 et
1875 1250 2093 1310 ducem
2126 1247 2190 1313 C.

115 1327 462 1393 Caesarem.
551 1331 877 1408 Imperium
910 1331 972 1392 C.
1006 1329 1253 1393 Caesari
1284 1331 1424 1393 belli
1456 1330 1826 1405 necessitas,
1862 1332 2063 1392 fasces
2094 1347 2190 1391 se-

114 1423 299 1476 natus
331 1414 517 1478 dedit.
594 1414 809 1490 Otioso
844 1431 993 1476 vero
1027 1423 1087 1476 et
1118 1414 1263 1474 nihil
1293 1414 1494 1490 agenti
1526 1413 1779 1492 privat0,
1820 1415 2081 1478 obsecro
2114 1423 2198 1490 te,

113 1499 186 1559 L.
205 1497 431 1559 Caesar
449 1530 533 1542 —-
556 1514 694 1559 cum
728 1497 1099 1573 peritissimo
1133 1496 1380 1558 homine
1402 1496 1541 1578 mihi
1566 1513 1667 1559 res
1702 1507 1798 1558 est
1818 1531 1920 1571 -—,
1945 1497 2189 1573 quando

116 1578 437 1658 imperium
474 1590 725 1643 senatus
754 1581 963 1642 dedit?

246 1665 345 1724 IX.
391 1663 515 1724 Sed
562 1664 639 1723 de
686 1664 805 1724 hoc
855 1663 1099 1738 quidem
1131 1662 1460 1734 hactenuS,
1508 1680 1586 1724 ne
1629 1663 1920 1739 refragari
1959 1662 2186 1724 homini

114 1745 492 1809 amicissimo
524 1762 597 1806 ac
629 1746 707 1806 de
735 1763 831 1808 me
863 1746 1089 1822 optime
1121 1746 1332 1807 merito
1365 1745 1591 1806 videar.
1660 1746 1788 1807 Etsi
1821 1745 1960 1822 quis
1991 1752 2197 1821 potest

117 1829 416 1905 refragari
471 1846 592 1890 non
644 1830 827 1891 modo
870 1847 990 1889 non
1038 1829 1295 1904 petenti,
1355 1845 1564 1889 verum
1616 1830 1794 1898 etiam
1850 1828 2188 1890 recusanti·

115 1911 221 1975 21.
256 1914 364 1973 llla
406 1928 589 1995 vero,
635 1922 840 1989 patres
886 1911 1245 1988 conscripti,
1286 1909 1486 1973 aliena
1522 1914 1842 1974 consulum
1885 1910 2192 1988 dignitate,

115 1996 321 2056 aliena
366 2005 703 2070 temporum
744 1997 1037 2072 gravitate
1085 1995 1385 2057 sententia
1425 2003 1548 2071 est,
1593 2006 1659 2060 ut
1693 1999 1977 2057 consules
2012 1997 2190 2056 Dola-

118 2079 318 2140 bellae
347 2079 760 2153 persequendi
796 2096 981 2141 causa
999 2079 1210 2140 Asiam
1241 2088 1303 2140 et
1324 2078 1565 2154 Syriam
1594 2078 1937 2139 sortiantur.
1979 2077 2192 2138 Dicam

117 2179 231 2223 cur
264 2160 477 2221 inutile
507 2161 595 2221 rei
624 2162 933 2237 publicae,
962 2163 1074 2223 sed
1105 2162 1278 2237 prius
1310 2177 1490 2237 quam
1520 2169 1697 2235 turpe
1726 2159 2079 2221 consulibus
2115 2160 2195 2222 sit

120 2245 345 2305 videte.
436 2244 630 2319 Quum
682 2247 896 2306 consul
948 2244 1302 2321 designatus
1343 2243 1725 2316 obsideatur,
1777 2260 1965 2319 quum
2009 2242 2069 2304 in
2115 2261 2190 2306 eo

117 2328 441 2390 liberando
484 2328 651 2388 salus
687 2326 766 2389 sit
795 2327 996 2403 posita
1035 2329 1124 2389 rei
1165 2327 1479 2404 publicae,
1524 2344 1709 2402 quum
1740 2345 1778 2389 a
1809 2328 2041 2403 populo
2071 2330 2189 2389 Ro-

117 2427 305 2472 mano
331 2409 606 2486 pestiferi
645 2410 816 2473 cives
847 2412 1310 2488 parricidaeque
1342 2410 1741 2485 desciverint,
1784 2427 2095 2488 quumque
2129 2410 2194 2472 id

117 2495 344 2555 bellum
373 2510 687 2570 geramuS,
731 2512 853 2570 quo
883 2495 1043 2555 bello
1076 2495 1153 2555 de
1182 2494 1500 2570 dignitate,
1534 2494 1613 2554 de
1638 2495 1932 2569 libertate,
1963 2494 2041 2553 de
2070 2494 2194 2553 vita

116 2578 545 2651 decernamuS,
578 2579 631 2641 si
659 2577 720 2637 in
752 2585 1114 2653 potestatem
1146 2577 1285 2653 quis
1313 2577 1562 2639 Antonii
1595 2572 1844 2650 venerit,
1876 2575 2194 2652 proposita

117 2661 244 2724 sint
265 2668 562 2722 tormenta
582 2669 767 2736 atque
791 2661 1113 2741 cruciatuS,
1141 2677 1450 2739 quumque
1472 2660 1684 2721 harum
1705 2675 1907 2725 rerum
1930 2657 2192 2719 omnium

117 2744 451 2806 decertatio
478 2745 835 2806 consulibus
865 2743 1111 2820 optimis
1141 2752 1202 2806 et
1223 2743 1571 2805 fortissimis
1595 2742 1924 2805 commissa
1946 2750 2006 2803 et
2028 2757 2193 2801 com-

117 2828 406 2888 mendata
451 2829 560 2902 sit,
602 2825 790 2889 Asiae
831 2838 891 2889 et
919 2827 1136 2906 Syriae
1176 2827 1403 2888 mentio
1445 2828 1578 2900 fiet,
1618 2835 1686 2888 ut
1724 2833 1827 2887 aut
1863 2822 2195 2901 suspitioni

119 2908 349 2973 crimen
400 2920 503 2973 aut
558 2910 823 2971 invidiae
876 2910 1183 2971 materiam
1235 2912 1485 2972 dedisse
1533 2910 1889 2971 videamur?
1972 2907 2075 2969 22.
2114 2909 2195 2970 At

118 3011 273 3057 vero
299 2993 383 3055 ita
412 2995 775 3067 decernunt,
805 3006 879 3054 ur
907 3009 1202 3054 nummo
1235 2994 1474 3056 Bam-02
1513 2991 1577 3052 id
1607 2994 1768 3054 enim
1795 2993 2092 3065 restabat,
2127 3000 2196 3053 ut

116 3078 355 3152 relict0,
386 3078 650 3149 desertO,
681 3077 950 3153 prodito.
1029 3077 1158 3152 Ego
1197 3092 1349 3138 vero
1378 3075 1744 3137 mentionem
1776 3077 2020 3137 omnino
2053 3092 2192 3150 pro-

118 3159 460 3222 vinciarum
495 3162 713 3221 factam
745 3159 883 3221 dico
914 3159 1287 3221 alienissimo
1333 3168 1625 3234 tempore.
1715 3159 2003 3236 Quamvis
2033 3158 2191 3218 enirn

121 3247 391 3305 intentus
421 3243 659 3305 animus
693 3253 829 3305 tuus
865 3244 961 3316 sit,
990 3244 1053 3304 C.
1082 3243 1298 3318 Pansa,
1329 3243 1487 3303 sicut
1515 3250 1626 3320 est,
1661 3244 1739 3304 ad
1768 3243 1962 3304 virum
1990 3240 2193 3302 sortis-

124 3326 345 3389 simum
381 3336 440 3388 et
471 3327 735 3389 omniurn
773 3327 1173 3388 clarissimum
1205 3327 1602 3401 liberandum,
1630 3334 1826 3387 tamen
1855 3340 2056 3386 rerum
2087 3339 2193 3382 na·

125 3420 265 3473 tura
307 3410 469 3486 cogit
506 3419 566 3472 tc
607 3406 958 3472 necessario
988 3411 1215 3471 referre
1244 3409 1509 3471 animum
1546 3410 1874 3485 aliquando
1903 3408 1982 3467 ad
2010 3406 2190 3465 Dola-

123 3494 348 3555 bellam
379 3496 872 3571 persequendum
898 3503 958 3556 et
993 3503 1223 3570 partem
1253 3493 1516 3569 aliquam
1546 3491 1605 3552 in
1632 3491 1840 3552 Asiam
1868 3498 1928 3550 et
1951 3486 2188 3565 Syriam
