2514 3928
135 146 270 185 κων
610 123 1003 177 PROOEMIUM
1038 121 1367 174 EDITIONIS
1406 121 1773 176 SECUNDAE.

134 267 361 316 nesciunt
395 279 424 313 e
456 263 604 316 codd.
640 262 763 325 Teg.
801 259 907 310 Eri.
946 274 1036 323 pro
1073 259 1281 324 vulgato
1315 261 1582 311 nesciverit
1615 260 1901 324 repositum
1940 269 2037 312 est.
2101 258 2233 329 cap.

134 335 215 382 26.
253 333 300 392 §-
326 333 408 381 63.
444 330 629 395 legitur
662 330 712 377 in
749 327 890 377 libris
927 336 976 376 et
1009 326 1159 376 editis
1196 338 1244 376 et
1278 327 1484 392 scriptis
1520 325 1699 391 vulgo:
1755 327 1932 378 Facile
1947 329 2123 393 patior
2161 353 2235 368 -

133 401 191 448 id
224 404 272 448 te
307 404 623 448 accusantem
655 401 758 444 tam
792 396 878 444 diu
913 395 1100 454 dicere,
1139 395 1276 459 quod
1300 409 1392 460 eqo
1418 394 1662 456 defensor
1694 394 1804 444 sine
1839 397 2067 458 periculo
2104 410 2233 459 pos·

132 467 226 516 eim
257 465 504 528 confiteri.
575 462 637 512 Et
671 477 795 512 sane
829 460 1005 511 leviter
1037 460 1327 526 inspicienti
1361 461 1490 511 satis
1523 460 1903 510 accommodata
1940 460 2065 510 haec
2099 463 2229 511 scri·

134 545 285 597 ptura
320 546 434 580 esse
467 531 516 578 vi
532 531 680 581 letur.
754 526 856 577 Sed
899 540 1058 590 quum
1099 527 1384 578 accuratius
1426 527 1597 577 locum
1649 527 2062 592 consideramus,
2119 528 2230 595 pri-

132 612 273 648 mum
319 612 421 647 non
468 597 596 647 satis
641 605 773 646 recte
817 604 1219 644 accusantem
1266 604 1315 644 et
1356 593 1757 644 defensorem
1801 594 1943 644 dicas
1989 596 2120 646 inter
2172 610 2237 645 se

136 665 351 730 opponi:
411 678 530 713 nam
565 662 940 728 exspectaveris
986 672 1075 711 aut
1118 670 1551 712 accusatorem
1595 670 1646 710 et
1688 660 2095 712 defensorem
2140 671 2234 712 aut

137 740 544 782 accusantem
580 739 629 780 et
663 728 1102 779 defendentem
1145 730 1279 778 inter
1321 743 1380 778 se
1415 728 1740 793 respondere.
1810 728 2106 791 Eodemque
2142 743 2228 777 ac-

134 801 284 859 cedit,
321 799 461 862 quod
491 797 702 847 verbum
736 795 1036 846 defensor
1072 797 1124 844 in
1160 795 1303 845 libris
1347 797 1553 861 optimis
1598 809 1698 845 non
1742 797 1870 845 satis
1907 805 2097 845 certum
2133 806 2233 848 est.

134 868 191 915 In
237 865 349 915 cod.
397 867 531 914 enim
582 863 951 928 Tegernseensi
1001 863 1187 928 legitur
1238 862 1480 924 defensor
1531 863 1628 925 ita,
1690 872 1746 912 ut
1791 874 2019 913 extrema
2064 864 2230 912 littera

134 941 322 997 puncto
358 941 529 981 notata
563 931 647 990 sit,
684 931 736 978 in
773 930 881 981 cod.
921 940 1089 980 autem
1124 928 1410 979 Erfurtensi
1445 940 1617 994 aperte
1649 930 1898 994 scriptum
1933 938 2012 980 est
2046 931 2227 993 defen-

134 1001 264 1063 sori,
301 1012 403 1048 non
448 999 710 1060 defensor,
759 1011 911 1058 quam
956 998 1018 1048 ob
1065 1012 1172 1047 rem
1218 1010 1313 1062 ego
1358 998 1567 1046 minime
1612 996 1788 1046 dubito
1835 997 1958 1060 quin
2005 996 2125 1046 olim
2174 998 2226 1046 in

135 1067 244 1116 cod.
297 1065 574 1130 archetypo
626 1064 708 1113 hic
764 1065 1011 1128 scriptum
1072 1063 1224 1113 fuerit
1268 1061 1980 1128 defensuruSmepertculo.
2048 1064 2232 1124 Itaque

135 1132 294 1183 edidi:
353 1135 408 1182 id
456 1140 503 1182 te
555 1139 871 1182 accusantem
921 1139 1021 1183 tam
1061 1134 1147 1183 diu
1189 1132 1389 1194 dicere,
1444 1133 1581 1197 quod
1628 1145 1720 1195 eqo
1769 1131 2066 1195 defensurus
2111 1133 2228 1180 sine

131 1202 362 1265 periculo
398 1201 586 1263 possim
620 1201 866 1262 confiteri.
920 1201 967 1262 §-
995 1200 1078 1250 65.
1116 1213 1250 1248 nunc
1284 1198 1475 1263 scripsi
1508 1213 1582 1248 me
1615 1213 1644 1248 e
1679 1199 1941 1262 provincia
1973 1199 2230 1247 decedere

137 1282 229 1331 pro
269 1281 345 1327 eo,
383 1266 519 1328 quod
553 1266 816 1330 superiore
849 1275 1078 1332 tempore
1121 1267 1431 1332 scripseram
1474 1281 1549 1315 me
1595 1281 1629 1314 a
1657 1266 1928 1328 provincia
1960 1265 2258 1317 decedere.·

134 1332 261 1382 Nam
289 1348 348 1382 eo
373 1343 423 1384 et
447 1334 660 1399 vestigia
684 1333 922 1384 librorum
949 1335 1140 1384 ducunt
1166 1343 1214 1383 et
1237 1332 1457 1383 formula
1486 1333 1581 1382 hac
1613 1333 1729 1397 ipsa
1763 1333 1817 1380 in
1853 1333 2080 1382 oratione
2115 1345 2229 1380 sae-

138 1403 256 1465 pius
294 1411 557 1466 usurpata.
629 1398 750 1466 Cap.
777 1403 860 1450 27.
897 1404 944 1462 ἕ.
973 1403 1058 1451 66.
1115 1401 1304 1466 Itaque
1349 1415 1414 1450 ex
1457 1399 1599 1449 libris
1647 1400 1855 1465 optimis
1890 1400 2097 1463 reposui
2137 1411 2234 1463 pro

136 1469 225 1518 Ita
272 1477 321 1518 et
366 1469 414 1530 §-
468 1470 550 1519 67.
597 1483 668 1517 ex
711 1467 834 1516 urbe
880 1469 1012 1531 afuit
1055 1469 1240 1532 scripsi
1287 1481 1380 1532 pro
1428 1483 1499 1518 ex
1541 1466 1663 1516 urbe
1699 1471 1744 1516 is
1777 1467 1925 1529 afuit.
1998 1464 2120 1531 Cap.
2145 1467 2231 1518 28.

137 1536 183 1596 §-
211 1536 293 1586 69.
331 1550 395 1584 ex
428 1535 572 1584 libris
609 1535 817 1598 optimis
854 1535 1041 1598 scripsi
1076 1551 1220 1599 quam
1257 1537 1394 1600 quod
1419 1549 1522 1598 pro
1546 1535 1759 1584 Plancio
1779 1534 1920 1596 facio
1955 1547 2051 1598 pro
2087 1548 2236 1598 quam

133 1618 235 1665 pro
282 1603 494 1652 Plancio
534 1601 675 1663 facio
721 1610 769 1651 et
811 1617 970 1666 neque
1017 1601 1216 1651 Metelli
1257 1616 1353 1666 pro
1408 1616 1567 1666 neque
1614 1597 1671 1660 Q.
1710 1600 1921 1650 Metelli.
1993 1598 2119 1665 Gap.
2144 1601 2228 1651 29.

137 1670 186 1727 §-
214 1669 294 1719 71.
331 1669 454 1718 nihil
487 1669 719 1716 timerent
755 1669 963 1732 reposui
999 1682 1092 1733 pro
1135 1684 1234 1718 non
1272 1671 1527 1728 timerent,
1574 1667 1709 1729 quod
1755 1681 1925 1717 errore
1968 1666 2022 1716 in
2065 1679 2232 1716 meam

139 1734 411 1783 editionem
456 1741 715 1798 receptum
760 1744 881 1784 erat.
955 1733 1079 1800 Cap.
1111 1738 1194 1785 31.
1239 1738 1288 1796 §-
1328 1738 1408 1787 75.
1455 1737 1769 1786 condonatus
1813 1741 1891 1785 est
1931 1735 2016 1785 ille
2052 1750 2079 1783 e
2114 1734 2233 1787 cod.

138 1801 260 1865 Teg.
297 1801 463 1865 recepi
499 1814 592 1864 pro
629 1799 839 1865 vulgato
877 1803 1191 1853 condonatus
1225 1804 1325 1856 ille.
1399 1802 1524 1867 Cap.
1552 1803 1632 1852 22.
1668 1802 1715 1863 §-
1744 1803 1825 1855 77.
1874 1803 2063 1867 scripsi
2098 1816 2234 1850 nunc

140 1868 203 1916 de
240 1864 500 1918 Garatonii
536 1868 787 1916 sententia
821 1871 1012 1933 populo
1037 1869 1261 1921 Romano
1287 1873 1336 1919 ei
1352 1871 1573 1935 qratiam
1605 1869 1810 1932 referre
1845 1882 1939 1935 pro
1979 1883 2060 1933 eo,
2098 1868 2239 1931 quod

140 1933 406 1999 superiore
450 1944 678 2000 tempore
724 1936 1059 2002 scripseram,
1108 1953 1142 1987 a
1184 1940 1373 2002 populo
1416 1936 1640 1988 Romano
1686 1938 1737 1986 ei
1774 1937 1993 2003 yratiam
2027 1937 2243 2000 referri.

143 2001 193 2064 ξ.
221 2002 303 2053 78.
341 2003 537 2067 eyerint
575 2001 773 2051 correxi
807 2018 902 2069 pro
939 2007 1116 2069 egerit,
1154 2005 1294 2067 quod
1330 2018 1499 2055 errore
1544 2019 1575 2053 a
1618 2018 1700 2052 me
1734 2013 2083 2069 propagatum
2118 2013 2239 2055 erat.

141 2070 188 2130 §-
215 2070 298 2119 78.
335 2081 385 2119 et
419 2070 878 2135 interpunctionem
912 2072 1105 2122 mutavi
1142 2083 1191 2121 et
1224 2073 1396 2137 Atque
1431 2085 1525 2136 pro
1559 2072 1724 2136 Atqui
1757 2071 1972 2136 scripsi,
2021 2071 2246 2131 denique

143 2137 437 2201 defugerem
471 2137 656 2200 scripsi
691 2152 785 2202 pro
823 2139 1118 2203 defugerim.
1177 2137 1365 2189 Omitto
1404 2139 1510 2188 alia
1546 2147 1595 2188 et
1629 2151 1970 2188 commemoro
2007 2152 2089 2187 me
2124 2152 2238 2203 cap.

143 2206 227 2256 33.
265 2203 313 2263 ἕ.
340 2206 421 2254 80.
458 2205 752 2267 religionum
785 2208 1006 2256 colentes
1041 2220 1138 2272 pro
1179 2208 1443 2272 religionis
1484 2210 1706 2257 colentes
1739 2206 2060 2271 reposuisse,
2100 2204 2241 2267 quod

144 2284 248 2319 non
285 2270 453 2319 solum
490 2284 665 2320 omnes
701 2270 805 2322 fere
840 2282 1039 2337 praeter
1073 2273 1184 2323 cod.
1222 2270 1570 2323 Erfurtensem
1606 2271 1717 2322 libri
1744 2271 2058 2323 ciceroniani
2094 2281 2240 2321 tuen—

118 2348 223 2386 ·tur
283 2335 561 2387 Numerum
596 2337 867 2403 pluralem,
908 2355 1084 2389 verum
1118 2342 1273 2390 etiam
1318 2341 1605 2390 Arusianus
1649 2339 1849 2390 Messus
1885 2340 1957 2389 ita
1992 2339 2242 2404 scriptum

142 2404 293 2453 habet
326 2418 379 2469 p.
407 2405 524 2457 220.
563 2405 642 2457 ed.
680 2404 911 2457 Lindem.
985 2406 1033 2469 ξ.
1068 2408 1154 2460 81.
1206 2415 1367 2458 mutus
1410 2409 1493 2457 ille
1542 2408 1750 2472 reposui
1796 2420 1890 2472 pro
1935 2408 2020 2457 ille
2063 2414 2244 2464 mutus,

143 2471 282 2532 quod
318 2484 414 2537 ego
449 2472 570 2521 olim
606 2472 768 2523 solius
806 2471 1121 2523 Erfurtensis
1157 2474 1276 2524 libri
1308 2476 1608 2525 auctoritate
1629 2487 1934 2539 receperam.
2006 2470 2133 2539 Cap.
2154 2475 2237 2523 39.

146 2534 196 2599 ἐ.
224 2540 304 2588 94.
350 2540 534 2605 scripsi
574 2540 836 2603 probarim
883 2556 911 2590 e
965 2541 1077 2591 cod.
1123 2540 1408 2592 Erfurtensi
1452 2556 1547 2607 pro
1584 2540 1791 2607 vulgato
1821 2540 2053 2605 probavi.
2136 2538 2243 2590 Sed.

141 2605 318 2676 paullo⁸
361 2617 483 2672 post
527 2609 735 2657 minime
779 2609 952 2674 accepi
999 2622 1030 2657 a
1075 2608 1275 2674 Kt'ipkio
1322 2610 1627 2673 scripturam
1669 2608 1826 2658 hanc:
1885 2608 2009 2658 naec
2054 2609 2118 2657 de
2151 2621 2240 2657 sa-

140 2674 469 2735 pientissimis
503 2681 555 2725 et
588 2676 884 2726 clarissimis
916 2678 1040 2726 viris
1075 2683 1126 2726 et
1157 2678 1211 2726 in
1244 2677 1356 2736 hac„
1374 2691 1433 2725 re
1466 2675 1755 2739 publicaet
1789 2677 1842 2725 in
1887 2676 2002 2725 aliis
2022 2676 2237 2724 civitati·-

145 2738 236 2788 bus
270 2748 582 2791 monumenta
616 2759 678 2792 ac
715 2744 919 2793 litterae
954 2742 1096 2793 nobis
1127 2745 1485 2806 prodiderunt.
1558 2742 1686 2792 Nam
1722 2743 1860 2805 quod
1902 2742 1985 2791 ille
2018 2755 2239 2791 comme-

144 2807 364 2856 moravit
397 2807 584 2857 Aecus.
616 2810 699 2857 111.
736 2812 819 2868 89,
855 2812 969 2861 209.
1011 2812 1096 2861 lv.
1132 2811 1215 2870 48,
1256 2811 1370 2860 106.
1401 2825 1504 2874 pro
1539 2811 1719 2875 Liqar.
1760 2812 1808 2874 2,
1846 2811 1893 2861 6.
1946 2810 2115 2860 Deiot.
2156 2810 2243 2866 13,

144 2874 247 2936 37.,
294 2883 348 2922 tu
391 2872 625 2925 conferas
664 2874 918 2925 Ciceronis
968 2878 1032 2926 de
1076 2878 1257 2926 invent.
1306 2876 1344 2925 I.
1382 2878 1466 2938 26,
1501 2879 1584 2928 39.
1622 2878 1686 2927 de
1721 2878 1865 2929 domo
1901 2879 1983 2938 53,
2023 2877 2136 2927 137.
2173 2876 2246 2925 de

145 2940 234 3003 off.
272 2940 354 2989 111.
395 2942 440 2999 1,
477 2942 526 2990 4.
563 2952 612 2991 et
645 2942 708 2991 de
743 2944 1023 3007 sapientiae
1057 2945 1312 2993 maiorum
1346 2945 1688 2995 monumentis
1718 2944 1851 2993 conf.
1889 2939 1953 2996 de
1988 2946 2085 3009 leq.
2122 2958 2237 3007 agr.

144 3006 208 3053 11.
246 3007 329 3068 36,
367 3008 449 3059 98.
520 3006 642 3073 Cap.
666 3010 750 3061 40.
787 3010 834 3070 ξ.
855 3011 939 3062 95.
977 3024 1069 3075 pro
1107 3012 1298 3061 verbis:
1357 3027 1434 3062 me
1469 3026 1635 3062 arcem
1665 3011 1847 3073 facere
1882 3028 1910 3062 e
1945 3013 2122 3061 cloaca
2156 3024 2242 3059 re·

145 3072 269 3138 poni
315 3072 478 3124 voluit
521 3073 766 3125 Dobree
810 3077 860 3126 in
906 3078 1192 3131 Adversar.
1239 3079 1304 3131 11.
1349 3093 1401 3144 p.
1436 3080 1551 3130 375.
1595 3094 1670 3128 me
1715 3094 1856 3129 aram
1892 3078 2077 3142 facere
2121 3087 2240 3139 etc„

145 3139 287 3201 quod
321 3150 531 3206 propter
564 3156 642 3203 ea,
680 3157 811 3204 quae
845 3153 1146 3207 sequuntur,
1181 3146 1359 3196 verba:
1438 3147 1753 3211 lapidet-que
1798 3161 1826 3197 e
1864 3146 2103 3210 sepulcro
2152 3160 2239 3194 ve-

146 3209 325 3257 nerari
351 3222 454 3271 pro
489 3208 604 3273 deo,
641 3209 922 3260 coniectum
959 3226 1074 3261 esse
1108 3212 1308 3263 videtur
1342 3223 1391 3262 et
1412 3213 1660 3262 rationem
1685 3212 1873 3263 nullam
1897 3211 2064 3263 habet.
2121 3210 2236 3262 Co·

146 3273 328 3323 betus
366 3288 529 3339 nuper
561 3276 595 3326 l.
630 3291 672 3325 c.
709 3291 762 3341 p.
788 3280 887 3328 330
910 3293 988 3339 sq.
1025 3279 1177 3329 scribi
1221 3279 1383 3329 voluit
1425 3294 1499 3330 me
1544 3294 1713 3330 arcum
1752 3281 1932 3344 facere
1977 3294 2005 3329 e
2039 3284 2239 3332 cloaca.
