2514 3928
38 278 86 328 il
621 264 1078 324 CAP.11-—-12
1124 270 1178 330 S.
1208 271 1472 326 33—38.
1983 263 2108 327 285

36 415 319 493 sublicae
354 414 825 477 condonaveris.
924 411 1026 477 37.
1072 413 1194 473 Fae
1238 413 1448 489 igitur,
1507 415 1675 490 quod
1732 417 1810 478 de
1865 418 2104 478 homins

36 498 417 562 mobilissimo
454 507 517 559 et
545 496 886 557 clarissimo
930 497 1128 557 fecisti
1183 513 1381 572 nuper
1418 496 1478 557 in
1523 499 1710 570 curia,
1743 517 1903 561 nune
1948 501 2104 562 idern

42 605 80 645 n
143 587 283 645 soro
337 583 416 643 de
472 581 716 657 optimis
775 587 836 640 et
890 579 1030 640 huie
1095 579 1259 641 omni
1325 581 1699 654 frequentiae
1752 583 2106 659 probatissi-

36 670 147 731 uis
211 665 521 727 fratribus.
617 664 697 726 Ut
750 651 1117 724 concessisti
1161 663 1330 724 illum
1386 665 1654 739 senatui,
1688 665 1778 726 sic
1820 668 1899 726 da
1948 668 2110 729 hune

36 753 290 831 populo,
323 749 499 810 euius
533 750 901 809 voluntatem
933 745 1310 808 carissimam
1341 761 1587 823 semper
1612 712 1908 824 habuisti,
1942 761 2019 822 et,
2056 749 2111 811 si
2218 816 2235 827 ,

37 840 127 898 lle
159 835 299 897 dies
327 833 432 896 tibi
460 831 962 908 gloriosissimus,
997 832 1228 907 populo
1255 832 1535 894 Romano
1569 832 1954 908 gratissimus
1984 833 2111 907 luit,

36 920 172 990 ioli,
207 919 491 990 obsecro,
522 917 816 988 dubitare,
850 914 913 975 O.
939 914 1182 988 Caesar,
1207 914 1467 976 similem
1498 915 1582 976 illi
1613 916 1846 993 gloriae
1870 917 2112 978 laudem

36 1021 215 1081 quam
246 1000 612 1079 saepissime
648 1015 962 1076 quaerere.
1005 998 1161 1058 Nihil
1192 1008 1287 1060 est
1313 1009 1432 1062 tam
1463 1004 1761 1076 populare
1792 1018 1975 1078 quam
2001 999 2111 1062 bo·

34 1089 220 1162 nitas,
269 1088 435 1147 nulla
465 1086 543 1145 de
578 1084 899 1145 virtutibus
939 1081 1060 1144 tuis
1103 1082 1381 1159 plurimis
1411 1101 1525 1146 nee
1554 1084 1969 1148 admirabilior
1997 1101 2112 1146 nee

34 1172 262 1248 gratior
300 1166 721 1230 misericordia
762 1174 874 1226 est.
959 1164 1062 1227 38.
1102 1166 1398 1227 Homines
1449 1168 1605 1229 enim
1642 1170 1721 1230 ad
1757 1170 1913 1231 deos
1947 1170 2112 1230 nulla

34 1274 93 1316 re
124 1253 384 1331 propius
415 1251 716 1311 aet-{edunt
756 1265 938 1324 quam
981 1250 1236 1309 salutem
1267 1250 1613 1313 hominibus
1644 1254 1868 1314 dando.
1951 1250 2110 1313 Nihil

34 1340 216 1399 habet
245 1352 361 1396 nee
395 1336 633 1396 fortuna
669 1341 770 1394 tua
800 1329 996 1392 maius
1031 1348 1213 1406 quam
1248 1340 1313 1392 ut
1344 1333 1566 1408 possiS,
1599 1351 1711 1395 nee
1745 1345 1961 1397 natura
1985 1353 2109 1396 me-

34 1423 147 1484 lius
182 1436 365 1497 quam
398 1425 462 1479 ut
490 1416 646 1478 velis
676 1431 925 1476 servare
961 1431 1141 1490 quam
1177 1414 1495 1491 plurimos.
1582 1419 1946 1493 Longiorem
1977 1435 2109 1479 ora·

34 1507 259 1568 tionem
283 1518 472 1564 eausa
508 1502 768 1566 forsitan
800 1499 1167 1575 postulabat,
1200 1510 1304 1560 tua
1327 1509 1491 1562 certe
1516 1509 1729 1562 natura
1747 1500 2111 1563 breviorem.

34 1593 162 1664 Qua
203 1604 274 1649 re
316 1603 502 1663 quum
549 1584 756 1646 utilius
806 1598 950 1644 esse
991 1581 1248 1644 arbitrer
1302 1593 1362 1646 te
1403 1585 1605 1659 ipsum
1651 1603 1832 1661 quam
1872 1601 1969 1646 me
2010 1593 2110 1646 aut

34 1688 405 1748 quemquam
435 1668 605 1746 loqui
634 1675 865 1739 tecum,
915 1666 1240 1727 ssnemiam
1272 1668 1522 1730 faciam.
1553 1678 1783 1730 tantum
1814 1678 1873 1732 te
1903 1670 2110 1730 admo·

34 1758 210 1829 nebo,
246 1755 299 1817 si
332 1754 414 1815 illi
442 1752 682 1815 absenti
714 1753 969 1813 salutem
1012 1750 1290 1825 dederiS,
1333 1753 1763 1828 praesentibus
1794 1754 1888 1813 his
1920 1752 2107 1813 omni

32 1843 149 1901 bus
184 1847 243 1902 te
277 1837 578 1901 daturum.

620 2047 705 2126 M.
762 2048 1034 2129 TULLII
1089 2043 1520 2128 CICERONIS

91 2174 284 2269 PRO
345 2171 605 2268 REGE
666 2173 1155 2270 DEIOTARO
1195 2178 1324 2269 Al)
1386 2175 1473 2269 C.
1525 2171 2054 2270 CAESAREM

898 2318 1288 2417 ORATIO.

936 2502 1175 2509 ——-————-—-

728 2573 1411 2635 ARGUMENTUM.

143 2689 419 2749 Deiotarus,
459 2688 839 2756 Gallograeciae
875 2691 983 2740 sive
1020 2690 1246 2741 Galatiae
1285 2688 1578 2748 tetrarches,
1611 2688 1747 2751 qnod
1783 2702 1981 2738 summa
2017 2686 2112 2736 fide

35 2758 107 2807 ad
152 2758 396 2824 populum
434 2759 715 2809 Romanum
762 2772 877 2809 sese
917 2758 1291 2824 applicaverat,
1340 2773 1370 2807 a
1419 2756 1509 2812 Gn.
1562 2758 1806 2823 Pompeio
1841 2756 2114 2806 Armeniae

36 2827 250 2877 minoris
294 2841 453 2893 regno
500 2828 716 2878 donatus
753 2834 803 2877 et
849 2841 880 2876 a
925 2836 1102 2878 senatu
1137 2842 1227 2879 rex
1265 2826 1550 2892 appellatas
1593 2834 1718 2879 erat.
1792 2823 1894 2874 Sed
1939 2840 2112 2888 qnam,

36 2895 172 2946 bello
208 2896 342 2947 civili
389 2896 520 2945 inter
551 2894 644 2946 Cn.
676 2896 975 2960 Pompeium
1014 2904 1063 2946 et
1092 2895 1147 2951 Ο.
1186 2896 1456 2947 Caesarem
1493 2907 1700 2959 exorto,
1736 2893 1966 2959 Pompeii
1995 2908 2114 2960 par·

36 2975 119 3014 tes
154 2972 352 3015 senatus
383 2970 543 3024 esset,
603 2963 791 3015 Caesar
819 2963 953 3016 bello
985 2965 1333 3017 Alexandrino
1354 2965 1636 3030 eomposito
1668 2964 1723 3014 in
1770 2964 1948 3014 Asiam
1996 2977 2115 3029 pro-

39 3034 222 3096 fectus,
256 3031 514 3083 Pharnace
544 3033 690 3085 Ponti
729 3048 850 3100 rege
895 3045 1132 3099 superato
1169 3034 1462 3085 Deiotarum
1492 3032 1651 3099 regno
1681 3032 1949 3084 Armeniae
1985 3032 2114 3081 mul·

42 3103 197 3163 tavit,
250 3109 445 3166 partem
480 3102 859 3168 possessionum
886 3110 934 3152 et
970 3118 1150 3153 nomen
1182 3102 1379 3168 regium
1411 3100 1634 3165 reliquit.
1708 3100 1812 3153 Sed
1835 3102 1987 3152 etiam
2023 3102 2113 3151 do-

43 3170 276 3220 mestleae
321 3169 619 3221 inimicitiae
664 3169 866 3221 fuerunt
906 3171 1145 3221 Deiotaro
1184 3186 1299 3221 eum
1347 3186 1533 3236 genero
1586 3186 1704 3231 suo,
1753 3170 2111 3233 Saoeondario,

45 3238 249 3302 eiusque
291 3239 413 3304 filio,
457 3246 639 3305 nepote
684 3239 922 3301 Deiotari,
957 3238 1192 3292 Castore·
1227 3240 1315 3303 qui
1346 3255 1460 3290 eum
1493 3241 1684 3291 Romae
1721 3242 1860 3306 apud
1894 3239 1949 3296 G.
1987 3237 2110 3289 Cae·

47 3320 209 3356 sarem
253 3278 548 3359 dietat'orem
596 3322 729 3359 anno
766 3323 816 3374 p.
863 3321 914 3363 ιι.
953 3325 998 3365 e.
1028 3309 1149 3363 709.
1188 3309 1247 3369 Q.
1284 3310 1443 3360 Fabio
1478 3310 1700 3360 Maximo
1748 3308 1804 3366 G.
1857 3308 2110 3360 Trebonio

48 3388 179 3424 eoss.
218 3375 440 3427 suffectis
466 3392 607 3427 reum
638 3376 881 3435 fecerunt,
912 3379 1051 3440 quod
1079 3378 1095 3428 i
1135 3380 1180 3428 si
1202 3377 1254 3432 G.
1271 3375 1492 3437 Caesari,
1520 3379 1657 3444 apud
1679 3392 1753 3437 se,
1782 3392 1940 3441 quum
1976 3383 2111 3425 esset

50 3444 105 3490 iu
141 3443 259 3492 Asia
303 3445 499 3496 devicto
530 3446 807 3508 Pharnaee,
847 3446 1090 3497 deversan
1116 3448 1132 3496 i
1159 3446 1373 3497 insidias
1393 3455 1640 3510 parasset,
1668 3461 1880 3508 eamque
1900 3456 2108 3494 aecusa-

50 3514 235 3562 tionem
269 3514 413 3574 quasi
430 3515 574 3565 testis
605 3512 815 3565 sceleris
839 3513 1137 3581 Phidippus,
1171 3514 1400 3565 medicus
1421 3514 1668 3579 Deiotari,
1700 3514 1762 3562 ab
1781 3514 1891 3562 eius
1924 3509 2106 3572 legatis
