2514 3928
691 257 855 316 CAP.
887 264 952 321 27
969 291 1048 300 —-
1064 264 1150 319 29.
1196 262 1249 322 S.
1282 265 1441 319 64—
1461 260 1548 317 70.
2085 255 2174 316 95

85 412 296 472 volent
328 408 388 470 in
419 407 724 470 conviviis
756 409 962 480 faceti,
1012 407 1288 480 dicaceS,
1340 425 1458 468 non
1505 424 1835 484 numquam
1878 406 2059 475 etiam
2089 408 2171 469 ad

85 494 296 556 vinum
331 492 542 554 diserti
574 491 712 565 sint,
756 491 875 551 alia
908 491 1021 552 sori
1053 491 1147 552 vis
1177 501 1289 564 est,
1319 491 1439 552 alia
1473 491 1741 553 tricliniiz
1772 490 1892 552 alia
1926 492 2168 553 subsel-

82 579 303 640 horum
357 574 542 661 ratio,
595 575 714 661 alia
744 577 1076 653 lectorum:
1124 593 1245 636 non
1290 575 1452 635 idem
1495 574 1761 636 iudicum
1805 575 2170 637 comissato-

81 675 347 736 rumque
401 656 803 735 eons‘peetu‘sz
855 661 963 719 lux
1021 658 1290 735 denique
1344 659 1526 734 longe
1576 660 1693 718 alia
1744 668 1840 721 est
1893 659 2045 720 solis
2093 676 2172 719 ae

82 745 468 823 lychnorum.
556 743 745 817 Quam
789 744 868 803 ob
908 759 1035 803 rem
1071 743 1454 804 excutiemus
1485 758 1698 804 omnes
1727 742 1983 804 istorum
2020 743 2169 803 deli·

84 829 247 903 eiaS,
287 843 499 889 omnes
528 826 821 902 ineptias,
849 826 901 887 si
937 827 1273 901 prodietint
1294 849 1312 865 ··
1358 827 1471 887 sed
1503 843 1599 887 me
1630 826 1911 899 audiant,
1944 835 2171 886 navent

83 913 264 973 aliam
301 928 568 987 operam,
619 910 797 971 aliam
829 909 1037 970 ineant
1067 912 1339 985 gratiam,
1379 910 1440 970 in
1474 909 1717 972 aliisse
1751 910 1936 970 rebus
1968 916 2170 969 osten-

83 1005 249 1058 tent=
294 997 536 1072 vigeant
577 994 744 1069 apud
794 994 972 1055 istam
1027 995 1342 1056 mulierem
1383 1001 1734 1067 venustate,
1788 991 2173 1055 dominentur

85 1079 454 1156 sumptibuS,
493 1079 802 1152 haereant,
846 1077 1100 1152 iaceant,
1142 1078 1523 1152 deserviant,
1568 1078 1750 1154 capiti
1799 1092 1949 1139 vero
1997 1077 2170 1137 inno·

86 1163 282 1225 centis
317 1161 700 1237 fortunisque
739 1170 1025 1239 parcant!

210 1247 420 1306 XXIX.
451 1244 556 1306 68.
582 1247 666 1303 At
694 1250 836 1303 sunt
864 1243 1027 1303 servi
1060 1243 1145 1303 illi
1176 1245 1253 1303 de
1282 1254 1679 1317 cognatorum
1709 1244 2028 1320 sententia,
2060 1263 2168 1306 no-

86 1328 528 1388 bilissimorum
551 1334 612 1385 et
629 1324 1104 1389 clarissimorum
1124 1325 1454 1398 hominum,
1484 1343 1667 1387 manu
1683 1327 1873 1388 missi.
1901 1329 2172 1390 Tandem

91 1409 325 1484 aliquid
354 1407 729 1481 invenimuS,
777 1408 944 1482 quod
989 1406 1104 1468 ista
1150 1406 1367 1468 mulier
1396 1409 1472 1467 de
1509 1426 1759 1470 suorum
1791 1409 2161 1486 propinquo·

89 1510 244 1567 rum,
298 1491 764 1553 fortissimorum
821 1490 1115 1564 virorum,
1159 1489 1456 1552 sententia
1489 1501 1673 1566 atque
1702 1493 2059 1554 auctoritate
2091 1498 2173 1553 se-

91 1577 256 1638 cisse
288 1574 543 1637 dicatur.
631 1574 756 1636 Sed
800 1573 958 1637 scire
1009 1573 1190 1650 cupio
1236 1573 1382 1650 quid
1425 1574 1651 1638 habeat
1694 1576 2030 1652 argumenti
2059 1576 2174 1636 ista

89 1659 526 1722 manumissio:
578 1657 638 1720 in
683 1676 805 1736 qua
856 1667 960 1720 aut
1017 1657 1243 1719 crimen
1303 1667 1397 1721 est
1438 1658 1641 1720 Caelio
1685 1657 2031 1735 quaesitum
2073 1669 2176 1720 aut

89 1743 372 1821 quaestio
417 1745 655 1805 sublata
703 1750 807 1805 aut
854 1744 1173 1804 multarum
1218 1759 1419 1803 rerum
1464 1743 1734 1804 consciis
1788 1743 1987 1804 servis
2039 1759 2175 1804 cum

88 1845 282 1890 causa
314 1827 651 1902 praemium
683 1828 1081 1904 persolutum.
1109 1860 1195 1873 —
1222 1827 1306 1886 At
1339 1826 1724 1902 propinquis,
1769 1825 1985 1903 inquit,
2045 1829 2171 1904 pla-

89 1912 230 1975 cuit.
258 1945 344 1958 —-
373 1910 493 1973 Cur
520 1929 640 1974 non
668 1914 950 1987 placeret,
984 1929 1168 1987 quum
1202 1919 1263 1972 tu
1286 1928 1411 1972 rem
1442 1919 1500 1973 te
1524 1911 1602 1973 ad
1634 1927 1744 1973 eos
1770 1928 1893 1975 non
1924 1912 2001 1973 ab
2035 1911 2173 1973 aliis

90 1996 194 2060 tibi
252 1997 543 2071 adlatam,
602 1998 716 2058 sed
769 2014 806 2057 a
858 2006 917 2058 te
972 1996 1110 2071 ipsa
1157 2004 1526 2070 compertam
1585 1997 1825 2058 deferre
1880 1996 2121 2058 diceres
2144 2003 2173 2054 2

86 2080 190 2143 69.
243 2081 357 2140 Hie
398 2080 577 2141 etiam
629 2080 943 2151 miramur,
1007 2080 1057 2140 si
1125 2080 1285 2140 illam
1346 2079 1828 2141 commenticiam
1880 2080 2170 2157 pyxidem

91 2163 578 2227 obscaenissima
609 2165 687 2225 sit
736 2165 938 2224 fabula
981 2170 1366 2225 consecuta?
1408 2163 1574 2223 Nihil
1588 2170 1713 2224 ·'est
1740 2164 1909 2239 quod
1942 2163 2001 2222 in
2037 2165 2172 2224 eius

91 2249 254 2309 modi
286 2247 597 2309 mulierem
629 2264 749 2309 non
780 2249 1002 2308 cadere
1037 2248 1329 2308 videatur.
1405 2247 1630 2308 Audita
1658 2248 1726 2308 et
1753 2247 2172 2323 percelebrata

91 2330 476 2394 sermonibus
505 2349 607 2394 res
640 2342 735 2394 est
840 2330 1158 2407 Percipitis
1189 2330 1439 2404 animiS,
1486 2330 1752 2404 iudices,
1788 2330 1905 2391 iam
1941 2331 2172 2391 dudum

93 2415 237 2493 quid
264 2415 446 2477 velim
477 2417 571 2476 vel
607 2416 807 2492 potius
838 2415 985 2491 quid
1027 2416 1211 2476 nolim
1241 2415 1467 2476 dicere.
1557 2415 1734 2488 Quod
1764 2414 1943 2477 etiam
1987 2413 2040 2476 si
2076 2421 2173 2474 est

94 2502 346 2572 sactum,
392 2507 555 2561 certe
602 2517 640 2559 a
670 2500 872 2561 Caelio
915 2517 1037 2561 non
1082 2508 1194 2560 est.
1284 2499 1440 2572 Quid
1476 2499 1636 2559 enim
1675 2498 2009 2560 attinebat?
2062 2498 2173 2557 Est

93 2583 251 2644 enim
280 2585 359 2644 ab
393 2583 600 2659 aliquo
634 2585 898 2646 sortasse
940 2585 1337 2644 adolescente
1383 2600 1504 2643 non
1546 2590 1665 2643 tam
1714 2582 1949 2642 insulso
1985 2598 2168 2655 quam

91 2685 213 2729 non
248 2668 618 2728 verecundo.
680 2667 785 2729 Sin
819 2675 1019 2727 autem
1052 2674 1147 2727 est
1173 2666 1397 2737 fictum,
1432 2683 1553 2726 non
1585 2665 1733 2726 illud
1765 2664 2010 2739 quidem
2043 2681 2169 2725 mo·

94 2752 363 2823 destum,
413 2751 526 2812 sed
582 2759 777 2812 tamen
823 2758 918 2812 est
957 2767 1080 2811 non
1121 2748 1451 2810 infacetum
1499 2747 1905 2810 mendacium.
1994 2747 2167 2821 Quod

96 2836 369 2911 profecto
400 2851 709 2910 nunquam
750 2835 1058 2896 hominum
1089 2850 1292 2894 sermo
1322 2840 1505 2908 atque
1537 2830 1745 2906 opinio
1776 2832 2171 2906 comprobas-

98 2927 218 2993 set,
251 2918 370 2978 nisi
401 2919 636 2993 omnia,
679 2936 837 2995 quae
878 2935 1014 2978 eum
1056 2916 1429 2994 turpitudine
1459 2914 1666 2991 aliqua
1698 2916 2070 2991 dicerentur,
2113 2914 2173 2975 in

96 3001 268 3064 istam
304 3003 607 3079 quadrare
635 3012 776 3080 apte
809 3002 1173 3064 viderentur.

209 3084 318 3149 70.
335 3085 509 3148 Dicta
528 3095 624 3148 est
640 3105 676 3147 a
691 3104 787 3147 me
805 3103 1009 3158 causa,
1025 3085 1282 3160 iudiceS,
1308 3091 1369 3146 et
1385 3093 1684 3161 perorata.
1699 3086 1824 3146 Iam
1840 3082 2173 3159 intelligitis

100 3170 702 3247 quantum·iudicium
729 3170 1101 3244 sustineatiS,
1132 3177 1359 3246 quanta
1383 3186 1484 3231 res
1513 3171 1592 3231 sit
1613 3168 1943 3231 commissa
1973 3165 2172 3227 vobis.

99 3256 181 3315 De
196 3255 257 3315 vi
275 3253 597 3332 quaeritis:
617 3272 775 3330 quae
789 3256 887 3315 lex
901 3256 981 3315 ad
998 3254 1335 3331 imperium,
1352 3255 1429 3314 ad
1447 3253 1840 3324 maiestatem,
1858 3253 1937 3313 ad
1953 3259 2174 3311 statum

101 3339 343 3414 patriae,
363 3340 441 3400 ad
458 3341 716 3426 salutem
732 3338 998 3400 omnium
1019 3337 1307 3414 pertinet:
1326 3355 1504 3414 quam
1523 3340 1715 3413 legem
1733 3337 1800 3411 Q.
1818 3336 2065 3396 Catulus
2084 3349 2175 3424 ar·

100 3432 256 3485 mata
282 3423 674 3485 dissensione
699 3422 923 3484 civium
951 3422 1040 3482 rei
1067 3423 1348 3499 publicae
1365 3438 1560 3497 paene
1576 3420 1864 3480 extremis
1890 3426 2174 3487 tempori

102 3508 373 3584 bustum,
391 3525 674 3585 quaeque
700 3510 801 3568 lex
817 3508 1030 3568 sedata
1050 3506 1149 3566 illa
1175 3506 1420 3566 flamma
1441 3504 1794 3563 consulatus
1811 3498 1925 3555 mei
1943 3499 2141 3585 saman
2154 3522 2169 3528 -

102 3600 188 3652 tes
215 3592 505 3667 reliquias
533 3590 969 3654 coniurationis
999 3588 1310 3650 exstinxit.
1334 3589 1463 3647 Hac
1491 3599 1652 3642 nune
1670 3584 1802 3649 lege
1818 3575 2001 3634 caelu
2028 3571 2177 3626 adon

2436 2827 2514 2934 cll?
2440 2284 2514 2776 lllllxltmtw
2459 2125 2514 2222 nt
2467 1766 2514 2063 mnu...

2435 2924 2466 2994 ’ΥΟ

2482 2961 2514 2976 1
