2514 3928
163 259 243 312 ω
768 231 973 306 ‘CAR
1002 255 1194 310 4—6.
1238 253 1291 314 s.
1328 255 1593 309 10—18.
2123 241 2259 307 279

167 415 315 459 nem
357 395 790 459 humanitatem
839 396 1170 458 exuisses?
1209 399 1445 472 Quanto
1490 397 1609 458 hoc
1650 396 1893 469 duriuS,
1933 398 2100 472 quod
2130 413 2245 458 nos

164 482 337 542 domi
368 479 662 557 petimus,
703 480 763 539 id
808 497 846 540 a
875 489 933 541 te
974 478 1034 541 in
1066 481 1202 541 ioro
1234 479 1723 556 oppugnaris-et
1763 478 1822 540 in
1868 481 1969 541 tali
2001 480 2245 541 miseria

165 566 497 626 multorum
553 562 893 638 perfugium
953 563 1410 625 misericordiae
1462 564 1720 624 tollere?
1792 561 2000 624 Dic'am
2043 566 2242 639 plane,

166 649 430 719 Caesar,
462 647 629 722 quod
657 648 875 708 sentio.
963 645 1063 710 15.
1094 646 1159 707 Si
1190 647 1250 707 in
1292 647 1406 708 hac
1435 655 1601 709 tanta
1626 655 1730 707 tua
1760 648 1998 708 fortuna
2028 649 2245 710 lenitas

166 738 341 792 tanta
369 746 491 791 non
520 737 717 804 esset,
778 744 963 804 quam
993 738 1061 790 tu
1103 746 1218 806 per
1242 737 1337 800 te,
1387 745 1501 804 per
1531 735 1625 801 te,
1687 727 1965 805 inquam,
2006 731 2245 793 obtines

166 844 259 857 —-—
305 812 574 888 intelligo
618 812 765 890 quid
811 815 1033 891 loquar
1076 850 1179 890 —,
1215 813 1615 876 acerbissimo
1669 815 1836 875 luctu
1876 813 2251 874 redundaret

166 895 293 957 ista
326 897 601 958 victoria.
692 897 882 972 Quam
909 898 1077 959 multi
1112 897 1275 959 enim
1316 904 1529 960 essent
1556 897 1636 958 de
1665 895 1998 959 victoribus
2043 896 2146 973 qui
2187 906 2247 958 te

169 980 486 1042 crudelem
532 997 676 1044 esse
718 983 969 1057 vellent,
1028 1000 1216 1057 quum
1269 981 1447 1044 etiam
1489 982 1568 1043 de
1611 979 1791 1042 victis
1833 981 2244 1057 reperiantur!

169 1082 359 1141 quam
398 1063 571 1127 multi
635 1065 738 1140 qui
779 1082 966 1141 quum
999 1081 1037 1124 a
1064 1073 1124 1127 te
1151 1064 1392 1141 ignosci
1421 1063 1645 1127 nemini
1696 1066 1947 1139 vellent,
1991 1062 2247 1142 impedi·

165 1157 309 1210 rent
331 1147 712 1209 clementiam
744 1157 935 1224 tuam,
968 1166 1154 1224 quum
1189 1148 1367 1210 etiam
1397 1147 1478 1222 hi,
1512 1147 1737 1225 quibus
1772 1148 1909 1226 ipse
1936 1146 2242 1225 ignovisti,

168 1231 372 1294 nolint
410 1238 468 1292 te
509 1247 654 1292 esse
695 1230 756 1291 in
787 1232 942 1293 alios
987 1231 1479 1294 misericordem!
1519 1231 1618 1294 16.
1673 1232 1849 1307 Quod
1893 1232 1948 1293 si
1982 1233 2244 1309 probare

169 1312 426 1375 Caesari
458 1329 790 1390 possemus
818 1313 876 1374 in
909 1314 1115 1374 Africa
1147 1315 1450 1390 Ligarium
1478 1313 1727 1376 omnino
1757 1332 1880 1378 non
1922 1314 2148 1390 fuisse,
2192 1313 2245 1375 si

168 1396 437 1459 honesto
467 1405 530 1458 et
549 1395 929 1458 misericordi
958 1396 1277 1458 mendacio
1325 1398 1503 1459 saluti
1547 1395 1665 1457 civi
1706 1398 2061 1460 calamitoso
2103 1414 2247 1459 esse

168 1480 492 1556 vellemus,
516 1489 718 1542 tamen
741 1479 1003 1543 hominis
1026 1496 1147 1540 non
1174 1490 1358 1556 esset,
1393 1480 1453 1541 in
1480 1487 1644 1542 tanto
1674 1480 2022 1542 discrimine
2048 1489 2109 1542 et
2139 1497 2246 1556 pe·

168 1562 371 1625 riculo
399 1561 557 1625 civis
589 1565 868 1627 refellere
896 1572 962 1626 et
993 1565 1367 1638 redarguere
1404 1572 1679 1626 nostrum
1721 1562 2136 1639 mendacium,
2167 1572 2245 1634 et,

170 1646 229 1708 ei
264 1657 433 1709 esset
458 1646 751 1722 alicuiuS,
793 1648 928 1710 eius
961 1655 1124 1709 certe
1153 1665 1275 1709 non
1309 1656 1506 1719 esset,
1550 1646 1654 1723 qui
1701 1645 1763 1707 in
1811 1648 2026 1708 eadem
2057 1663 2240 1708 causa

169 1739 234 1791 et
279 1732 521 1793 fortuna
562 1730 799 1793 fuisset.
896 1731 1021 1793 Sed
1076 1740 1275 1793 tamen
1327 1732 1489 1792 aliud
1537 1740 1633 1792 est
1675 1746 1880 1792 errare
1923 1730 2240 1792 Caesarem

169 1815 364 1888 nolle,
393 1813 561 1875 alind
594 1817 757 1877 nolle
790 1813 1079 1878 misereri.
1133 1816 1303 1877 Tunc
1333 1814 1603 1877 diceres=
1638 1814 1895 1884 Caesar,
1929 1830 2080 1874 cave
2113 1829 2240 1874 cre-

170 1899 315 1957 dasz
359 1898 469 1959 suit
498 1897 558 1959 in
585 1898 826 1975 Africa,
868 1899 999 1961 tulit
1038 1916 1207 1960 arma
1251 1907 1464 1961 contra
1504 1905 1583 1958 te.
1667 1897 1840 1959 Nunc
1872 1898 2015 1974 quid
2047 1896 2243 1957 dicis?

172 1981 341 2042 Cave
360 1980 672 2058 ignoscas.
737 1985 903 2044 Haec
944 1999 1057 2044 nec
1087 1982 1351 2045 hominis
1379 1999 1494 2044 nec
1527 1981 1604 2043 ad
1637 1980 1941 2044 hominem
1975 1998 2100 2043 vox
2131 1990 2238 2052 est,

178 2081 300 2139 qua
331 2064 435 2140 qui
468 2066 635 2140 apud
671 2075 764 2140 te,
805 2067 867 2128 C.
905 2067 1161 2139 Caesar,
1189 2065 1404 2142 utitur,
1446 2082 1618 2127 suam
1649 2065 1827 2127 citius
1855 2064 2100 2127 abiiciet
2134 2065 2235 2124 hu-

171 2146 516 2208 manitatem
552 2166 734 2224 quam
763 2148 1147 2225 extorquebit
1182 2158 1363 2211 tuam.

297 2232 404 2289 Vl.
452 2228 549 2294 17.
600 2235 693 2292 Ac
734 2230 964 2308 primus
1000 2231 1202 2293 aditus
1244 2244 1305 2294 et
1341 2233 1669 2309 postulatio
1700 2230 2041 2295 Tuberonis
2069 2230 2237 2303 haec,

174 2322 241 2374 ut
268 2314 519 2389 opinor,
552 2316 689 2377 suit:
729 2315 886 2376 velle
925 2332 996 2377 se
1039 2316 1118 2377 de
1148 2316 1215 2390 Q.
1243 2315 1465 2392 Ligarii
1500 2319 1737 2379 scelere
1783 2316 2008 2377 dicere.
2107 2314 2240 2375 Non

169 2395 380 2458 dubito
413 2395 557 2474 quin
588 2398 919 2460 admiratus
950 2398 1070 2472 sie,
1115 2401 1210 2460 vel
1242 2401 1409 2475 quod
1438 2401 1518 2462 de
1551 2401 1717 2462 nullo
1746 2401 1864 2462 alio
1899 2398 2243 2475 quisquam,

175 2482 267 2541 vel
305 2482 472 2556 quod
505 2482 588 2556 is,
634 2479 737 2558 qui
777 2481 837 2542 in
869 2483 1085 2544 eadem
1117 2499 1306 2560 causa
1336 2482 1585 2558 fuisset,
1628 2485 1726 2545 vel
1769 2482 2057 2559 quidnam
2098 2481 2241 2542 novi

170 2564 422 2625 sceleris
439 2567 727 2627 adferret.
755 2566 974 2628 Scelus
988 2575 1054 2628 tu
1070 2568 1214 2628 illud
1234 2581 1446 2638 vocas,
1456 2565 1742 2628 Tubero?
1765 2565 1924 2626 Cur?
1946 2562 2065 2623 isto
2084 2560 2252 2621 enim

172 2645 412 2707 nomine
441 2647 543 2707 illa
576 2647 778 2708 adhuc
810 2664 998 2709 causa
1026 2646 1240 2709 caruit.
1327 2647 1447 2707 Alii
1477 2663 1745 2710 errorem
1775 2646 2108 2723 appellant,
2142 2643 2240 2704 alii

172 2727 474 2790 timorem=
506 2731 610 2805 qui
633 2729 866 2806 durius,
895 2747 1091 2806 spem,
1119 2729 1533 2806 cupiditatem,
1563 2730 1790 2804 odium,
1822 2728 2243 2806 pertinaciam:

171 2811 275 2886 qui
301 2812 694 2889 gravissime,
735 2817 1159 2876 temeritatema
1191 2815 1397 2875 scelus
1429 2826 1670 2890 praeter
1711 2821 1771 2875 te
1813 2810 2013 2873 adhuc
2044 2826 2244 2871 nemo.

171 2898 261 2955 Ac
301 2895 447 2956 mihi
488 2896 769 2972 quidem,
805 2896 860 2957 si
903 2896 1217 2974 proprium
1257 2904 1322 2958 et
1366 2914 1581 2959 verum
1626 2913 1848 2959 nomen
1879 2895 2072 2957 nostri
2103 2894 2248 2956 mali

171 2978 508 3053 quaeritur,
545 2978 748 3041 fatalis
776 2982 1080 3056 quaedam
1108 2980 1422 3043 calamitas
1451 2980 1748 3043 incidisse
1780 2979 2020 3042 videtur
2049 2988 2109 3042 et
2136 2980 2245 3039 im-

173 3061 458 3138 providas
486 3061 798 3124 hominum
825 3073 1063 3127 mentes
1104 3064 1550 3142 occupavisse,
1596 3074 1664 3128 ut
1698 3081 1878 3127 nemo
1908 3062 2110 3125 mirari
2139 3064 2249 3124 de-

171 3146 306 3205 beat
332 3145 599 3207 humana
627 3145 887 3208 consilia
915 3146 1124 3212 divina
1153 3148 1526 3211 necessitate
1564 3165 1710 3210 esse
1749 3155 2057 3227 superata.
2145 3145 2257 3209 18.

168 3225 371 3290 Liceat
392 3245 537 3291 esse
571 3228 867 3292 uriserosz
907 3227 1282 3307 'quamquam
1324 3233 1443 3294 hoc
1489 3234 1727 3296 victore
1761 3249 1910 3295 esse
1946 3245 2068 3294 non
2099 3246 2249 3307 pos-

172 3328 399 3372 sumus.
486 3312 612 3374 Sed
641 3329 763 3375 non
796 3316 1018 3390 loquor
1047 3315 1125 3376 de
1155 3315 1366 3376 nobis=
1410 3317 1490 3377 de
1525 3316 1643 3377 illis
1674 3318 1908 3393 loquor,
1942 3312 2049 3389 qui
2083 3309 2251 3374 occi-

177 3392 403 3456 derunt.
471 3395 722 3458 Fuerint
753 3396 980 3473 cupidi,
1013 3398 1237 3461 luerint
1265 3398 1419 3474 irati,
1451 3400 1673 3461 luerint
1701 3398 2082 3475 pertinacesz
2113 3408 2251 3454 sce-

173 3473 309 3537 leris
338 3493 487 3540 vero
517 3476 786 3553 crimine,
818 3480 1057 3555 suroris,
1088 3482 1398 3560 parricidii
1429 3481 1610 3542 liceat
1638 3482 1744 3541 Cn.
1769 3477 2059 3556 Pompeio
2088 3490 2252 3535 mct-
