2514 3928
67 196 167 247 111
645 184 810 244 CAP.
844 191 1110 244 40—42.
1155 190 1207 249 S·
1236 192 1535 247 96—102.
2017 187 2154 249 209

58 353 209 412 prae
245 352 525 397 maerore
549 333 774 409 potuit!
810 333 856 393 0
884 349 1012 392 rem
1046 351 1230 409 quum
1260 335 1474 396 auditu
1505 337 1814 396 crudelem
1847 345 1970 397 tum
2003 339 2142 401 visu

59 421 389 480 nefariam!
443 436 480 480 ο
506 416 787 492 reliques
820 433 1035 488 omnes
1076 417 1210 477 dies
1239 427 1580 494 noctesque
1610 435 1737 492 eae,
1774 421 1998 497 quibus
2027 423 2146 484 iste

56 521 97 562 a
148 520 247 563 me
301 519 422 562 non
468 501 769 560 recedens
810 500 1309 561 Thessalonicam
1365 518 1465 561 me
1505 504 1567 562 in
1602 507 2145 582 quaestoriumque

55 587 378 663 perduxit!
424 585 540 644 Hic
580 600 697 659 ego
722 601 883 647 nunc
912 585 990 644 de
1017 592 1305 659 praetore
1332 583 1731 646 Macedoniae
1766 588 1913 646 nihil
1942 591 2143 649 dicam
2177 620 2182 631 ·

53 669 321 743 amplius
365 668 482 728 nisi
518 685 656 729 eum
687 677 747 728 et
784 668 980 729 civem
1015 669 1309 744 optimum
1338 684 1586 741 semper
1622 678 1684 730 et
1711 670 1855 729 mihi
1880 673 2139 732 amicum

54 752 270 826 fuisse,
299 754 411 813 sed
436 753 651 812 eadem
677 750 950 812 timuisse
976 768 1137 826 quae
1201 759 1470 811 ceteros=
1497 750 1922 813 Cn.Plancium
1954 756 2145 816 fuisse

57 853 266 910 unum,
298 853 423 897 non
458 836 569 911 qui
591 835 792 908 minus
822 835 1078 908 timeret,
1113 836 1244 906 sed,
1280 835 1333 894 si
1367 834 1721 895 acciderent
1748 852 1854 908 ea,
1892 854 2051 912 quae
2073 839 2143 897 ti-

56 930 384 992 merentur,
416 937 652 980 mecum
689 936 764 979 ea
793 919 1000 979 subire
1029 928 1089 980 et
1114 919 1358 994 perpeti
1383 919 1583 979 vellet.
1629 919 1772 981 100.
1797 918 1927 993 Qui,
1960 937 2146 995 quum
2203 968 2208 973 f

51 1005 134 1065 ad
155 1022 251 1065 me
278 1005 345 1065 L.
373 1005 643 1075 Tuber0,
684 1020 861 1063 meus
907 1002 1329 1082 necessariuS‚
1377 1001 1481 1076 qui
1525 1003 1693 1063 fratri
1737 1018 1876 1063 meo
1906 1006 2146 1079 legatus

57 1089 304 1161 ruisset,
352 1088 664 1148 decedens
707 1103 788 1146 ex
834 1085 985 1146 Asia
1026 1086 1328 1146 venisset
1360 1102 1597 1160 easque
1637 1085 1927 1158 insidiaS,
1987 1104 2146 1162 quas

52 1172 199 1231 mihi
236 1180 483 1247 paratas
517 1172 597 1229 ab
629 1170 949 1230 exsulibus
981 1169 1315 1229 coniuratis
1346 1169 1650 1244 audierat,
1695 1171 1773 1230 ad
1806 1186 1904 1229 me
1938 1173 2141 1230 animo

50 1253 430 1316 amicissimo
463 1254 813 1325 detulisset,
854 1252 914 1310 in
945 1252 1157 1312 Asiam
1200 1252 1299 1312 me
1327 1252 1416 1311 ire
1448 1261 1702 1326 propter
1730 1251 1864 1313 eius
1896 1254 2143 1335 proviti-

51 1338 189 1398 ciae
218 1352 460 1397 mecum
489 1344 551 1396 et
577 1351 715 1395 cum
745 1350 882 1395 meo
911 1336 1093 1394 fratr-e
1125 1335 1643 1395 necessitudinem
1687 1346 2146 1411 comparantem

54 1431 180 1475 non
209 1424 307 1474 est
356 1429 614 1489 passus:
654 1413 713 1472 vi
734 1430 851 1484 me,
878 1412 955 1485 vi,
979 1413 1246 1487 inquam,
1277 1412 1561 1473 Plancius
1588 1420 1649 1471 et
1672 1415 2000 1488 complexu
2023 1431 2142 1474 suo

53 1497 308 1559 retinuit
357 1498 712 1568 multosque
733 1512 980 1556 menses
1002 1513 1037 1555 a
1061 1496 1261 1570 capite
1285 1511 1424 1556 meo
1450 1511 1573 1554 non
1594 1496 1888 1557 discessit
1905 1498 2146 1557 abiecta

55 1573 412 1640 quaestoria
442 1589 710 1647 persona
742 1572 1109 1647 comitisque
1136 1578 1398 1646 sumpta.

177 1657 356 1717 XLII.
398 1655 539 1717 101.
586 1654 632 1716 Ο
667 1655 960 1716 excubias
990 1662 1145 1730 tuaS,
1182 1655 1289 1715 Cn.
1316 1653 1542 1728 Planci,
1578 1654 1870 1716 miseras!
1903 1673 1940 1716 o
1971 1656 2140 1715 flebi-

52 1743 148 1804 ies
178 1740 476 1838 vigiliast·
493 1757 529 1800 o
554 1748 768 1800 noctes
793 1738 1080 1799 acerbas!
1113 1756 1148 1799 o
1183 1738 1529 1800 custodiam
1561 1737 1744 1799 etiam
1771 1739 1893 1798 mei
1925 1739 2146 1814 capitis

52 1825 393 1887 infelicem!
427 1823 481 1884 si
508 1824 756 1899 quidem
783 1840 898 1900 ego
925 1823 1037 1919 tiQ}
1064 1823 1242 1885 vivus
1277 1840 1399 1885 non
1433 1839 1705 1918 prosum,
1707 1822 1845 1909 qui
1883 1824 2148 1884 fortasse

54 1919 334 1971 mortuus
367 1909 761 1984 profuissem.
846 1900 1097 1995 Memini
1127 1908 1307 1981 enim,
1337 1905 1585 1968 memini
1615 1923 1818 1981 neque
1854 1922 2145 1982 umquam

62 1992 400 2055 obliviscar
427 1991 626 2051 noctis
661 1992 853 2064 itlius,
900 1987 1087 2066 quum
1114 1991 1222 2053 tibi
1254 1990 1558 2066 vigilanti,
1601 1990 1940 2063 adsidenti,
1982 2007 2146 2051 mae-

53 2075 214 2137 renti
254 2092 414 2134 vana
458 2075 759 2149 quaedam
802 2074 987 2135 miser
1028 2086 1214 2150 atque
1257 2074 1463 2135 inania
1505 2075 1660 2134 salsa
1701 2091 1818 2149 spe
1859 2073 2145 2134 inductus

52 2158 430 2236 pollicebar:
478 2175 607 2230 me,
657 2158 712 2219 si
755 2174 960 2219 essem
999 2160 1060 2219 in
1099 2161 1358 2236 patriam
1388 2158 1724 2231 restitutus,
1755 2165 2147 2232 praesentem

51 2242 164 2303 tibi
197 2243 426 2317 gratias
454 2244 819 2303 relaturum=
868 2242 964 2304 sin
1010 2259 1214 2305 autem
1261 2245 1446 2304 vitam
1473 2242 1618 2301 mihi
1650 2243 1779 2302 sors
1810 2240 2147 2302 adem-isset

56 2336 164 2389 aut
204 2326 297 2387 vis
340 2326 548 2402 aliqua
587 2325 784 2385 maior
823 2326 1082 2388 reditum
1114 2326 1512 2403 peremisset,
1545 2325 1693 2399 hos,
1723 2326 1841 2385 hos
1868 2361 1956 2372 —
1987 2333 2149 2400 quos

55 2412 219 2470 enim
255 2427 372 2485 ego
403 2418 530 2471 tum
560 2410 716 2470 alios
747 2410 948 2470 animo
972 2411 1298 2471 intuebar?
1328 2444 1402 2455 --
1437 2409 1644 2470 omnia
1665 2409 1771 2470 tibi
1794 2410 2031 2470 illorum
2062 2409 2145 2469 la-

57 2494 276 2556 borum
324 2494 595 2569 praemia
636 2511 752 2569 pro
800 2510 898 2553 me
948 2496 1399 2569 persoluturos
1489 2493 1647 2566 Quid
1686 2509 1784 2552 me
1812 2501 2100 2568 aspectas
2117 2500 2154 2551 8

59 2578 206 2651 quid
242 2594 378 2637 mea
408 2578 720 2652 promissa
748 2575 1025 2651 repetis?
1056 2575 1202 2650 quid
1231 2592 1430 2635 meam
1452 2576 1636 2636 fidem
1672 2575 2007 2649 imploras?
2045 2576 2119 2633 Ni

54 2660 147 2719 hil
171 2659 279 2720 tibi
303 2676 418 2733 ego
445 2669 570 2720 tum
601 2661 679 2721 de
706 2659 861 2719 meis
895 2659 1118 2734 opibus
1140 2658 1492 2732 pollicebar,
1524 2660 1638 2718 sed
1662 2658 1738 2717 de
1764 2658 1980 2717 horum
2003 2674 2149 2733 erga

60 2759 165 2802 me
193 2742 624 2801 benevolentia
653 2743 1109 2816 promittebam:
1152 2741 1269 2801 hos
1320 2758 1431 2816 pro
1475 2757 1572 2800 me
1611 2742 1853 2816 lugere,
1896 2742 2013 2803 hos
2043 2758 2147 2817 ge-

59 2841 266 2897 mere,
310 2824 426 2883 hos
451 2825 767 2886 decertare
798 2842 911 2901 pro
947 2842 1086 2887 meo
1118 2825 1320 2901 capite
1360 2826 1459 2886 vel
1488 2825 1650 2886 vitae
1679 2823 1955 2900 periculo
1990 2828 2147 2887 velle

62 2908 390 2969 videbam=
423 2907 500 2966 de
531 2907 748 2967 horum
778 2911 1116 2986 desiderio,
1147 2913 1333 2984 luctu,
1348 2908 1638 2984 querellis
1662 2908 1886 2971 cotidie
1915 2910 2148 2986 aliquid

59 3003 268 3054 tecum
300 2991 480 3053 simul
506 2991 861 3052 audiebam=
896 3011 1059 3055 nunc
1087 2995 1270 3057 timeo
1296 3011 1374 3054 ne
1399 2992 1507 3053 tibi
1538 2991 1682 3052 nihil
1706 3003 1945 3068 praeter
1975 2997 2147 3055 lacri-

61 3092 199 3136 mas
224 3092 446 3150 queam
475 3076 767 3150 reddere,
816 3094 971 3152 quas
1017 3088 1081 3139 tu
1110 3078 1173 3139 in
1207 3078 1362 3140 meis
1390 3079 1822 3140 acerbitatibus
1855 3080 2148 3154 plurimas

61 3158 360 3220 effudisti.
448 3158 592 3221 102.
637 3158 797 3233 Quid
841 3160 1000 3221 enim
1038 3179 1294 3237 possum
1329 3162 1494 3223 aliud
1523 3162 1640 3222 nisi
1682 3180 1987 3235 maerere,
2030 3161 2148 3220 nisi

61 3243 247 3316 flere,
294 3244 411 3305 nisi
446 3251 508 3305 te
541 3261 680 3304 cum
720 3261 857 3306 mea
888 3248 1084 3307 salute
1119 3246 1487 3321 complecti?
1530 3246 1798 3307 Salutem
1828 3246 1933 3305 tibi
1963 3244 2149 3304 iidem

63 3327 219 3386 dare
265 3334 558 3402 possunt,
605 3328 710 3403 qui
751 3328 898 3389 mihi
939 3329 1360 3391 reddiderunt.
1446 3330 1529 3388 Te
1573 3339 1807 3402 tamen,
1860 3343 2146 3398 exsurge,

46 3410 629 3553 quaesoflretinebo
670 3421 731 3474 et
766 3414 1166 3488 complectar,
1191 3430 1307 3473 nec
1337 3430 1434 3473 me
1464 3412 2155 3550 εοὶηιηιεὲεριοοαιοτοηι

149 3510 244 3553 c1c
399 3503 434 3556 3

2399 1078 2414 1222 =29k=10

2397 2201 2488 2419 ,τοιιι
2400 2037 2496 2133 vt
2400 1551 2514 1969 mimmii
2399 1064 2514 1495 Libitinus

2395 2737 2488 2904 ,int
2394 2425 2481 2682 vuirt-

2483 2505 2514 2550 Α

2503 2731 2514 2908 Ana-44
2509 2623 2514 2698 *Q
