2514 3928
130 148 131 151 Ὺ
198 195 282 258 56
772 195 919 256 pao
962 195 1025 255 P.
1054 194 1340 255 ‘sasno
1386 194 1692 256 oaA‘no.

199 346 366 408 urbis
392 353 737 421 compotem
762 346 1078 407 fecerunt?
1106 347 1238 408 Non
1271 363 1395 421 ero,
1424 366 1543 407 non
1572 357 1786 424 potero
1810 364 1970 420 esse,
2000 345 2233 410 iudices
2253 388 2268 405 .

198 446 402 506 neque
452 429 551 489 hic
590 445 878 504 umquam
931 446 1114 504 puer,
1162 431 1269 507 qui
1315 432 1413 491 his
1457 424 1719 493 lacrimis
1767 449 1890 508 qua
1932 431 2011 493 sit
2047 431 2272 508 pietate

198 515 486 588 declarat,
515 513 746 575 amisso
781 518 952 588 patre
983 532 1098 576 suo
1131 523 1385 590 propter
1416 531 1513 576 me
1543 533 1639 576 me
1669 517 1869 592 ipsum
1904 516 2271 577 incolumem

196 597 456 671 videbit,
494 614 608 658 nec
646 597 1204 674 quotienscumque
1236 615 1333 658 me
1368 599 1614 672 viderit,
1651 600 2029 674 ingemescet
2057 616 2130 659 ac
2159 615 2266 675 pe-

195 689 350 743 stem
396 697 572 741 suam
602 697 678 744 ac
704 680 894 756 patris
929 681 1025 742 sui
1056 699 1200 742 sese
1232 682 1396 743 dicet
1422 683 1653 742 videre.
1718 683 1851 757 Ego
1882 699 2030 743 vero
2063 699 2176 743 eos
2204 681 2266 742 in

196 765 362 827 omni
389 765 659 837 fortuna,
695 778 1123 840 quaecumque
1157 765 1273 827 erit
1301 767 1536 839 oblata,
1573 769 1977 841 complectar:
2027 783 2139 827 nec
2170 783 2266 825 me

195 851 272 910 ab
320 849 424 922 iis,
473 864 632 924 quos
677 865 813 909 meo
857 849 1102 910 nomine
1133 849 1487 910 sordidatos
1519 848 1770 921 videtiS,
1820 867 2109 926 umquam
2144 850 2267 910 ulla

197 936 439 994 fortuna
485 933 763 993 divellet=
821 948 1024 1008 neque
1075 948 1188 993 eae
1237 933 1549 1006 nationes,
1606 932 1830 1008 quibus
1876 950 1973 994 me
2015 939 2265 994 senatus

196 1015 674 1088 commendavit,
709 1015 934 1091 quibus
963 1019 1041 1077 de
1071 1034 1167 1077 me
1196 1015 1423 1092 gratias
1450 1017 1591 1091 egit,
1622 1016 1784 1078 hunc
1818 1018 2094 1078 exsulem
2128 1030 2265 1090 pro-

195 1108 331 1176 pter
361 1116 457 1159 me
487 1098 622 1160 sine
657 1116 755 1160 me
783 1099 1094 1162 videbunt.

367 1181 509 1247 147.
573 1183 695 1243 Sed
727 1183 880 1244 haec
911 1183 975 1244 di
1006 1183 1412 1257 immortaleS,
1457 1182 1560 1259 qui
1596 1201 1693 1246 me
1724 1183 1854 1244 suis
1886 1182 2125 1258 templis
2157 1182 2263 1242 ad·

198 1268 541 1329 venientem
583 1276 952 1343 receperunt
1000 1269 1286 1344 stipatum
1333 1267 1412 1328 ab
1454 1266 1552 1327 his
1612 1267 1759 1328 viris
1802 1276 1862 1329 et
1902 1267 1964 1326 P.
2004 1267 2264 1327 Lentulo

198 1353 474 1426 consule,
508 1360 694 1427 atque
724 1352 864 1429 ipsa
891 1369 994 1413 res
1029 1352 1304 1427 publica,
1356 1368 1479 1426 qua
1510 1350 1655 1411 nihil
1689 1360 1786 1413 est
1815 1350 2118 1422 sanctius,
2160 1366 2265 1410 ve-

195 1445 358 1497 strae
390 1435 696 1512 potestati,
724 1435 980 1508 iudiceS,
1016 1436 1469 1497 commiserunt.
1515 1436 1649 1497 Vos
1674 1435 1792 1495 hoc
1815 1434 2041 1496 iudicio
2073 1433 2262 1495 omni·

194 1538 293 1580 um
324 1520 625 1582 bonorum
660 1530 893 1580 mentes
924 1521 1316 1591 confirmare,
1349 1519 1765 1594 improborum
1793 1519 2125 1595 reprimere
2155 1535 2263 1594 po·

195 1603 397 1665 testis:
436 1621 550 1665 vos
578 1603 675 1665 his
709 1603 947 1664 civibus
978 1603 1063 1663 uti
1099 1603 1377 1679 optimis,
1421 1619 1534 1664 vos
1571 1618 1667 1663 me
1700 1604 1957 1664 reficere
1992 1611 2052 1664 et
2085 1617 2263 1663 reno-

195 1703 339 1747 vare
368 1704 497 1747 reni
535 1687 858 1761 publicam.
915 1686 1047 1760 Qua
1079 1703 1147 1748 re
1178 1705 1293 1750 vos
1325 1688 1600 1749 obtestor
1633 1695 1818 1763 atque
1850 1689 2144 1760 obsecro,
2177 1693 2261 1757 ut,

194 1769 246 1829 si
289 1786 386 1829 me
428 1772 665 1830 salvum
701 1787 842 1831 esse
874 1769 1186 1843 voluistiS‚
1229 1788 1342 1833 eos
1377 1771 1790 1845 conservetiS,
1836 1787 1946 1847 per
1978 1787 2137 1847 quos
2167 1785 2263 1829 me

195 1853 692 1929 recuperavistis.

1016 2047 1430 2057 -----.

778 2287 862 2367 Μ.
920 2287 1191 2368 TULLII
1248 2283 1674 2370 CICERONIS
1783 2359 1786 2360 f

195 2416 286 2509 ΙΝ
350 2415 433 2511 Ρ.
493 2413 970 2513 VATlNlUM
1043 2412 1437 2507 TESTEM
1496 2413 2266 2512 INTERRQGATm.

1120 2614 1287 2621 ——-——.

898 2671 1572 2783 ARGUMENTUM.

330 2858 384 2905 ln
423 2858 611 2909 iudicio
648 2859 702 2907 P.
744 2856 899 2909 Sentii
933 2859 1085 2910 etiam
1115 2860 1172 2914 P.
1211 2858 1467 2920 Vatinius,
1506 2859 1642 2908 idem
1669 2857 1786 2919 illc,
1822 2860 1910 2921 qui
1945 2872 2100 2921 quum
2131 2866 2269 2905 esset

193 2925 423 2974 tribunus
460 2926 626 2990 plebis
662 2940 795 2976 anno
835 2942 886 2978 u.
917 2943 964 2980 o.
1001 2926 1144 2985 695..
1183 2927 1419 2977 omnibus
1456 2929 1508 2976 in
1541 2928 1694 2977 rebus
1731 2927 1799 2977 ad
1823 2926 1874 2977 G.
1913 2925 2145 2976 Caesaris
2178 2940 2266 2974 vo·

195 2993 439 3043 luntatem
486 3010 543 3044 se
591 2994 967 3059 applicaverat,
1011 2996 1156 3046 testis
1204 2997 1481 3060 productus
1518 3003 1641 3050 erat.
1713 2996 1770 3045 In
1818 3012 1933 3045 eum
1971 2994 2037 3043 M.
2069 2993 2269 3043 Tullius

192 3064 296 3113 iarn
334 3063 382 3111 in
420 3077 481 3111 ea
517 3062 776 3122 oratione,
832 3080 982 3127 quam
1019 3064 1321 3129 habuitpro
1359 3067 1417 3115 P.
1456 3063 1654 3125 Sestio,
1699 3065 1851 3113 etiam
1891 3066 1933 3113 si
1968 3063 2266 3113 nominatim

194 3130 450 3179 hominem
498 3145 598 3180 non
643 3132 1013 3195 appellaverat,
1060 3134 1385 3183 vehementer
1428 3140 1535 3183 erat
1585 3134 1816 3182 invectus
1872 3148 1988 3199 cap.
2021 3129 2268 3191 13—15,

189 3198 235 3263 ὃ.
270 3198 582 3250 132—135.
653 3199 827 3251 Nihilo
857 3202 1027 3253 minus
1053 3204 1202 3252 etiarn
1236 3207 1291 3251 in
1332 3203 1733 3266 interrogatione
1754 3203 1992 3262 testium,
2034 3215 2165 3263 quac
2203 3201 2269 3249 ab

191 3279 405 3331 utraque
429 3275 576 3332 parte
611 3268 764 3319 dictis
797 3279 1145 3321 accusatorum
1173 3280 1223 3320 et
1252 3270 1577 3321 defensorum
1614 3271 1929 3321 orationibus
1966 3269 2267 3328 habebatur,

188 3352 288 3399 qua
336 3336 400 3386 de
443 3351 498 3386 re
539 3336 772 3388 conferas
809 3338 1131 3397 Quinctiliaui
1183 3341 1338 3390 instit.
1378 3346 1513 3390 orae.
1551 3338 1637 3389 lib.
1667 3339 1731 3391 V.
1771 3353 1883 3404 cap.
1921 3340 1972 3391 7.
2012 3339 2064 3400 S.
2103 3336 2171 3397 3.,
2199 3338 2269 3387 ita

190 3419 315 3454 usus
365 3413 442 3454 est
474 3403 647 3455 Cicero
679 3408 941 3456 occasione
980 3406 1178 3468 oblata,
1217 3416 1273 3458 ut
1304 3409 1416 3459 eius
1451 3408 1782 3472 interrogatio
1823 3409 1879 3457 P.
1909 3408 2102 3456 Vatinii
2136 3405 2268 3455 nihi}

190 3474 295 3524 fere
313 3472 520 3523 haberet
551 3474 649 3524 nisi
683 3474 1132 3540 reprehensionem
1162 3477 1446 3526 tribunatus
1471 3475 1628 3537 illius,
1668 3477 1731 3525 de
1754 3491 1855 3540 quo
1875 3475 1993 3525 vide
2019 3474 2087 3523 Μ.
2112 3474 2268 3524 Tullii
