2514 3928
53 89 524 127 ffl³v
625 88 660 95 ‘·
707 84 712 85 ⁷
1057 128 1078 129 Π
1099 128 1122 129 Π
1159 94 2413 129 ‘’d-&M

193 335 254 388 11
850 325 1014 406 CAP.
1044 334 1240 387 3—5.
1286 333 1338 392 s.
1369 334 1597 389 7-14.
2139 325 2264 388 235

190 491 393 552 poena
421 475 647 536 luenda
675 473 755 535 sit
782 490 964 549 quam
996 470 1155 534 iusta
1175 477 1533 548 repetenda.
1621 474 1720 538 11.
1751 474 1880 538 Etsi
1908 473 2267 551 persapien-

188 567 280 620 ter
321 567 381 619 et
429 558 699 634 quodam
744 557 930 619 modo
974 556 1151 618 tacite
1198 557 1305 617 dat
1343 558 1480 633 ipsa
1526 561 1626 619 lex
1658 567 2025 635 potestatem
2055 562 2264 621 desen-

188 641 395 713 dendi,
425 657 584 714 quae
608 657 728 701 non
766 637 1071 700 hominem
1103 639 1326 716 occidi,
1359 642 1468 700 sed
1506 658 1648 702 esse
1677 659 1815 704 cum
1852 643 1971 704 telo
2002 643 2264 705 hominis

189 723 515 786 occidendi
549 739 740 784 causa
768 730 962 797 vetat,
998 733 1081 799 ut,
1115 739 1300 797 quum
1339 739 1547 795 causa,
1575 741 1693 785 non
1719 728 1902 786 telum
1941 743 2264 800 quaerere-

194 818 318 878 tur,
369 807 474 882 qui
516 808 609 867 sui
648 806 1019 868 defendendi
1060 822 1251 868 causa
1281 807 1402 867 telo
1435 815 1605 867 esset
1625 825 1808 880 usuS,
1848 824 1970 869 non
2002 809 2264 871 bominis

191 889 512 952 occidendi
542 907 731 953 causa
757 891 1049 952 habuisse
1074 891 1254 952 telum
1296 890 1683 950 iudicaretur.
1747 891 2127 965 Quapropter
2146 893 2267 955 hoc

189 983 431 1036 maneat
457 973 518 1034 in
551 991 767 1047 causa,
811 973 1079 1036 iudices=
1125 991 1243 1036 non
1287 973 1449 1034 enim
1479 972 1688 1035 dubito
1720 973 1865 1050 quin
1900 974 2268 1048 probaturus

192 1059 307 1119 sim
337 1057 514 1120 vobis
543 1056 965 1121 defensio-nem
995 1075 1221 1131 meam,
1272 1057 1326 1118 si
1353 1056 1419 1118 id
1449 1056 1879 1129 memineritis»,
1914 1057 2081 1131 quod
2115 1057 2264 1119 obli·

194 1141 347 1204 visci
378 1159 500 1203 non
538 1141 817 1217 potestiS,
880 1139 1301 1203 insidiatorem
1331 1139 1591 1202 interfici
1623 1140 1756 1202 iure
1789 1156 1999 1216 posse.

317 1228 395 1285 V.
426 1225 527 1287 12.
558 1225 848 1300 Sequitur
878 1224 1045 1299 illud,
1076 1226 1245 1300 quod
1274 1223 1577 1285 aMilonis
1611 1223 1873 1299 inimicis
1895 1224 2266 1299 saepissime

193 1306 445 1380 dicitur,
494 1308 778 1380 caedem,
822 1307 881 1367 in
909 1324 1033 1382 qua
1062 1308 1125 1366 P.
1155 1307 1405 1368 Clodius
1428 1306 1679 1369 occisus
1706 1316 1831 1381 est,
1869 1315 2144 1369 senatum
2174 1308 2265 1370 iu·

196 1391 441 1452 dicasse
469 1398 680 1452 contra
707 1407 836 1450 rem
867 1389 1170 1465 publicam
1197 1405 1342 1451 esse
1377 1392 1617 1452 factam.
1705 1391 1874 1450 Illam
1907 1407 2054 1453 vero
2085 1409 2262 1453 sena·
2316 1438 2317 1441 η

192 1484 291 1535 tus
323 1491 443 1535 non
477 1473 794 1535 sententiis
828 1475 958 1534 suis
981 1474 1197 1545 solum,
1231 1473 1342 1533 sed
1367 1473 1544 1535 etiam
1575 1473 1796 1535 studiis
1828 1475 2266 1549 comprobavit.

192 1558 490 1632 Quotiens
530 1556 692 1618 enim
724 1565 820 1618 est
846 1558 948 1617 illa
979 1572 1169 1618 causa
1199 1574 1236 1616 a
1271 1557 1450 1618 nobis
1482 1565 1618 1618 acta
1647 1558 1708 1617 in
1744 1566 1992 1618 senatu!
2043 1557 2266 1632 quibus

189 1639 667 1703 adsensionibus
689 1639 958 1701 universi
983 1639 1233 1715 ordinis,
1261 1656 1444 1715 quam
1471 1657 1587 1702 nec
1616 1638 1812 1702 tacitis
1834 1657 1949 1701 nec
1981 1639 2265 1702 occultis!

189 1726 450 1802 Quando
496 1722 660 1786 enim
701 1722 1195 1800 frequentissimo
1231 1735 1449 1786 senatu
1496 1732 1783 1800 quattuor
1816 1734 1921 1786 aut
1965 1740 2265 1785 summum

190 1809 470 1887 quinque
525 1816 667 1870 sunt
714 1806 945 1870 inventi
988 1806 1094 1884 qui
1133 1805 1379 1870 Milonis
1421 1825 1671 1870 causam
1721 1825 1842 1870 non
1898 1809 2269 1883 probarent?

187 1896 519 1957 Declarant
570 1891 752 1954 huius
804 1892 1067 1955 ambusti
1120 1891 1342 1954 tribuni
1400 1890 1600 1969 plebis
1647 1891 1786 1953 illae
1838 1893 2267 1954 intermortuae

188 1978 532 2052 contiones·‚
555 1976 781 2053 quibus
811 1976 1035 2039 cotidie
1071 1993 1264 2037 meam
1298 1976 1626 2052 potentiam
1658 1976 1962 2037 invidiose
1989 1975 2266 2038 crimina·

193 2064 403 2133 batur,
449 2076 638 2135 quum
679 2060 912 2121 diceret
951 2070 1225 2120 senatum
1272 2076 1392 2119 non
1431 2061 1598 2135 quod
1635 2061 1913 2135 sentiret,
1948 2060 2062 2121 sed
2099 2059 2266 2136 quod

192 2160 312 2219 ego
355 2144 578 2203 vellem
612 2143 964 2203 decernere.
1051 2143 1216 2215 Quae
1254 2142 1500 2217 quidem
1546 2143 1600 2203 si
1633 2143 1899 2219 potentia
1933 2152 2030 2205 est
2058 2144 2265 2220 appel-

196 2227 381 2287 landa
424 2224 627 2300 potius
656 2241 841 2301 quam
860 2232 975 2298 ,aut
1007 2234 1260 2300 propter
1287 2242 1507 2301 magna
1539 2226 1599 2286 in
1640 2243 1765 2286 rem
1808 2227 2113 2302 publicam
2142 2241 2269 2287 me·

192 2312 313 2371 rita
344 2308 671 2370 mediocris
713 2308 772 2368 in
804 2308 984 2370 bonis
1015 2308 1221 2371 causis
1249 2308 1580 2374 auctoritas
1608 2319 1716 2371 aut
1741 2319 1997 2387 propter
2028 2310 2146 2372 hos
2178 2310 2271 2370 ol·-

197 2391 455 2453 ficiosos
488 2392 732 2453 labores
762 2408 934 2453 meos
964 2409 1086 2454 non
1119 2394 1286 2454 nulla
1308 2394 1476 2468 apud
1498 2393 1699 2455 bonos
1731 2395 1956 2470 gratia,
1993 2395 2264 2470 appelle-

198 2486 294 2537 tur
329 2475 413 2537 ita
451 2490 631 2549 sane,
676 2476 820 2537 dum
858 2477 1042 2538 modo
1073 2494 1145 2537 ea
1179 2494 1295 2538 nos
1327 2485 1570 2539 utamur
1596 2494 1711 2553 pro
1746 2479 1942 2540 salute
1969 2476 2265 2540 bonorum

197 2568 411 2621 contra
449 2558 770 2621 ament-iam
816 2560 1207 2635 perditorum.
1298 2560 1398 2621 13.
1448 2563 1620 2624 Hanc
1649 2577 1797 2622 vero
1823 2559 2264 2636 quaestionem,

196 2642 313 2705 etsi
343 2659 465 2705 non
496 2649 592 2704 est
623 2641 864 2719 iniqua,
907 2660 1239 2718 numquam
1269 2652 1469 2705 tamen
1502 2652 1755 2706 senatus
1785 2642 2267 2705 constituendam

196 2727 452 2802 putavit.
536 2726 724 2787 Erant
751 2726 910 2788 enim
941 2728 1144 2802 leges,
1187 2736 1361 2788 erant
1415 2725 1811 2802 quaestiones
1843 2728 1937 2786 vel
1969 2726 2048 2784 de
2077 2726 2270 2785 caede

193 2812 295 2870 vel
326 2812 405 2871 de
435 2808 527 2884 vi,
557 2825 674 2870 nec
712 2817 939 2872 tantum
980 2826 1318 2871 maerorem
1358 2826 1433 2871 ac
1474 2811 1700 2871 luctum
1742 2807 1979 2870 senatui
2006 2824 2173 2870 mors
2202 2808 2268 2867 P.

195 2894 388 2955 Clodii
420 2893 751 2968 adferebat,
782 2903 846 2956 ut
873 2910 1036 2955 nova
1068 2892 1348 2969 quaestio
1377 2894 1863 2955 constitueretur.
1901 2893 2086 2955 Cuius
2109 2891 2269 2954 enim

196 2979 277 3039 de
304 2976 408 3038 illo
444 2976 683 3038 incesto
726 2987 938 3052 stupro
974 2976 1264 3039 iudicium
1293 2977 1668 3040 decernendi
1709 2975 1947 3039 senatui
1991 2985 2269 3054 potestas

195 3068 369 3122 esset
399 3068 610 3136 erepta
630 3106 647 3136 ‚
695 3061 774 3122 de
814 3060 948 3123 cius
993 3059 1237 3122 interitu
1283 3060 1422 3137 quis
1464 3070 1672 3138 potest
1712 3062 1964 3123 credere
1992 3068 2267 3123 senatum

195 3141 488 3206 iudicium
525 3159 752 3205 novum
801 3142 1292 3207 constituendum
1341 3153 1593 3221 putasse
1617 3152 1646 3204 2
1686 3146 1805 3207 Cur
1846 3143 2269 3221 igiturincen·

196 3229 364 3289 dium
387 3228 612 3301 curiae,
643 3227 1162 3304 oppugnationem
1194 3229 1438 3291 aedium
1464 3229 1547 3289 M.
1570 3229 1803 3305 Lepidi,
1838 3229 2089 3291 caedem
2111 3228 2271 3289 hanc

196 3311 398 3386 ipsam
443 3319 658 3373 contra
703 3328 831 3372 rem
876 3311 1177 3387 publicam
1222 3323 1473 3375 senatus
1518 3314 1736 3375 factam
1783 3328 1928 3375 csse
1957 3310 2270 3373 decrevit?

199 3393 353 3466 Quia
394 3396 561 3456 nulla
602 3393 695 3456 vis
731 3411 1020 3472 umquam
1073 3404 1169 3459 est
1217 3397 1274 3457 in
1304 3395 1497 3460 libera
1529 3395 1772 3458 civitate
1801 3404 2092 3470 suscepta
2118 3393 2275 3455 inter

203 3478 378 3539 cives
417 3494 543 3540 non
584 3487 799 3541 contra
838 3496 966 3540 rem
999 3478 1329 3555 publicam.
1413 3478 1515 3543 14.
1549 3480 1682 3540 Non
1715 3478 1875 3540 enim
1905 3486 2003 3539 est
2034 3476 2139 3535 illa
2166 3476 2271 3535 de-

206 3558 406 3621 fensio
456 3570 665 3624 contra
695 3563 812 3623 vim
847 3578 1134 3640 umquam
1181 3563 1476 3641 optanda,
1526 3564 1634 3623 sed
1665 3579 1786 3622 non
1822 3573 2149 3633 numquam
2177 3564 2277 3616 est
