2514 3928
819 330 1198 383 PROOEMIUM
1233 330 1551 383 EDITORIS.
2139 350 2234 387 xxi

141 489 237 541 que
261 476 454 538 legetur
491 474 714 538 quisquis
746 473 961 522 voluerit
992 486 1083 522 nec
1115 472 1339 536 quisquis
1372 474 1586 521 noluerit
1613 486 1709 522 non
1744 473 1952 537 legetur,
1990 487 2084 537 pro
2124 475 2236 523 vul·

141 550 288 609 gato:
327 543 439 593 Non
474 557 634 606 aeque
670 545 863 606 legetur
887 549 982 591 etc.
1057 539 1161 591 Sed
1196 541 1322 589 haec
1356 539 1600 590 hactenus
1639 541 1703 590 de
1738 540 1837 590 hac
1876 542 2121 593 oratione.

280 609 521 674 Sequitur
559 610 720 660 oratio
755 612 1065 671 Plane-iana,
1108 611 1161 660 in
1208 625 1310 672 qua
1345 625 1443 675 ego
1478 611 1751 675 perpaucis
1795 610 1920 660 locis
1955 613 2237 677 scripturas

142 689 259 731 ante
294 695 326 729 a
361 694 442 729 me
476 687 703 744 receptas
734 681 945 733 mutavi.
1019 682 1096 728 Ac
1130 680 1353 744 primum
1387 680 1590 742 quidem
1627 694 1738 744 cap.
1776 678 1827 729 3.
1859 682 1909 741 S.
1943 681 1991 729 7.
2033 683 2086 730 in
2124 681 2236 731 loco

142 750 413 815 desperato
454 749 665 814 scripsi:
705 749 836 812 Quid
861 751 951 799 tu?
989 763 1164 799 amnne
1197 749 1456 814 diffinitatis
1495 749 1705 799 iudicem
1739 756 1891 810 putas
1930 764 2044 801 esse
2075 765 2237 815 popu-

138 818 272 869 lum?
304 832 404 867 non
439 825 631 881 tamen,
685 826 742 868 ut
779 820 856 869 sic
890 819 1058 869 locum
1090 832 1304 883 prorsus
1340 825 1572 867 sanatum
1609 818 1909 869 existimem.
1970 818 2043 869 De
2078 822 2238 885 parti·

141 887 258 937 cula
297 902 469 937 numne
515 887 622 937 dixi
666 888 735 938 ad
772 887 1030 939 Ciceronis
1067 888 1295 938 Laelium
1336 901 1390 953 p.
1434 887 1553 938 151.
1625 887 1756 937 Tum
1803 902 1916 953 cap.
1955 888 2006 938 6.
2054 891 2105 950 S.
2149 889 2232 940 15.

140 964 283 1008 tanto
317 972 409 1007 nos
442 959 623 1020 impetu
659 957 796 1008 edidi
831 973 925 1024 pro
959 965 1119 1009 tamen
1153 971 1245 1007 nos
1286 959 1483 1020 inpetu.
1557 956 1634 1007 Ex
1672 958 1940 1007 coniuncta
1986 959 2241 1023 scriptura

141 1025 444 1077 deteriorum
484 1033 534 1077 et
569 1026 836 1078 meliorum
873 1029 1109 1078 codicum
1145 1028 1316 1093 possis
1354 1027 1505 1077 etiam
1537 1026 1765 1076 efficere:
1813 1034 1977 1076 tamen
2019 1027 2071 1076 in
2099 1035 2240 1078 tanto

137 1110 229 1146 uos
249 1098 433 1161 impetu
467 1102 562 1145 etc.
603 1095 920 1160 Quamquam
950 1096 1217 1147 Ablativus
1250 1106 1385 1146 recte
1415 1111 1473 1146 se
1501 1095 1670 1156 habet,
1704 1096 1825 1146 vide
1847 1094 2104 1146 Ciceronis
2132 1101 2240 1147 Ac-

137 1172 298 1216 cusat.
339 1165 426 1216 lib.
457 1165 544 1217 111.
571 1180 684 1232 cap.
709 1166 792 1216 78.
835 1168 883 1228 S.
925 1166 1039 1218 182.
1077 1168 1228 1216 tantis
1252 1168 1452 1217 aerarii
1483 1168 1746 1232 anqustiis.
1787 1173 1837 1214 et
1872 1166 1992 1216 ibid.
2031 1165 2119 1218 lib.
2148 1167 2235 1216 IV.

136 1248 253 1300 cap.
293 1236 378 1286 46.
416 1235 467 1296 5.
503 1233 622 1286 103.
654 1234 752 1285 hac
783 1237 1095 1297 praedonum
1126 1235 1452 1288 matitudine.
1502 1234 1623 1300 Cap.
1657 1238 1688 1286 7
1738 1236 1788 1299 S.
1826 1236 1907 1287 17.
1947 1237 1999 1284 in
2037 1236 2236 1286 verbis:

137 1303 254 1354 Hoc
287 1312 452 1354 tamen
486 1307 659 1364 miror,
695 1319 789 1353 cur
815 1305 928 1355 huic
956 1306 1262 1369 potissinm
1292 1307 1529 1354 irascare
1562 1312 1653 1355 etc.
1689 1320 1804 1354 cum
1838 1304 1985 1354 libris
2021 1305 2145 1356 Bav.
2190 1311 2241 1352 et

137 1371 246 1421 Eri.
283 1380 364 1436 tu,
405 1373 546 1435 quod
584 1372 738 1437 vulgo
771 1381 890 1437 post
920 1388 1019 1422 cur
1051 1372 1361 1431 habebatur,
1398 1371 1587 1425 delevi.
1659 1373 1833 1422 Paullo
1870 1382 1990 1439 post
2031 1389 2143 1439 cap.
2180 1371 2236 1423 8.

140 1440 192 1503 S.
232 1439 318 1491 19.
361 1457 391 1490 e
421 1439 536 1489 cod.
568 1439 853 1489 Erfurtensi
885 1441 1054 1490 edidi:
1091 1455 1162 1489 ex
1203 1455 1300 1504 quo
1331 1441 1581 1502 plurimae
1610 1449 1723 1490 sum
1753 1442 1976 1504 familiae
2011 1446 2242 1493 consuia-

141 1523 249 1567 νεα,
289 1523 385 1574 pro
421 1522 499 1566 eo,
538 1508 677 1571 quod
712 1507 833 1558 olim
871 1510 1202 1574 scripseram:
1238 1523 1309 1558 eae
1337 1523 1436 1572 quo
1472 1515 1585 1558 sune
1624 1517 1720 1561 etc.
1754 1517 1960 1561 auctore
1995 1511 2154 1572 libro,
2185 1520 2242 1562 ut

141 1577 349 1635 dicitur,
381 1575 653 1629 Bavarico.
711 1578 1003 1629 Deteriores
1031 1578 1164 1628 vlibri
1198 1584 1314 1627 sunt
1346 1585 1465 1643 post
1495 1579 1724 1640 familiae
1761 1577 2026 1630 collocant.
2087 1580 2242 1630 Dein-

137 1654 264 1713 ceps
301 1646 544 1696 librorum
590 1647 898 1713 scripturam.
940 1655 1018 1699 tot
1053 1647 1266 1710 reliqui,
1309 1656 1365 1697 ut
1400 1647 1723 1714 parenthesis
1771 1648 1889 1714 ipsa
1939 1657 2243 1710 nasceretur,

136 1730 448 1779 quamquam
488 1715 552 1766 de
590 1731 649 1766 ea
682 1717 879 1767 ratione
916 1717 1150 1768 dubitare
1180 1716 1315 1769 licet.
1391 1716 1516 1784 Cap.
1552 1717 1637 1769 10.
1677 1720 1727 1780 5.
1770 1719 1856 1767 24.
1896 1717 2077 1782 scripsi
2111 1731 2247 1767 nunc

134 1785 303 1836 timide
333 1785 448 1835 dieo
478 1800 593 1835 cum
631 1785 771 1836 libris
795 1787 916 1837 Bav.
950 1794 1103 1850 atque
1119 1787 1403 1837 Erhrrtensi
1428 1794 1478 1837 et
1500 1787 1853 1846 deterioribus,
1879 1801 1975 1852 pro
2002 1802 2082 1848 eo,
2108 1787 2244 1851 quod

139 1853 263 1903 olim
306 1853 567 1905 edideram
601 1870 629 1906 e
664 1855 777 1906 cod.
815 1857 1157 1907 Ambrosiano
1191 1857 1359 1908 timide
1403 1857 1581 1907 dicam.
1646 1857 1806 1907 dicam
1847 1866 2020 1906 natum
2065 1865 2143 1907 est
2176 1869 2243 1906 ex

139 1938 229 1983 eo,
279 1923 417 1988 quod
452 1924 571 1975 dica
606 1939 700 1992 pro
736 1924 850 1977 dico
885 1935 1165 1993 posuerunt
1198 1927 1420 1989 librarii,
1470 1928 1558 1989 qui
1596 1941 1734 1977 error
1762 1926 1916 1976 etiam
1953 1926 2088 1978 infra
2124 1940 2238 1993 cap.

138 1994 205 2046 33
243 1994 292 2055 5.
329 1992 415 2046 80.
454 1995 628 2045 turbas
670 1995 807 2045 fecit.
887 1995 1010 2062 Cap.
1053 1997 1137 2047 12.
1175 1997 1226 2059 S.
1257 1996 1342 2047 31.
1387 1999 1549 2060 aliqui
1590 2011 1683 2062 pro
1727 1997 1911 2061 aliquis
1957 1998 2128 2062 recepi
2178 2011 2243 2046 ex

138 2065 251 2114 cod.
291 2064 412 2114 Bav.
465 2064 590 2130 Gap.
631 2062 716 2115 15.
759 2066 809 2126 5.
845 2064 932 2119 36.
964 2066 1149 2132 scripsi
1183 2080 1317 2115 nunc
1350 2080 1407 2117 es
1440 2072 1641 2116 secutus
1670 2080 1699 2115 e
1735 2065 1847 2116 cod.
1881 2065 2242 2124 Ambrosiano,

139 2133 219 2182 cui
257 2132 396 2182 favet
430 2133 584 2182 etiam
620 2148 750 2196 quae
786 2141 863 2183 est
898 2135 951 2184 iu
991 2133 1138 2185 libris
1172 2134 1278 2184 Eri.
1313 2142 1363 2184 et
1398 2136 1522 2187 Bav.
1561 2133 1847 2200 corruptela
1879 2149 1993 2186 esse
2023 2142 2241 2195 secutus,

138 2216 232 2267 pro
270 2208 468 2251 secutus
503 2216 577 2251 es.
619 2202 740 2267 Cap.
778 2202 860 2253 17.
900 2204 951 2265 S.
982 2205 1068 2254 42.
1106 2203 1392 2255 indicavisti
1421 2204 1619 2253 restitui
1653 2218 1747 2269 pro
1775 2203 2072 2255 iudicavisti.
2113 2204 2235 2269 Cap.

140 2270 227 2322 18.
262 2272 313 2333 5.
344 2272 430 2321 44.
470 2271 574 2319 iam
607 2272 801 2321 sanciri
836 2287 928 2338 pro
960 2273 1164 2323 sancire
1197 2274 1410 2339 reduxi.
1458 2271 1581 2338 Cap.
1620 2272 1704 2324 20.
1738 2274 1787 2334 5.
1828 2270 1913 2323 49.
1957 2274 2008 2322 in
2042 2274 2240 2323 verbis:

139 2340 233 2391 sed
261 2354 355 2389 cm·
381 2355 472 2404 eqo
499 2343 574 2391 sic
605 2341 716 2406 ayo,
752 2342 918 2392 delevi
948 2342 1246 2393 auctoritate
1275 2343 1391 2395 cod.
1413 2341 1517 2391 Eri.
1549 2355 1827 2406 pronomen
1857 2356 1967 2407 eqo.
2006 2342 2128 2407 Cap.
2150 2341 2237 2392 21.

139 2410 188 2471 5.
218 2409 308 2461 52.
347 2424 376 2459 e
412 2410 527 2460 eod.
570 2410 675 2461 Eri.
721 2411 855 2461 hunc
895 2412 1123 2462 ordinem
1164 2412 1389 2461 restitui:
1433 2413 1658 2461 consules
1692 2413 1871 2462 seinans
1904 2412 2079 2476 factos
2109 2425 2241 2462 esse.

143 2476 270 2543 Cap.
317 2479 400 2531 22.
440 2479 487 2539 5.
535 2477 619 2530 53.
667 2479 927 2531 Dubitatis
963 2496 992 2531 e
1027 2479 1171 2530 libris
1205 2480 1310 2531 Eri.
1357 2487 1407 2530 et
1444 2479 1566 2531 Bav.
1609 2488 1659 2530 ct
1704 2481 1970 2531 deterioris
2018 2479 2243 2530 familiae

143 2547 329 2612 scripsi
372 2562 466 2613 pro
504 2564 591 2608 eo,
639 2549 778 2612 quod
815 2550 938 2600 olim
974 2565 1040 2601 ex
1076 2552 1191 2602 cod.
1221 2550 1557 2600 Ambrosiano
1592 2563 1887 2615 receperam
1918 2548 2240 2599 Dubitabitis.

145 2613 270 2681 Gap.
308 2618 394 2667 24.
431 2618 479 2679 S.
518 2617 602 2669 58.
645 2633 773 2682 quae
812 2634 947 2669 nunc
985 2628 1062 2669 est
1100 2635 1131 2670 a
1172 2634 1254 2669 me
1291 2618 1428 2670 facta
1463 2620 1732 2670 verborum
1765 2618 2032 2669 collocatio
2070 2625 2123 2668 et
2153 2616 2245 2665 hu-

143 2687 381 2736 manitate
412 2693 462 2736 et
490 2690 670 2738 virtute
698 2701 792 2752 pro
817 2688 1024 2753 vulgata
1051 2696 1104 2739 et
1131 2690 1316 2740 virtute
1348 2696 1401 2739 et
1425 2688 1726 2739 humanitate
1759 2696 1836 2738 est
1867 2687 2030 2753 petita
2064 2703 2092 2736 e
2123 2684 2242 2735 cod.

144 2754 251 2804 Eri.
288 2754 364 2805 De
384 2754 629 2806 Bavarico
665 2756 996 2808 tacetur-boc
1030 2766 1080 2807 et
1116 2757 1287 2808 multis
1324 2757 1438 2808 aliis
1473 2758 1618 2823 locis,
1652 2758 1741 2807 ubi
1778 2757 1948 2807 solum
1982 2755 2245 2805 Etrurten-

144 2837 281 2884 sem,
317 2833 374 2874 ut
417 2839 512 2890 par
553 2833 688 2887 erat,
723 2834 930 2877 secutus
965 2841 1094 2877 sum.
1153 2828 1327 2878 Paullo
1363 2835 1481 2892 post
1514 2841 1649 2876 nunc
1690 2827 1897 2890 scripsi:
1939 2824 2246 2887 praesertim

141 2900 336 2943 mortuo
370 2894 551 2958 Cmtyo.
619 2894 759 2946 Libri
805 2897 939 2946 enim
975 2897 1214 2948 meliores
1249 2896 1505 2961 bonoim.
1542 2894 1682 2957 quod
1721 2895 1877 2959 vulgo
1915 2892 2103 2957 legitur
2139 2906 2242 2943 nou

141 2961 366 3028 habent,
410 2965 500 3014 sed
541 2972 630 3015 aut
674 2965 862 3025 Conco,
911 2968 1049 3029 quod
1079 2971 1265 3018 nomen
1303 2965 1540 3017 Latinum
1572 2978 1674 3014 non
1715 2973 1822 3028 est,
1870 2969 1928 3012 ut
1962 2962 2077 3013 cod.
2118 2965 2243 3013 Am·

142 3031 443 3093 brosianus,
488 3042 575 3084 aut
611 3035 814 3100 Longe,
857 3043 913 3084 ut
944 3036 1047 3089 Etr.
1104 3036 1179 3087 De
1217 3036 1462 3085 Bavarico
1505 3040 1713 3084 tacetur.
1772 3033 1974 3083 Iunium
2013 3029 2243 3098 Congum

142 3103 257 3167 ipse
303 3100 370 3151 M.
411 3102 608 3153 Tullius
648 3112 1009 3155 commemorat
1058 3106 1198 3172 apud
1237 3106 1451 3156 Plinium
1484 3102 1597 3153 hist.
1642 3110 1747 3153 nat.
1785 3102 1873 3153 lib.
1915 3102 1952 3151 1.
1989 3115 2071 3166 pr.
2102 3103 2151 3162 S.
2191 3101 2241 3149 7.

141 3169 333 3231 verbis,
364 3178 421 3220 ut
450 3173 651 3223 videtur
680 3173 880 3225 Lucilii.
922 3175 1115 3224 Plinius
1146 3175 1281 3224 enim
1306 3173 1434 3224 haec
1452 3172 1634 3221 refert:
1667 3172 1955 3222 Praeterea
1984 3175 2063 3219 est
2089 3184 2244 3233 quae-

144 3240 261 3289 dam
301 3239 506 3303 publica
544 3245 694 3292 etiam
737 3245 1037 3294 eruditorum
1081 3245 1310 3296 reiectio.
1392 3243 1565 3294 Utitur
1602 3242 1689 3291 illa
1730 3240 1812 3291 M.
1854 3239 2046 3290 Tullius
2086 3244 2243 3287 extra

143 3323 331 3359 onmem
357 3312 544 3375 inqenii
579 3313 740 3362 aleam
770 3313 968 3375 positus
1005 3319 1078 3372 et,
1117 3312 1253 3377 quod
1278 3314 1535 3370 miremur,
1560 3324 1661 3373 per
1694 3309 1987 3360 advocatum
2018 3306 2243 3367 defendi·

142 3385 260 3427 tur:
302 3377 424 3429 ‘nec
458 3380 779 3432 doctissimis:
831 3380 1056 3431 Manium
1085 3382 1315 3432 Persium
1350 3380 1478 3431 haec
1509 3382 1675 3444 leqere
1709 3380 1851 3437 nolo,
1886 3374 2080 3423 Iemium
2117 3375 2244 3427 Gon·

142 3462 256 3512 qum
291 3447 440 3512 volo!
483 3448 631 3511 Quod
659 3453 707 3501 si
733 3450 827 3500 hoc
859 3450 1100 3513 Lucilius,
1138 3450 1224 3515 qui
1245 3450 1437 3513 primus
1472 3449 1697 3502 condidit
1727 3446 1836 3495 καί
1857 3457 2045 3505 nasum,
2078 3441 2243 3492 dicen·

145 3518 259 3566 dum
289 3515 389 3567 sibi
412 3519 626 3583 putavit,
659 3520 707 3568 si
735 3519 910 3570 Cicero
931 3520 1246 3570 minandum
1274 3525 1368 3569 ete.
1404 3515 1526 3580 cap.
1554 3516 1638 3565 25.
1669 3517 1718 3576 S.
1749 3513 1835 3563 60.
1861 3524 1997 3557 nunc
2020 3508 2246 3564 r‘Per‘e‘

146 3601 237 3649 pro
275 3589 479 3649 reperis
515 3589 726 3654 scripsi,
762 3591 897 3651 quod
934 3589 1092 3638 suasit
1132 3587 1286 3636 etiam
1320 3581 1609 3645 Madvigius
1645 3581 1698 3626 in
1726 3577 1911 3635 Ορϊιεὸ.
1952 3570 2119 3615 Ama·
2154 3566 2246 3611 “u-
