2514 3928
181 215 257 270 49
791 215 954 276 CAP.
990 228 1218 280 8—10.
1268 227 1317 286 s.
1357 231 1620 285 18—23.
2144 231 2263 296 147

183 376 327 421 meo
376 378 588 425 omnes
623 365 708 427 illi
740 368 958 428 nefarii
990 371 1175 444 gladii
1207 374 1285 433 de
1315 374 1598 438 manibus
1628 378 2070 441 crudelissimis
2100 387 2257 445 exci-

182 444 435 516 derunt,
484 465 672 522 quum
722 450 970 526 quidem
1000 461 1149 529 tum
1176 469 1515 520 vaecorset
1544 477 1786 536 amens,
1832 481 2016 538 quum
2048 484 2263 530 omnes

180 526 329 588 boni
375 530 563 592 abditi
609 531 956 611 inclusique
996 551 1371 614 maererent,
1433 546 1657 620 templa
1705 558 2046 621 gemerent,
2105 560 2264 614 tecta

177 610 323 685 ipsa
366 613 536 675 urbis
567 615 875 694 lugerent,
920 625 1282 698 complexus
1313 642 1383 686 es
1414 627 1718 688 funestum
1751 630 1893 691 illud
1933 632 2157 697 animal
2185 653 2265 698 ex

176 695 436 791 nefariis
470 700 731 775 stupris,
761 719 839 764 ex
867 705 1030 767 civili
1065 723 1318 783 cruore,
1365 726 1447 770 ex
1491 712 1652 772 omni
1691 714 1993 776 scelerum
2038 720 2259 796 impor-

174 788 432 841 tunitate
463 795 825 860 conceptum
874 797 1061 866 atque
1111 794 1332 854 eodem
1371 793 1431 854 in
1478 796 1733 871 temp10,
1770 801 1989 860 eodem
2041 811 2103 864 et
2140 804 2261 865 loci

173 864 438 940 vestigio
470 876 530 928 et
558 871 880 946 temporis,
910 874 1159 938 arbitria
1190 895 1313 939 non
1344 879 1465 940 mei
1495 881 1726 954 solum,
1758 884 1872 943 sed
1904 886 2138 958 patriae
2170 889 2257 948 l'u-

171 946 343 1009 neris
372 950 690 1014 abstulisti.

294 1033 366 1093 X.
403 1033 505 1096 22.
539 1037 694 1112 Quid
728 1057 845 1115 ego
880 1041 1122 1104 illorum
1151 1043 1386 1107 dierum
1416 1051 1666 1127 epulas,
1702 1051 1850 1129 quid
1881 1053 2165 1116 laetitiam
2198 1064 2259 1116 et

164 1118 633 1188 gratulationem
663 1130 847 1195 tuam,
884 1126 1030 1200 quid
1057 1143 1194 1188 cum
1224 1131 1345 1189 tuis
1370 1132 1815 1197 sordidissimis
1846 1139 2136 1213 gregibus
2165 1140 2255 1199 in-

166 1202 759 1276 temperantissimas
802 1208 1264 1282 perpotationes
1307 1214 1654 1286 praedicem
1672 1225 1702 1278 2
1731 1219 1880 1292 Quis
1903 1229 1962 1281 te
1985 1222 2104 1284 illis
2128 1224 2252 1284 die·

165 1283 288 1343 bus
319 1284 611 1359 sobrium,
645 1287 786 1361 quis
814 1298 1094 1363 agentem
1116 1292 1348 1366 aliquid
1374 1298 1543 1367 quod
1574 1291 1958 1362 essetlibero
1985 1306 2251 1380 dignum,

166 1364 310 1440 quis
337 1365 604 1442 denique
627 1368 688 1428 in
715 1371 960 1445 publico
986 1371 1176 1434 vidit?
1206 1392 1393 1450 quum
1417 1380 1690 1454 collegae
1722 1385 1806 1443 tui
1831 1386 2050 1447 domus
2075 1399 2252 1450 cantu

163 1456 228 1509 et
259 1448 561 1526 cymbalis
592 1463 954 1526 personaret
977 1473 1291 1533 quumque
1320 1458 1459 1535 ipse
1491 1463 1692 1524 nudus
1720 1465 1780 1524 in
1813 1468 2099 1530 convivio
2136 1475 2250 1532 sal—

168 1544 361 1598 taret:
406 1536 465 1597 in
507 1555 632 1613 quo
671 1557 858 1614 quum
889 1557 1067 1602 suum
1098 1543 1265 1604 illum
1297 1547 1676 1607 saltatorium
1713 1560 1989 1612 versaret
2020 1554 2249 1623 orbem,

169 1637 253 1680 ne
293 1628 416 1680 tum
463 1623 708 1697 quidem
753 1625 1036 1686 fortunae
1078 1635 1276 1688 rotam
1322 1630 1814 1705 pertimescebat.
1877 1634 2014 1696 'Hic
2048 1646 2250 1698 autem

166 1720 292 1765 non
326 1712 449 1765 tam
483 1708 824 1770 concinnus
855 1709 1061 1772 heliuo
1101 1727 1220 1773 nec
1254 1719 1381 1774 tam
1418 1715 1688 1778 musicus
1729 1719 1972 1780 iacebat
2008 1721 2066 1780 in
2104 1738 2249 1783 suo·

166 1805 302 1848 rum
337 1790 712 1854 Graecorum
745 1796 986 1856 foetore
1014 1802 1077 1858 et
1104 1811 1333 1859 caeno:
1367 1802 1534 1874 quod
1561 1803 1808 1876 quidem
1832 1803 2008 1865 istius
2042 1805 2101 1866 in
2133 1807 2248 1866 illis

159 1876 249 1934 rei
283 1875 565 1951 publicae
596 1877 862 1940 luctibus
904 1881 1081 1957 quasi
1122 1881 1374 1958 aliquod
1409 1884 1802 1961 Lapitharum
1849 1897 1954 1947 aut
1995 1887 2248 1949 Centau·

159 1976 369 2021 rorum
395 1961 744 2024 convivium
769 1964 1106 2027 ferebatur-2
1136 1966 1198 2027 in
1223 1985 1347 2043 quo
1373 1986 1553 2029 nemo
1586 1979 1790 2045 potest
1810 1971 2017 2033 dicere
2050 1983 2248 2034 utrum

112 2062 117 2066 ·
158 2043 277 2104 iste
304 2046 443 2119 plus
473 2045 694 2107 biberit
734 2065 811 2107 an
857 2050 1158 2111 vomuerit
1195 2068 1273 2111 an
1321 2052 1625 2115 effuderit.
1712 2054 1815 2116 23.
1859 2056 2027 2117 Tune
2069 2057 2246 2118 etiam

159 2128 532 2189 mentionem
560 2129 750 2191 facies
782 2136 1139 2195 consulatus
1164 2134 1297 2212 [tui]
1326 2144 1431 2196 aut
1453 2144 1511 2196 te
1542 2137 1738 2198 fuisse
1763 2141 1995 2201 Romae
2025 2156 2245 2199 consu·

160 2213 279 2272 lem
310 2211 516 2273 dicere
546 2212 806 2275 audebis
822 2222 851 2273 ‘3
872 2213 1068 2288 Quid?
1092 2227 1156 2281 tu
1182 2221 1240 2281 in
1257 2221 1577 2284 lictoribus
1594 2231 1657 2285 et
1679 2224 1741 2285 in
1762 2231 1909 2299 toga
1933 2231 2248 2297 praetexta

159 2311 302 2355 esse
327 2298 710 2359 consulatum
738 2307 960 2372 putas?
996 2318 1154 2375 quae
1185 2312 1539 2364 ornamenta
1567 2306 1746 2366 etiam
1777 2304 1834 2378 in
1858 2306 2005 2367 Sex.
2034 2306 2246 2367 Clodio

160 2387 221 2438 te
251 2384 505 2441 consule
535 2399 680 2443 esse
714 2383 978 2445 voluisti.
1028 2384 1226 2445 Huius
1257 2385 1680 2455 tu,Clodianae
1705 2390 1889 2460 canis,
1904 2390 2246 2466 insignibus

159 2465 542 2525 consulatum
589 2466 888 2527 declarari
929 2476 1158 2545 putas?
1194 2470 1419 2531 Animo
1458 2474 1777 2534 consulem
1808 2490 1952 2535 esse
1984 2483 2243 2549 oportet,

159 2547 440 2623 consiliu,
470 2550 612 2624 nde,
643 2550 956 2625 gravitate,
986 2552 1319 2628 vigilantia,
1348 2570 1513 2626 cura,
1537 2564 1665 2616 toto
1696 2557 1966 2633 denique
1991 2574 2245 2618 munere

159 2633 515 2694 consulatus
546 2633 710 2694 omui
741 2634 949 2695 officio
982 2637 1230 2707 tuende,
1265 2636 1681 2713 maximeque,
1715 2639 1778 2699 id
1813 2642 1979 2715 quod
2014 2642 2105 2700 vis
2137 2657 2244 2701 no-

158 2714 336 2776 minis
359 2715 499 2791 ipsa
523 2717 902 2793 praescribit,
935 2719 1021 2780 rei
1054 2718 1339 2794 publicae
1371 2724 1773 2796 consulendo.
1832 2725 1925 2781 An
1960 2738 2075 2797 ego
2100 2740 2245 2783 con-

156 2800 352 2859 sulem
384 2817 526 2861 esse
557 2809 763 2877 putem
796 2802 900 2878 qui
931 2812 1211 2865 senatum
1240 2820 1385 2876 esse
1426 2802 1483 2868 in
1532 2821 1599 2865 re
1641 2805 1886 2881 publica
1917 2824 2035 2867 non
2072 2816 2238 2883 puta·

156 2883 269 2957 vit,
316 2891 379 2945 et
408 2883 542 2946 sine
571 2901 648 2946 eo
680 2885 940 2947 consilio
975 2888 1291 2949 consulem
1324 2903 1655 2962 numerem,
1691 2888 1825 2950 sine
1857 2908 1980 2965 quo
2010 2892 2242 2953 Romae

156 2981 233 3026 ne
270 2981 451 3043 reges
499 2968 746 3044 quidem
793 2986 936 3031 esse
981 2978 1356 3047 potuerunt?
1402 2972 1639 3034 Etenim
1693 2974 1795 3034 illa
1837 2976 1954 3036 iam
1999 2976 2239 3039 omittes

146 3067 341 3125 ,quum
377 3068 698 3132 servorum
736 3054 992 3115 dilectus
1023 3054 1351 3118 haberetur
1370 3055 1431 3116 in
1464 3058 1629 3130 fore,
1667 3075 1834 3119 arma
1867 3059 1927 3120 in
1952 3063 2237 3137 templum

157 3133 424 3197 Castoris
467 3138 605 3198 luce
645 3145 707 3198 et
749 3138 948 3213 palam
993 3149 1550 3215 comportarentur,
1594 3143 1656 3202 id
1690 3152 1890 3204 autem
1929 3147 2237 3219 templum,

160 3218 396 3281 sublato
431 3218 619 3293 aditu,
650 3220 915 3281 revulsis
945 3223 1256 3298 gradibuS,
1293 3242 1328 3284 a
1360 3224 1812 3288 coniuratorum
1845 3227 2120 3303 reliquiis
2149 3237 2235 3289 at-

158 3317 275 3377 que
310 3319 350 3363 a
375 3302 669 3365 Catilinae
714 3304 1206 3380 praevaricatore
1251 3309 1579 3383 quondam,
1613 3317 1739 3372 tum
1780 3312 2007 3383 ultore,
2048 3308 2234 3370 armis

157 3394 475 3460 teneretur,
506 3389 968 3464 quum‘equites
997 3389 1259 3452 Romani
1293 3393 1727 3467 relegarentur,
1763 3393 1878 3453 viri
1899 3391 2049 3453 boni
2082 3391 2229 3465 lapi-

153 3466 331 3531 dibus
361 3485 400 3532 e
428 3470 566 3532 foro
599 3472 989 3548 pellerentur,
1041 3473 1284 3537 senatui
1331 3491 1452 3535 non
1485 3476 1684 3538 solum
1694 3476 1928 3619 ligxare
1958 3489 2087 3533 rem
2116 3488 2215 3544 pu·
