2514 3928
370 211 496 272 110
641 209 744 269 DE
776 185 1217 269 paovmcns'
1260 206 1848 268 consumamus
1880 190 2188 267 calmo,
2399 220 2486 275 122

369 378 514 421 num
547 359 810 430 videbat,
840 358 1187 417 bellandum
1219 374 1361 418 esse
1392 356 1580 430 duxit,
1611 359 1725 418 sed
1755 366 1939 419 totam
1965 357 2217 418 Galliam
2249 360 2312 419 in
2346 378 2486 435 noe

363 454 553 506 stram
589 443 892 502 dicionem
924 456 1068 500 esse
1103 442 1530 516 redigendam„
1590 440 1693 502 33.
1726 442 1938 516 ltaque
1967 458 2107 502 cum
2136 444 2469 505 acerrimis

370 526 716 588 nationibus
759 531 820 585 et
852 525 1130 584 maximis
1162 523 1597 585 Germanorum
1642 533 1703 584 et
1740 525 2152 586 Helvetiorum
2194 529 2465 601 proeliis

369 609 719 671 felicissime
748 604 1114 669 decertavit=
1194 619 1430 668 ceteras
1466 607 1814 681 conterruit,
1846 608 2156 685 compulit,
2192 610 2461 685 domuit,

367 692 621 769 imperio
669 692 880 768 populi
908 692 1168 753 Romani
1208 708 1429 767 parcre
1470 691 1814 752 adsuefecit
1855 699 1916 752 et
1957 708 2112 766 quas
2160 694 2462 768 regiones

368 793 651 853 quasque
682 785 899 851 gentes
928 776 1130 835 nullae
1157 776 1338 836 nobis
1366 783 1544 835 antea
1571 776 1834 847 litterae,
1881 776 2045 836 nulla
2074 792 2199 838 vox
2222 823 2237 848 ,
2284 778 2463 837 nulla

368 863 530 920 fama
558 868 736 921 notas
768 860 1012 932 fecerat,
1037 864 1156 920 'eas
1187 869 1399 919 noster
1424 857 1753 934 imperator
1782 871 2117 935 nosterque
2138 861 2462 922 exercitus

370 953 431 1005 et
464 943 678 1020 populi
703 943 960 1003 Romani
1000 959 1166 1002 arma
1207 950 1623 1018 peragrarunt.
1713 941 1999 1003 Semitam
2050 949 2276 1004 tantum
2308 943 2456 1005 Gal-

369 1028 487 1087 liae
538 1027 892 1086 tenebamus
950 1032 1157 1098 antea,
1217 1034 1427 1100 patres
1483 1022 1848 1102 conscriptiz
1944 1034 2184 1087 ceterae
2240 1036 2457 1102 partes

366 1110 716 1186 agentibus
746 1117 851 1170 aut
876 1107 1135 1169 inimicis
1164 1108 1308 1169 huic
1337 1110 1590 1186 imperio
1621 1117 1726 1170 aut
1751 1108 1959 1171 infidis
1988 1119 2091 1171 aut
2120 1111 2454 1186 incognitis

363 1202 469 1254 aut
492 1201 654 1254 certe
677 1194 1039 1253 immanibus
1068 1200 1130 1253 et
1148 1193 1425 1254 barbaris
1453 1202 1514 1255 et
1534 1193 1841 1254 bellicosis
1867 1194 2255 1257 tenebantur=
2287 1213 2455 1270 quus

364 1278 644 1339 nationes
678 1293 855 1338 nemo
888 1293 1172 1351 umquam
1223 1278 1334 1338 fuit
1362 1278 1507 1353 quin
1544 1279 1739 1351 l'rangi
1770 1278 2129 1354 domarique
2158 1288 2448 1353 cuperet:

363 1377 542 1422 nemo
567 1361 877 1436 sapienter
898 1362 976 1420 de
997 1377 1064 1420 re
1088 1361 1332 1435 publica
1362 1370 1569 1422 nostra
1596 1360 1884 1436 cogitavit
1911 1360 2030 1421 iam
2058 1363 2255 1421 indea
2280 1363 2449 1437 prin-

364 1444 525 1521 cipio
570 1444 749 1505 buius
780 1445 1013 1520 imperii
1044 1445 1187 1520 quin
1218 1444 1468 1505 Galliam
1509 1446 1769 1505 maxime
1806 1445 2131 1506 timendam
2159 1444 2301 1506 huic
2333 1447 2448 1507 im-

367 1532 534 1607 perio
564 1545 708 1590 esse
738 1535 1004 1604 putaret,
1039 1530 1149 1588 sed
1181 1536 1435 1604 propter
1459 1530 1580 1589 vim
1612 1545 1684 1589 ac
1717 1527 2446 1604 multitudinemgentium

365 1615 595 1673 illarum
627 1628 957 1688 numquam
987 1620 1082 1672 est
1109 1621 1289 1672 antea
1323 1628 1457 1672 cum
1490 1614 1769 1673 omnibus
1803 1611 2171 1674 dimicatum.
2239 1613 2446 1674 Resti-

364 1698 542 1757 timus
574 1711 823 1770 semper
851 1696 1138 1756 lacessiti.
1222 1697 1394 1756 Nunc
1441 1696 1708 1772 denique
1746 1705 1841 1757 est
1869 1698 2205 1772 perrectum
2236 1705 2302 1757 ut
2331 1698 2445 1758 im-

364 1782 514 1854 perii
551 1780 741 1840 nostri
775 1787 1193 1854 terrarumque
1221 1781 1456 1840 illarum
1486 1779 1647 1841 idem
1678 1788 1847 1841 esset
1874 1788 2229 1841 extremum.

483 1864 645 1927 XIV.
672 1860 777 1923 34.
807 1863 1068 1937 Alpibus
1097 1863 1327 1924 ltaliam
1367 1865 1665 1925 munierat
1703 1872 1882 1924 antea
1915 1873 2130 1926 natura
2151 1880 2271 1924 non
2302 1865 2447 1926 sinc

361 1944 565 2022 aliquo
610 1946 816 2008 divino
861 1945 1125 2008 numine.
1213 1947 1362 2007 Nam
1408 1949 1461 2009 si
1505 1948 1606 2010 ille
1648 1947 1849 2009 aditus
1880 1947 2184 2010 Gallorum
2228 1949 2442 2010 imma-

364 2033 526 2092 nitati
558 2030 1044 2106 multitudinique
1076 2033 1402 2107 patuisset,
1450 2049 1782 2109 numquam
1825 2032 1978 2093 haec
2018 2034 2167 2093 urbs
2195 2049 2442 2095 summo

359 2114 614 2190 imperio
658 2115 1025 2176 domicilium
1078 2132 1152 2175 ac
1195 2116 1406 2177 sedem
1447 2116 1849 2193 praebuisset.
1930 2116 2099 2192 Quae
2138 2116 2257 2176 iam
2294 2118 2442 2179 licet
2485 2169 2486 2192 ἶ

360 2199 712 2261 considant!
769 2198 925 2259 Nihil
965 2208 1061 2260 est
1100 2199 1260 2259 enim
1303 2202 1459 2260 ultra
1498 2200 1661 2260 illam
1714 2199 2088 2261 altitudinem
2139 2201 2438 2262 montium
2485 2211 2486 2274 l

362 2298 560 2357 usque
602 2283 680 2342 ad
723 2282 1030 2343 Oceanum
1075 2284 1240 2359 quod
1284 2283 1363 2343 sit
1401 2284 1607 2345 Italiae
1646 2284 2216 2359 pertimescendum.
2307 2283 2434 2345 Sed
2485 2331 2486 2334 η

359 2375 556 2425 tamen
588 2383 709 2426 una
735 2374 920 2440 atque
948 2367 1139 2428 altera
1160 2374 1366 2428 aestas
1398 2370 1492 2428 vel
1520 2376 1685 2428 metu
1716 2369 1811 2427 vel
1841 2384 1956 2443 spe
1978 2369 2076 2429 vel
2104 2382 2307 2443 poena
2334 2370 2436 2429 vel
2485 2413 2486 2416 η

357 2450 643 2526 praemiis
675 2451 768 2510 vel
797 2451 982 2510 armis
1014 2454 1106 2510 vel
1138 2451 1372 2525 legibus
1401 2459 1606 2527 potest
1627 2458 1811 2514 totam
1838 2451 2088 2511 Galliam
2113 2451 2436 2526 sempiter-

356 2535 451 2593 nis
489 2533 746 2595 vinculis
769 2534 1123 2610 astrIngere.
1186 2536 1501 2610 impolitae
1520 2549 1669 2596 vero
1693 2550 1793 2594 res
1816 2542 1877 2595 et
1898 2536 2157 2596 acerbae
2179 2532 2234 2593 si
2256 2544 2439 2596 erunt

356 2618 618 2693 relictae,
644 2634 1012 2695 quamquam
1045 2626 1189 2680 sunt
1216 2618 1475 2692 accisae,
1502 2628 1696 2680 tamen
1729 2618 1985 2679 efferent
2005 2635 2074 2679 se
2098 2616 2436 2692 aliquando

357 2710 414 2762 et
442 2705 521 2763 ad
555 2702 975 2764 renovandum
1003 2703 1225 2763 bellum
1262 2701 1654 2763 revirescent.
1704 2699 1807 2762 35.
1838 2701 1969 2777 Qua
1996 2719 2065 2763 re
2096 2702 2175 2762 sit
2201 2701 2261 2760 in
2291 2700 2432 2762 eius

355 2788 540 2847 tutela
582 2787 802 2861 Gallia,
834 2786 1008 2847 cuius
1050 2787 1226 2859 fidei,
1269 2784 1502 2859 virtuti,
1547 2786 1810 2847 felicitati
1850 2785 2273 2847 commendata
2314 2795 2434 2847 est.

356 2868 468 2942 Qui
502 2869 555 2931 si
576 2872 885 2932 Fortunae
913 2869 1263 2931 muneribus
1304 2869 1697 2944 amplissimis
1739 2879 1987 2932 ornatus
2015 2868 2263 2945 saepius
2294 2868 2434 2930 eius

356 2952 512 3013 deae
541 2954 876 3028 periculum
909 2956 1109 3014 facere
1152 2955 1368 3015 nolletz
1412 2954 1465 3014 si
1513 2956 1570 3014 in
1605 2954 1887 3030 patriam,
1930 2953 1987 3015 si
2025 2954 2106 3014 ad
2135 2953 2289 3014 deos
2320 2969 2430 3028 pe-
2485 2957 2486 2962 ’

354 3044 547 3107 nates,
579 3036 633 3095 si
655 3038 731 3096 ad
759 3053 893 3097 eam
921 3037 1290 3113 dignitatem,
1322 3054 1503 3112 quam
1538 3038 1598 3097 in
1635 3038 1877 3099 civitate
1899 3038 2016 3099 sibi
2047 3036 2429 3118 propositam

355 3118 536 3182 videt.
575 3118 626 3180 si
648 3121 729 3180 ad
752 3120 1227 3182 iucundissimos
1256 3121 1502 3196 liberoS,
1533 3122 1586 3181 si
1606 3122 1688 3181 ad
1710 3122 2108 3183 clarissimum
2133 3136 2429 3195 generum

354 3203 555 3262 redire
586 3211 974 3279 properaret:
1018 3205 1072 3266 si
1098 3203 1159 3264 in
1191 3205 1549 3281 Capitolium
1579 3205 1783 3266 invehi
1810 3205 2008 3266 victor
2036 3222 2174 3266 cum
2202 3204 2305 3265 illa
2333 3204 2425 3263 in-

353 3284 512 3359 signi
544 3286 723 3348 laude
749 3290 1029 3362 gestiretz
1071 3290 1122 3349 si
1156 3290 1424 3365 denique
1468 3290 1705 3351 timeret
1732 3287 2272 3365 casumaliquem,
2319 3288 2425 3362 qui

353 3367 436 3428 illi
468 3376 692 3429 tantum
722 3372 950 3431 addere
990 3372 1108 3431 iam
1152 3389 1273 3433 non
1315 3380 1521 3449 potest
1550 3381 1842 3448 quantum
1870 3373 2145 3445 auferre,
2188 3388 2305 3431 nos
2334 3380 2424 3432 ta-

348 3469 489 3513 men
528 3462 839 3529 oporteret
883 3456 960 3515 ab
1007 3456 1226 3517 eodem
1262 3456 1364 3517 illa
1395 3455 1624 3529 omnia,
1674 3472 1712 3516 a
1753 3472 1874 3531 quo
1907 3454 2229 3532 profligata
2260 3464 2423 3529 sunt,
