2514 3928
83 225 163 283 75
695 216 859 276 CAP.
894 225 1157 280 38—41
1199 223 1251 284 S
1286 218 2165 282 94-99,173

87 382 200 429 ms
229 364 470 437 excisa,
504 362 703 445 Locri,
733 365 971 439 Phocii,
991 367 1232 428 Boeotii
1260 368 1487 437 exusti,
1524 367 1891 443 Acarnania,
1916 369 2171 444 Amphi·

86 450 323 523 lochia,
352 449 721 510 Perrhaebia
749 449 1282 547 Athamanumque
1311 467 1463 527 gens
1493 452 1767 525 vendita,
1808 452 2171 514 Macedonia

94 534 444 596 condonata
497 531 800 602 barbaris,
863 532 1106 595 Aetolia
1154 534 1411 608 amissa,
1479 535 1757 611 Dolopes
1809 534 2171 610 finitimique

88 615 362 680 montani
393 615 637 692 oppidis
670 624 858 692 atque
883 615 1049 692 agris
1086 617 1494 688 exterminati,
1544 617 1717 679 cives
1743 618 2033 692 Romani,
2067 619 2173 695 qui

90 701 154 761 in
178 698 275 760 his
315 699 470 760 locis
499 700 906 778 negotiantur,
937 709 997 762 te
1018 717 1204 762 unum
1227 703 1428 765 solum
1454 718 1634 762 suum
1656 702 2171 776 depeculatorem,

90 791 480 859 vexatorem,
515 785 918 859 praedonem,
958 785 1197 846 hostem
1226 783 1478 846 venisse
1508 791 1854 845 senserunt.
1940 782 2041 847 97.
2076 787 2170 845 Ad

84 869 308 929 ‘horum
352 867 619 929 omnium
656 867 886 929 iudicia
925 875 1013 930 tot
1037 877 1224 944 atque
1256 876 1425 930 tanta
1453 864 1857 929 domesticum
1886 865 2175 927 iudicium

74 949 359 1021 ,accessit
391 953 731 1014 sententiae
769 959 832 1012 et
871 951 1275 1013 damnationis
1319 961 1489 1013 tuae:
1536 950 1817 1012 occultus
1850 951 2173 1020 adventus,

87 1035 380 1096 furtivum
406 1034 522 1096 iter
548 1050 662 1110 per
686 1034 934 1107 Italiam,
970 1034 1251 1096 introitus
1277 1036 1337 1094 in
1365 1036 1576 1096 urbem
1603 1035 1888 1094 desertus
1916 1033 1994 1093 ab
2026 1031 2172 1093 ami-

92 1120 217 1191 cis,
252 1118 457 1178 nullae
487 1119 569 1177 ad
612 1125 892 1179 senatum
945 1133 980 1175 e
1021 1117 1338 1193 provincia
1366 1118 1634 1193 litterae,
1684 1117 1851 1178 nulla
1890 1133 1971 1180 ex
2000 1115 2172 1177 trinis

88 1199 347 1262 aestivis
393 1199 746 1272 gratulatio,
790 1201 955 1259 nulla
994 1199 1284 1276 triumphi
1321 1202 1578 1262 mentio·
1633 1217 1756 1260 non
1793 1202 1978 1261 modo
2023 1199 2172 1275 quid

93 1281 404 1358 gesseriS,
439 1281 552 1341 sed
582 1297 662 1340 ne
699 1280 958 1355 quibus
941 1298 1002 1340 m
1031 1281 1187 1341 locis
1224 1283 1469 1357 quidem
1500 1283 1690 1343 fueris
1722 1283 1927 1344 dicere
1955 1284 2170 1344 audes.

91 1367 190 1426 Ex
223 1364 329 1424 illo
361 1364 527 1423 fonte
556 1371 618 1424 et
645 1362 974 1423 seminario
1009 1361 1448 1440 triumphorum
1481 1383 1667 1442 quum
1690 1365 1859 1426 arida
1887 1366 2033 1427 solla
2048 1368 2173 1427 lau

93 1464 202 1508 rea
232 1445 597 1522 rettulisses,
640 1461 831 1522 quum
862 1462 936 1506 ea
963 1447 1201 1507 abiecta
1229 1449 1311 1508 ad
1341 1457 1577 1524 portam
1606 1449 1924 1525 reliquisti,
1954 1458 2078 1512 tum
2109 1458 2175 1511 tu

91 1531 230 1608 ipse
255 1531 334 1591 de
366 1536 426 1591 te
448 1545 687 1592 massa
715 1546 920 1590 vmmu
948 1528 1443 1607 pronuntiavisti.
1484 1531 1596 1606 Qui
1632 1531 1685 1593 si
1708 1533 1851 1592 nibil
1881 1549 2170 1608 gesseras

89 1615 342 1690 dignum
370 1612 624 1688 honore,
652 1613 761 1676 ubi
790 1614 1139 1675 exercitus?
1180 1613 1284 1675 ubi
1319 1622 1644 1691 sumptus?
1683 1615 1787 1677 ubi
1813 1615 2175 1692 imperium?

87 1697 195 1760 ubi
235 1698 339 1758 illa
379 1697 683 1759 uberrima
724 1696 1278 1773 supplicationibus
1320 1698 1766 1796 triumphisque
1812 1699 2176 1774 provincia?

89 1781 200 1842 Sin
228 1788 432 1842 autem
459 1781 692 1858 aliquid
723 1797 976 1858 sperare
1004 1782 1312 1856 volueraS,
1339 1783 1644 1858 cogitaras
1671 1783 1751 1855 id,
1787 1782 1999 1859 quod
1983 1800 2173 1858 impe-

87 1865 309 1927 ratoris
338 1881 582 1941 nomen,
615 1867 785 1941 quod
821 1865 1076 1926 laureati
1105 1866 1344 1939 fasceS,
1378 1867 1548 1949 quod
1576 1866 1678 1926 illa
1706 1874 1960 1942 tropaea
1992 1868 2173 1940 plena

86 1946 417 2009 dedecoris
465 1955 525 2009 et
564 1948 731 2011 risus
772 1956 832 2010 te
880 1957 1349 2010 commentatum
1394 1967 1534 2012 csse
1564 1950 1906 2023 declarant,
1952 1948 2090 2026 quis
2117 1958 2174 2010 te

87 2032 400 2103 miserior,
437 2028 575 2107 quis
604 2041 664 2093 te
694 2032 1074 2104 damnatior,
1119 2031 1224 2107 qui
1255 2049 1457 2107 neque
1485 2033 1756 2094 scribere
1785 2033 1866 2093 ad
1893 2042 2170 2093 senatum

32 2193 37 2198 ,
87 2132 129 2175 a
157 2122 220 2176 te
242 2116 402 2175 bene
439 2130 568 2175 rem
596 2115 903 2190 publicam
938 2129 1080 2176 esse
1115 2123 1350 2191 gestam
1394 2133 1592 2192 neque
1636 2131 1932 2192 praesens
1970 2114 2173 2176 dicere

84 2215 284 2259 ausus
327 2205 444 2259 es?
481 2198 631 2261 XLI.
678 2197 779 2261 98.
828 2201 926 2258 An
958 2207 1021 2259 tu
1062 2198 1239 2273 mihi,
1280 2198 1377 2259 cui
1425 2216 1669 2275 semper
1697 2202 1779 2260 ita
1810 2214 2173 2274 persuasum

90 2280 303 2357 fuerit,
334 2299 457 2343 non
490 2283 757 2358 eventis,
805 2283 918 2343 sed
949 2283 1123 2343 factis
1155 2286 1455 2358 cuiusque
1491 2285 1793 2344 fortunam
1827 2281 2170 2357 ponderari,

86 2382 292 2442 neque
317 2367 380 2427 in
401 2365 644 2428 tabellis
672 2381 1005 2442 paucorum
1026 2366 1314 2442 iudicum,
1342 2367 1537 2427 sedin
1562 2365 1878 2429 sententiis
1904 2365 2173 2427 omnium

88 2449 318 2511 civium
342 2450 565 2510 samam
596 2458 866 2511 nostram
899 2451 1328 2526 fortunamque
1356 2453 1649 2528 pendere,
1676 2458 1735 2512 te
1758 2450 2173 2511 indemnatum
2225 2531 2232 2536 ἡ

86 2532 286 2594 videri
319 2541 528 2610 putaS,
575 2550 757 2610 quem
801 2532 986 2606 socii,
1021 2550 1204 2607 quem
1243 2533 1572 2607 Foederati,
1615 2550 1797 2610 quem
1837 2533 2010 2593 liberi
2065 2550 2173 2608 po-

88 2616 248 2693 puli,
284 2632 464 2691 quem
501 2614 900 2694 stipendiarii,
931 2632 1116 2691 quem
1151 2617 1598 2692 negotiatoreS,
1635 2635 1813 2692 quem
1846 2616 2170 2693 publicani,

86 2715 279 2775 quem
308 2700 599 2761 universa
627 2699 874 2775 civitaS,
921 2715 1102 2774 quem
1137 2697 1350 2772 legati,
1394 2716 1574 2774 quem
1614 2700 1832 2761 tributii
1862 2700 2168 2771 militares,

85 2797 277 2858 quem
317 2781 539 2859 reliqui
571 2782 824 2858 milites,
869 2781 976 2859 qui
1019 2783 1274 2855 ferrum,
1314 2781 1418 2856 qui
1458 2783 1707 2858 famem,
1751 2786 1855 2858 qui
1895 2780 2178 2847 morbum

84 2866 467 2941 effugerunt,
490 2866 655 2928 omni
691 2864 965 2928 cruciatu
988 2863 1413 2941 dignissimum
1443 2873 1697 2940 putant?
1726 2867 1825 2926 cui
1857 2886 1976 2930 non
2002 2869 2168 2945 apud

88 2957 390 3023 senatum,
422 2966 546 3012 non
579 2952 745 3026 apud
775 2951 961 3011 ullum
993 2948 1300 3025 ordinem,
1332 2967 1452 3012 non
1483 2950 1650 3025 apud
1682 2951 1921 3025 equites
1949 2955 2168 3014 Roma-

91 3050 210 3095 nos
230 3080 244 3107 ,
281 3050 405 3094 non
436 3032 498 3094 in
529 3034 711 3107 urbe,
742 3051 862 3096 non
895 3031 957 3094 in
983 3033 1182 3107 Italia,
1225 3034 1627 3111 maximorum
1661 3035 1961 3097 scelerum
1992 3036 2165 3097 venia

87 3119 214 3177 ulla
250 3117 331 3177 ad
352 3116 815 3191 *ignoscendum
850 3115 981 3177 dari
1033 3116 1272 3189 possit?
1332 3120 1435 3192 qui
1495 3134 1566 3179 se
1608 3119 1744 3195 ipse
1792 3119 2018 3190 oderit,
2068 3116 2170 3193 qui

85 3207 320 3261 metuat
349 3216 595 3273 omnes,
632 3199 738 3276 qui
787 3216 962 3261 suam
994 3217 1241 3259 causam
1274 3201 1497 3262 nemini
1528 3203 1902 3263 committere
1930 3204 2170 3270 audeat,

93 3284 202 3359 qui
237 3300 308 3344 se
336 3283 478 3358 ipse
508 3286 915 3346 condemnet?
942 3282 1046 3344 99.
1069 3284 1412 3359 Numquam
1443 3301 1557 3361 ego
1594 3285 1952 3361 sanguinem
1984 3300 2170 3358 expe-

91 3366 201 3427 tivi
233 3376 434 3429 tuum=
477 3384 808 3444 numquam
847 3366 996 3428 illud
1025 3376 1391 3439 extremum,
1436 3370 1603 3445 quod
1644 3375 1859 3442 posset
1887 3383 2029 3426 esse
2063 3365 2168 3422 im-

87 3450 307 3525 probis
331 3458 392 3512 et
413 3450 624 3527 probis
650 3468 989 3526 commune,
1014 3450 1381 3527 supplicium
1407 3450 1558 3525 legis
1582 3466 1654 3509 ac
1684 3447 1905 3518 iudicii,
1932 3447 2042 3505 sed
2065 3446 2164 3502 ab·

2403 2224 2514 2285 t...

2398 2737 2504 2901 ills.
2400 2292 2514 2682 littl'ffissl
2419 2215 2436 2225 '
