2514 3928
203 210 278 264 aa,
635 175 638 176 f
814 202 978 261 CAP.
1010 210 1080 264 36
1096 236 1171 249 —
1190 212 1289 265 aa.
1324 208 1376 268 s.
1408 211 1479 264 92
1496 236 1565 247 -
1586 209 1686 265 99.-
1784 234 1794 243 —
2159 202 2283 267 341

202 368 324 415 nos
359 350 604 428 quidem
636 353 1093 425 contemnendi,
1139 352 1578 429 quiauctor-em
1613 351 1876 427 odimuS,
1902 361 2044 416 acta
2072 353 2285 415 defen·

203 436 423 498 dimus.
510 436 820 497 XXXVIII.
863 434 1165 510 tiz-Quid
1216 452 1333 511 ego
1387 438 1466 496 de
1508 436 1961 499 commentariis
2009 436 2281 513 infinitiS,

204 519 354 595 quid
381 520 461 578 de
490 518 1036 581 innumerabilibus
1067 519 1493 595 chirographis
1523 520 1783 595 loqpar‘e
1815 521 2285 597 quonum-,etiam

202 602 521 663 institores
569 610 742 674 sunt,
788 603 900 677 qui
927 617 1003 663 ea
1032 614 1342 678 tamquam
1368 604 1781 678 gladiatorum
1807 601 2060 665 libellos
2079 608 2284 681 palam

90 681 100 691 “
205 684 537 747 venditent.
564 686 783 758 ltaque
798 682 949 743 tanti
968 684 1184 744 acervi·
1199 701 1586 746 nummorum
1602 687 1769 761 apud
1798 686 1981 749 istum
2010 696 2287 749 constru-

202 776 420 841 untur,
461 776 533 829 ut
566 766 688 829 iam
730 768 1187 844 expendantur,
1223 786 1351 829 non
1391 779 1783 834 numerentur
1821 770 2151 847 pecuniae.
2207 774 2288 833 At

205 868 392 930 quam
417 868 608 913 caeca
632 852 887 912 avaritia
918 860 1040 913 est!
1079 853 1290 928 Nuper
1316 853 1444 914 fixa
1470 854 1684 915 tabula
1706 863 1819 926 est,
1855 871 1979 929 qua
2012 853 2302 915 civitates<

202 934 730 1013 locupletissimae
753 936 1140 998 Cretensium
1162 936 1565 1013 vectigalibus
1594 936 1957 1012 liberantur,
1981 940 2262 999 statuitur

205 1038 365 1097 que,
403 1038 492 1083 ne
531 1027 678 1097 post
712 1020 793 1087 Μ
834 1022 1084 1082 Brutum
1127 1039 1240 1097 pro
1289 1026 1548 1084 consule
1605 1021 1685 1082 sit
1727 1022 1913 1084 Creta·
1948 1021 2287 1098 provincia.

200 1105 294 1166 Tu
323 1105 543 1166 mentis
574 1120 646 1166 es
677 1111 979 1179 compos?
1018 1112 1090 1165 ιιι
1115 1121 1240 1165 non
1279 1106 1835 1182 constringendus?
1874 1108 1973 1166 An
2005 1104 2289 1166 Caesaris

205 1190 455 1251 decreto
491 1177 670 1250 Creta
710 1195 868 1263 post
881 1187 970 1246 Μ.
992 1186 1166 1249 Bruti
1194 1188 1523 1249 decessum
1554 1189 1765 1264 potuit
1780 1189 2069 1264 liberari,
2102 1205 2289 1265 quum

165 1325 168 1326 ⁷
206 1273 396 1333 Creta
423 1270 577 1331 nihil
616 1272 696 1331 ad
730 1271 985 1331 Brutum
1029 1269 1295 1331 Caesare
1333 1271 1479 1334 vivo
1531 1274 1907 1348 pertineret?
1973 1277 2055 1334 At
2106 1273 2289 1334 huius

206 1354 562 1417 venditione
603 1354 834 1415 decreti
860 1387 947 1399 —
978 1370 1057 1414 ne
1099 1352 1250 1414 nihil
1295 1362 1496 1415 actum
1534 1354 1775 1429 putetis
1797 1389 1881 1401 —
1909 1356 2289 1431 provinciam

206 1442 443 1501 cretam
482 1436 860 1515 perdidistis.
935 1435 1200 1519 Omnino
1238 1454 1416 1498 nemo
1455 1437 1636 1499 ullius
1665 1437 1894 1499 reituit
1926 1447 2165 1514 emptor.
2193 1438 2290 1498 cui

204 1522 471 1584 defuerit
509 1523 607 1582 hic
646 1519 953 1583 venditor..
1040 1519 1143 1583 98.
1187 1521 1265 1581 Ει
1306 1522 1384 1581 de
1438 1520 1770 1583 exsulibus:
1812 1522 2045 1597 segem,
2110 1538 2293 1596 quam

205 1606 445 1680 fixisti,
477 1606 706 1668 Caesar
737 1605 913 1666 tulit?v
972 1604 1209 1666 Nullius
1259 1604 1533 1667 insector.
1571 1603 2005 1666 calamitatem.=
2060 1612 2305 1666 tautum

208 1704 469 1766 queror,
518 1688 778 1764 primum
808 1689 1284 1751 eorum-reditus
1319 1687 1703 1765 inquinatos,
1751 1704 2011 1764 quorum
2043 1705 2305 1750 causam.

205 1775 446 1835 Caesar
474 1771 842 1833 dissimilem
874 1773 1200 1835 iudicarit}
1232 1771 1459 1833 deinde
1489 1774 1704 1834 nescio
1733 1788 1844 1833 cur
1881 1788 2005 1833 non
2035 1771 2305 1852 reliquis

202 1856 375 1918 idem.
396 1855 649 1917 tribuas.
709 1856 925 1932 Neque
955 1856 1115 1917 enim
1147 1858 1288 1931 plus
1325 1873 1516 1932 quam
1541 1864 1668 1917 tres
1697 1867 1810 1917 aut.
1830 1865 2121 1932 quattuor
2154 1857 2292 1917 neli-

207 1940 314 2017 qui
345 1948 509 2003 sunt.
567 1939 681 2015 Qui
712 1940 892 2000 simili
921 1941 980 2002 in
1021 1941 1363 2004 calamitate
1392 1948 1705 2015 saint„cur
1735 1947 1851 2002 tua.
1868 1940 2301 2003 misericordia

204 2043 330 2087 non
372 2025 553 2088 simili
599 2026 922 2084 fruuntur?
966 2041 1076 2085 cur
1117 2041 1230 2086 eos
1273 2024 1479 2089 habes.
1505 2025 1564 2084 in
1597 2026 1735 2086 loco
1773 2025 2016 2101 patrui?
2057 2027 2137 2086 de
2167 2041 2290 2100 quo

207 2111 412 2179 ferre,
462 2123 650 2180 quum
709 2107 789 2166 de
832 2106 1088 2182 reliquis
1130 2109 1356 2182 ferres,
1415 2107 1692 2169 noluisti:
1761 2123 1957 2182 quem:
1989 2108 2170 2169 etiam
2213 2108 2304 2168 ad,

208 2205 550 2253 censuram
557 2190 886 2266 petendam
911 2189 1228 2266 impulisti,
1252 2190 2288 2268 eamquepetitionemcomparasti,

214 2289 375 2347 quae
405 2281 475 2334 et
493 2274 658 2335 risus
692 2273 1003 2335 hominum
1038 2279 1425 2350 etquerellas
1447 2282 1755 2337 moveret..
1807 2275 1907 2337 99.
1942 2275 2064 2337 Cur
2089 2284 2292 2337 autem

208 2373 286 2417 ea
331 2355 575 2418 comitia
617 2375 739 2417 non
784 2356 1094 2420 habuisti&
1136 2375 1222 2418 an.
1267 2358 1410 2434 quia
1439 2360 1716 2420 tribunus
1746 2360 1944 2434 plebis
1979 2358 2286 2421 sinistrum

207 2441 435 2501 fulmen
483 2439 841 2503 nuntiabat?
908 2442 1102 2516 Quum
1143 2451 1248 2503 tua
1292 2443 1438 2518 quid
1487 2444 1767 2512 interest,
1807 2445 1974 2504 nulla
2014 2442 2293 2518 auspicia

205 2533 380 2586 sunta
425 2541 615 2598 quum
654 2532 923 2600 tuorum,
970 2535 1111 2593 tum,
1135 2527 1212 2587 fis
1252 2525 1609 2602 religiosus.
1677 2526 1876 2600 Quid?
1913 2527 2199 2586 eumdem
2223 2525 2292 2591 in

205 2606 650 2685 septemviram
680 2625 887 2670 nonne
918 2608 1294 2675 destituistia
1318 2609 1645 2673 intervenit
1671 2608 1853 2683 enim,
1888 2608 1986 2670 cui
2007 2607 2294 2675 metuisti,

205 2693 435 2764 eredo,
469 2709 548 2753 ne
587 2693 765 2754 salvo
808 2692 1013 2769 capite
1055 2709 1285 2770 negare
1329 2711 1451 2754 non
1495 2710 1742 2770 posses.
1812 2691 2116 2753 Omnibus÷
2153 2708 2293 2752 eum

205 2775 594 2838 contumeliis
636 2777 937 2850 onerasti,
983 2793 1163 2853 quem
1208 2777 1397 2853 patris
1438 2779 1621 2852 loco,
1659 2775 1712 2838 si
1759 2777 1884 2838 ulla
1913 2777 1971 2836 in
2003 2783 2071 2837 te.
2092 2774 2290 2850 pietas

205 2867 408 2934 essets,
457 2862 661 2922 colere
689 2861 986 2922 debebas.
1052 2860 1275 2923 Filiama
1293 2863 1460 2936 eius,
1492 2876 1772 2922 sororem
1803 2870 2000 2933 tuam,
2032 2858 2290 2934 eiecisti,

203 2942 730 3005 aliacondicione·
751 2942 1031 3019 quaesita
1060 2953 1130 3005 et:
1152 2952 1308 3006 ante.
1323 2952 1693 3021 prospecta..
1720 2945 1861 3005 Non.
1881 2952 1977 3006 est
2000 2943 2177 3006 satia.
2206 2978 2291 2989 —

123 3026 134 3041 '
202 3027 434 3089 Probri.
471 3028 838 3093 insimulasti
879 3028 1359 3105 pudicissimam
1390 3028 1695 3091 feminam.
1789 3027 1945 3103 Quid
1986 3037 2082 3089 est
2124 3028 2292 3104 quod

204 3110 358 3172 addi.
381 3111 625 3188 possit?
667 3120 1002 3175 contentus,
1024 3128 1261 3174 eonon
1291 3113 1477 3175 fuisti.
1519 3111 2043 3194 Frequentissimo
2074 3120 2291 3173 senatu

200 3194 500 3258 Kalendis
527 3196 828 3259 Ianuariis
858 3197 1114 3261 sedente
1150 3204 1366 3273 patruo
1411 3197 1570 3259 hanc
1598 3194 1707 3257 tibi
1753 3212 1897 3258 esse
1929 3211 2068 3258 eum
2109 3197 2290 3256 Dola·

203 3280 380 3340 bella
415 3297 674 3345 causam
720 3278 850 3343 odii
896 3279 1120 3341 dicere
1144 3296 1339 3342 ausus
1382 3297 1484 3356 οε,
1537 3281 1708 3377 quod
1748 3279 1827 3340 ab
1870 3295 1946 3341 eo
1988 3277 2189 3339 sorori
2231 3284 2291 3336 et

201 3365 381 3424 uxori
424 3372 569 3426 tuae
608 3373 887 3441 stuprum
934 3364 1202 3426 oblatum
1246 3379 1389 3425 esse
1406 3362 1859 3461 comperisses.
1932 3360 2079 3436 Quis
2109 3361 2291 3419 inter-

199 3445 431 3522 pretari
465 3454 701 3524 potest,
748 3446 1270 3524 impudentiorne,
1319 3446 1424 3521 qui
1452 3446 1511 3508 in
1545 3454 1792 3518 senatu,
1825 3461 1901 3503 an
1933 3438 2274 3517 improbior
