2514 3928
905 352 1068 413 CAP.
1098 357 1365 413 30-33.
1407 354 1461 417 ἃ.
1492 357 1755 414 66—71.
2291 352 2377 415 27

290 508 451 567 serre
477 502 672 575 licuit,
704 521 742 565 a
767 503 1112 580 propinquo
1143 520 1259 564 suo
1286 519 1566 565 socerum
1591 520 1768 563 suum
1792 501 2136 580 flagitabatz
2170 503 2375 565 omnia

284 598 543 651 senatus
574 587 915 662 reiieiebat,
963 588 1082 650 nisi
1117 589 1197 649 de
1227 604 1325 649 me
1360 589 1618 662 primum
1654 586 2372 650 eonsulesrettufissent.

456 672 695 735 xxxu.
735 672 844 734 692.
891 670 1059 747 Quae
1107 689 1293 748 quum
1335 686 1450 731 res
1479 672 1597 731 iam
1640 672 1922 732 manibus
1964 679 2272 732 teneretur
2315 680 2376 734 et

283 775 481 835 quum
507 755 1278 833 eonsuleseprovinoiarum
1300 755 1590 830 pactione·
1603 754 1940 817 libertatem
1971 772 2209 816 omnem
2236 772 2373 832 per·

283 834 625 913 didissent,
678 840 801 917 qui.
828 858 1011 917 quum
1050 841 1110 900 in
1152 849 1375 901 senatu
1415 837 1636 916 privati
1677 848 1746 900 ut
1785 839 1867 899 de
1897 855 1995 898 me
2035 839 2372 900 sententias

280 925 563 986 dicerent
596 924 979 1000 flagitabam
1027 926 1223 1000 legem
1264 923 1349 985 illi
1393 922 1771 984 secludiam
1814 922 2028 982 timere
2059 923 2371 983 dicebant=

280 1026 474 1085 quum
511 1011 635 1072 hoe
674 1028 808 1072 non*
850 1018 1107 1084 possent
1134 1009 1254 1068 iam
1299 1006 1534 1068 diutius*
1562 1006 1902 1079 sustinere,
1953 1005 2136 1066 initur
2169 1005 2372 1065 eonsi-

282 1093 429 1154 lium
463 1093 545 1152 de
568 1093 812 1154 interitu
841 1093 947 1152 Gn.
975 1092 1282 1167 Pompeii:
1337 1107 1460 1168 quo
1493 1092 1800 1165 patefacto
1831 1091 2124 1165 ferroque
2151 1090 2372 1165 depre-

281 1177 485 1238 henso.
520 1177 623 1236 ille
649 1175 925 1237 inclusus
950 1175 1117 1238 domi
1142 1185 1262 1236 tam
1286 1174 1392 1234 diu
1415 1175 1526 1235 fuit
1550 1191 1732 1249 quam
1757 1173 1864 1235 diu
1886 1171 2170 1234 inimicus
2196 1188 2372 1232 meus

291 1262 353 1318 in
367 1256 701 1319 tribunatu.
743 1257 837 1317 De
860 1271 996 1315 meo
1014 1253 1213 1315 reditu
1231 1262 1382 1314 'octo
1410 1252 1635 1314 tribuni
1657 1253 2226 1328 promulgaverunt.
2260 1255 2356 1316 Ex

293 1357 422 1413 quo
450 1339 825 1398 intellectum
855 1343 952 1397 est
979 1353 1103 1397 non
1138 1335 1284 1394 mihi
1318 1335 1556 1396 absenti
1591 1335 1866 1397 crevisse
1899 1336 2150 1409 amieOS‚
2186 1337 2246 1407 in
2282 1353 2358 1398 ea

298 1419 666 1498 praesertim
690 1420 952 1488 fortuna,
978 1418 1035 1478 in
1066 1434 1189 1492 qua
1215 1432 1337 1476 non
1366 1418 1511 1477 nulli
1537 1418 1733 1488 etiam,
1760 1434 1925 1492 quosi
1942 1435 2088 1481 esse
2103 1428 2357 1495 putave-

305 1520 450 1573 ram,
466 1518 590 1562 non
608 1510 795 1573 erant,
812 1502 924 1562 sed
939 1517 1049 1560 eos
1061 1501 1441 1561 voluntatem
1455 1515 1702 1574 semper
1711 1503 2003 1573 eamdem,
2018 1504 2353 1564 libertatem

288 1600 413 1643 non
440 1582 721 1642 eamdem
750 1598 997 1658 semper
1016 1582 1333 1645 habuisse.
1384 1583 1533 1643 Nam
1547 1599 1633 1643 2ex
1656 1600 1880 1644 novem
1900 1583 2175 1660 tribunis,
2209 1601 2370 1662 quos

284 1677 434 1728 tune
481 1666 844 1740 habueram,
897 1684 1055 1728 unus
1099 1684 1198 1728 me
1236 1666 1823 1741 absente-defluxit,
1875 1667 1981 1744 qui
2027 1685 2366 1744 cognomen

282 1750 422 1816 sibi,
449 1750 877 1812 extAeliorum
921 1750 1286 1828 imaginibus
1339 1749 1636 1827 adripuit,
1692 1769 1815 1827 quo
1862 1752 2056 1828 magis
2103 1751 2368 1813 nationis

279 1834 420 1895 eius
450 1850 602 1896 esse
630 1851 811 1910 quam
842 1835 1447 1910 generis-videretur.
1535 1833 1635 1897 70.
1676 1837 1811 1899 Hoc
1841 1835 2023 1911 igitur
2052 1853 2214 1898 anno
2244 1852 2356 1896 ma-

279 1917 647 1995 gistratibus
666 1918 846 1982 novis
878 1919 1244 1996 designatis,
1282 1937 1468 1997 quum
1498 1935 1714 1981 omnes
1744 1920 1891 1983 boni
1920 1937 2160 1984 omnem
2191 1938 2365 1997 spem

282 2001 554 2064 melioris
601 2011 795 2065 status
846 2004 905 2063 in
957 2021 1169 2066 eorum
1213 2005 1394 2065 fidem
1439 2003 1922 2081 convertissent,
1979 2005 2269 2081 princeps
2303 2006 2367 2065 P.

184 2105 187 2106 ⁷
282 2087 577 2148 Lentulus
619 2087 980 2149 auctoritate
1019 2105 1093 2148 ae
1136 2088 1439 2149 sententia
1483 2106 1596 2149 sua
1626 2088 1850 2151 Pisone
1889 2096 1950 2149 et
1979 2089 2234 2150 Gabinio
2270 2106 2366 2148 re·

283 2169 701 2247 pugnantibus
749 2187 999 2232 eausam
1039 2172 1320 2247 suscepit
1358 2171 1743 2247 tribunisque
1784 2172 2168 2248 plebisoeto
2207 2173 2365 2232 refe·

282 2254 557 2316 rentibus
589 2254 1178 2328 praestantissimam
1204 2257 1283 2316 de
1312 2270 1409 2315 me
1432 2255 1790 2316 sententiam
1815 2257 1983 2316 dixit.
2037 2255 2148 2330 Qui
2179 2272 2363 2330 quum

283 2338 364 2397 ad
395 2336 651 2413 gloriam
681 2354 856 2400 snam
881 2340 1168 2415 atquead
1196 2337 1560 2415 amplissimi
1584 2338 2139 2415 benefieiigratiam
2167 2337 2364 2413 magis

283 2421 605 2497 pertinere·
624 2422 1134 2485 uidereteausam
1168 2423 1329 2483 iiiam
1358 2423 1652 2498 integram
1674 2424 1749 2482 ad
1780 2441 1954 2484 suurn
1980 2424 2362 2484 consulatum

284 2505 622 2576 reservari,
657 2515 861 2568 tamen,
887 2524 1027 2567 rem*
1052 2509 1245 2568 talem>
1266 2524 1375 2582 per
1401 2506 1767 2567 alioseitius
1800 2523 1981 2582 quam
2008 2523 2117 2583 per
2145 2524 2215 2568 se
2244 2515 2363 2568 tar-

279 2588 426 2651 dius
457 2589 681 2650 eo'nfiei
708 2591 995 2651 malebat.

453 2672 852 2738 xxx111.·71.
896 2675 1039 2735 Hoc
1069 2672 1304 2735 interim
1352 2682 1638 2749 tempore
1670 2674 1734 2733 P.
1776 2673 2048 2747 Sestiu8‚
2106 2672 2363 2748 iudiceS,

277 2755 788 2833 designatus.iter
807 2757 973 2818 adC.
999 2757 1320 2818 Caesarem
1347 2774 1460 2832 pro
1481 2774 1617 2817 mea
1645 2759 1839 2818 salute
1865 2756 2159 2831 suscepit.
2208 2755 2384 2830 Quid.

278 2840 510 2917 egerit,
542 2850 832 2916 quantum
866 2842 1223 2917 profecerit,
1262 2839 1513 2901 nihilzad
1543 2858 1790 2902 eausam
1820 2876 1896 2887 —-
1925 2840 2211 2916 equidem
2237 2839 2364 2902 exi·

281 2925 502 2997 sumo,
549 2924 762 2997 siilie,
808 2932 874 2986 ut
900 2924 1189 2999 arbitror,
1228 2941 1470 3001 aequus
1504 2927 1681 2987 nobis
1717 2925 1926 2999 suerit,
1962 2924 2108 2986 nihil
2139 2926 2217 2987 ab
2247 2925 2364 2986 hoe

278 3010 660 3085 profectum:
706 3008 801 3069 sin
831 3008 1069 3082 iratior,
1112 3026 1232 3069 non
1265 3010 1517 3071 multum
1544 3034 1657 3067 -ε
1702 3010 1815 3071 sed
1845 3019 2045 3072 tamen
2076 3010 2363 3072 sedulita-

280 3102 426 3154 tem2
453 3100 654 3168 atque1
682 3092 1084 3168 integritatem
1129 3092 1407 3155 hominis·
1438 3093 1680 3155 videtis.
1764 3094 2085 3171 Ingredior
2129 3094 2248 3155 iam
2302 3092 2361 3152 in

280 3175 468 3237 Sestii
513 3177 911 3238 tribunatum=
966 3194 1105 3237 nam
1147 3178 1279 3239 hoe·
1300 3177 1559 3252 primum
1593 3178 1718 3238 iter*
1741 3178 2099 3256 designatus
2133 3178 2222 3239 rei
2256 3183 2364 3251 pu·

280 3260 483 3320 -blieae
526 3277 724 3321 causas
759 3260 1065 3337 suseepit=
1122 3259 1448 3337 pertinere
1473 3269 1534 3322 et
1576 3262 1654 3321 ad
1699 3262 2095 3323 concordiam
2141 3261 2362 3321 civium

278 3342 522 3419 putavit
551 3351 621 3405 et¹
638 3346 733 3405 ad.
749 3344 1118 3419 perficiundi
1138 3347 1485 3407 facultatem
1514 3342 1780 3405 animum
1806 3343 2087 3406 Caesaris
2116 3361 2152 3404 a
2177 3359 2363 3405 causa

283 3443 405 3487 non
438 3427 801 3488 abhorrere=
833 3462 918 3476 --
945 3427 1092 3490 abiit
1119 3428 1220 3489 ilie
1243 3446 1475 3489 annus:
1510 3429 1856 3501 respirasse
1884 3426 2167 3488 homines
2199 3427 2365 3485 vide-

280 3508 506 3571 bantur
529 3511 802 3572 nondum
824 3528 910 3585 re»,
948 3512 1061 3573 sed
1088 3528 1201 3586 spe
1224 3514 1309 3571 rei
1342 3510 1623 3585 publicae
1649 3510 2132 3583 recuperandae.
2185 3505 2362 3563 Exie-

276 3602 427 3655 tunt
456 3593 631 3654 malis
660 3593 963 3656 ominibus
994 3603 1179 3671 atque
1208 3590 1750 3654 exsecratitinibus‘
1770 3591 1893 3647 duo
1922 3583 2166 3642 vulturii
2194 3580 2364 3649 palu·
