2514 3928
160 191 246 256 16
764 193 910 251 PRO
945 193 1010 250 P.
1043 189 1309 251 SESTIO
1342 189 1644 251 ORATIO.

158 344 495 407 exercitum
531 343 589 404 in
632 343 802 404 Italia
843 341 1199 403 maximum:
1241 341 1396 415 duo,
1442 340 1546 416 qui
1588 340 1802 416 privati
1841 351 1970 405 tum
2000 356 2230 415 essent,

155 438 223 489 et
250 442 542 501 praeesse
573 434 633 486 et
670 440 913 499 parare,
957 424 1011 486 si
1041 426 1296 498 vellent,
1340 424 1668 485 exercitum
1703 441 1892 499 posse
1925 426 2112 502 idque
2141 431 2227 488 fa·

156 520 371 572 cturos
410 525 551 570 esse
584 507 841 568 dicebat.
900 507 1027 567 Nec
1067 507 1210 567 mihi
1238 507 1338 568 ille
1371 506 1655 568 iudicium
1693 507 1905 583 populi
1940 526 2055 569 nec
2080 510 2228 586 legi-

158 594 364 654 timam
395 591 659 666 aliquam
694 589 1141 651 contentionem
1184 607 1297 650 nec
1332 590 1835 666 disceptationem
1869 600 1975 652 aut
2003 609 2228 654 causae

156 675 524 747 dictionem,
574 673 687 733 sed
726 673 879 746 vim,
918 689 1113 745 arma,
1163 675 1495 745 exercitus,
1551 675 1982 749 imperatores,
2027 685 2230 738 castra

162 757 572 819 denuntiabat.
672 757 882 817 XVIII.
928 756 1125 830 Quid?
1168 772 1315 832 ergo
1347 756 1571 817 inimici
1603 757 1827 833 oratio,
1865 775 2025 818 vana
2053 776 2225 833 prae·

160 841 368 902 sertim
386 888 402 916 ,
434 850 554 902 tam
583 838 860 915 improbe
890 838 949 898 in
974 838 1347 901 clarissimo-s
1378 840 1542 900 viros
1567 840 1843 902 coniecta
1874 857 1971 901 mc
1999 842 2230 903 movit?

81 993 87 999 ,
160 924 262 983 Me
292 940 443 983 vero
482 939 602 983 non
637 922 797 981 illius
832 923 1054 995 oratio,
1100 923 1213 983 sed
1254 939 1467 984 eorum
1508 923 1917 1000 taciturnitas,
1962 923 2020 983 in
2068 943 2226 1001 quos

161 1007 265 1066 iila
296 1007 487 1066 oratio
517 1014 635 1065 tam
677 1003 956 1079 improba
995 1006 1449 1066 conferebature
1477 1006 1609 1081 ’qui
1647 1016 1802 1080 tum,
1898 1024 2223 1083 uamquam

162 1091 244 1150 ob
272 1087 423 1149 alias
450 1104 671 1148 causas
697 1089 1005 1163 tacebant,
1038 1097 1237 1149 tamen
1271 1088 1617 1151 hominibus
1646 1089 1847 1151 omnia
1876 1089 2224 1152 timentibus

162 1172 424 1232 tacendo
449 1171 646 1246 loqui,
679 1188 799 1231 non
832 1172 1144 1233 infitiando
1171 1171 1445 1239 confiteri
1470 1171 1845 1236 videbantur.
1906 1173 1996 1232 Illi
2021 1181 2222 1234 autem

160 1256 370 1329 aliquo
403 1262 526 1315 tum
557 1255 771 1315 timore
800 1254 1128 1329 perterriti,
1177 1256 1346 1330 quod
1378 1264 1510 1316 acta
1535 1255 1638 1317 illa
1664 1265 1850 1333 atque
1881 1273 2092 1318 omnes
2121 1274 2224 1317 res

160 1337 307 1397 anni
337 1336 674 1412 superioris
705 1338 1054 1400 labefactari
1082 1355 1119 1399 a
1145 1338 1560 1415 praetoribus,
1603 1338 1891 1401 infirmari
1937 1357 1974 1400 a
2009 1348 2224 1401 senatu

158 1429 348 1496 atque
366 1436 404 1480 a
425 1422 801 1498 principibus
826 1422 1084 1483 civitatis
1105 1424 1423 1499 putabant,
1457 1423 1759 1485 tribunum
1800 1425 2156 1499 popularem
2190 1440 2227 1482 a

163 1521 235 1564 se
256 1503 522 1565 alienare
551 1504 837 1564 nolebant
859 1504 1094 1578 suaque
1125 1504 1240 1565 sibi
1265 1505 1554 1579 propiora
1575 1522 1718 1567 esse
1742 1505 2018 1582 pericula
2044 1524 2224 1582 quam

163 1604 300 1648 mea
342 1586 765 1663 loquebantur.
849 1584 950 1645 41.
997 1585 1121 1645 Sed
1170 1596 1365 1648 tamen
1412 1596 1472 1649 et
1503 1588 1761 1650 Crassus
1796 1605 1834 1650 a
1867 1590 2223 1651 consulibus

163 1686 359 1729 meam
401 1685 647 1729 causam
695 1666 1152 1744 suscipiendam
1203 1687 1346 1730 esse
1392 1671 1633 1733 dicebat
1681 1681 1740 1732 et
1787 1688 2001 1733 eorum
2041 1673 2223 1734 fidem

161 1751 487 1827 Pompeius
528 1751 890 1826 implorabat
932 1768 1130 1828 neque
1173 1769 1242 1813 se
1286 1753 1582 1829 privatum
1618 1755 1861 1829 publice
1896 1763 2226 1831 susceptae

162 1851 390 1896 causae
421 1835 766 1896 defuturum
795 1850 939 1895 esse
974 1835 1243 1896 dicebat:
1284 1853 1465 1912 quern
1493 1837 1687 1898 virum
1716 1834 2059 1900 studiosum
2087 1839 2224 1913 mei,

164 1917 629 1994 cupidissimum
657 1917 747 1978 rei
787 1917 1067 1995 publicae
1103 1922 1600 1996 conservandae,
1653 1920 1815 1983 domi
1863 1939 2035 1985 meae
2078 1923 2224 1984 certi

163 2001 440 2064 homines
465 2003 541 2061 ad
568 2017 701 2062 eam
724 2018 850 2063 rem
877 2002 1058 2078 positi
1089 2013 1467 2077 monuerunt,
1498 2012 1564 2065 ut
1591 2013 1757 2065 esset
1776 2006 2044 2078 cautior‚{
2062 2005 2225 2067 eius·

165 2101 285 2160 que
314 2084 474 2145 vitae
503 2102 540 2144 a
568 2101 664 2144 me
691 2085 946 2147 insidias
975 2087 1141 2162 apud
1169 2104 1265 2147 me
1294 2088 1457 2149 domi
1488 2087 1721 2163 positas
1752 2105 1896 2150 esse
1923 2090 2221 2162 dixerunt,

160 2177 348 2241 atque
371 2168 527 2227 hanc
550 2168 683 2229 eius
716 2169 1120 2245 suspitionem
1144 2171 1243 2230 alii
1269 2171 1479 2232 litteris
1497 2170 1817 2243 mittendis,
1845 2172 1945 2233 alii
1977 2172 2226 2244 nuntiiS,

162 2251 264 2310 alii
295 2267 497 2311 coram
529 2250 648 2325 ipsi
691 2251 1137 2327 excitaverunt,
1179 2261 1246 2314 ut
1280 2254 1411 2330 ille,
1455 2271 1640 2331 quum
1677 2272 1714 2314 a
1752 2271 1850 2316 me
1886 2265 2048 2316 certe
2076 2255 2224 2315 nihil

164 2334 426 2403 timeret,
469 2333 547 2393 ab
587 2332 705 2394 illis
735 2351 812 2395 ne
855 2335 1001 2411 quid
1034 2353 1170 2397 meo
1201 2335 1447 2398 nomine
1478 2337 1826 2398 molirentur
1857 2337 1972 2398 sibi
2003 2355 2208 2399 caven·

161 2419 303 2477 dum
346 2424 601 2492 putaret.
691 2417 834 2493 Ipse
877 2427 1077 2479 autem
1119 2419 1375 2494 Caesar,
1425 2437 1605 2496 quem
1646 2420 1908 2481 maxime
1946 2422 2224 2483 homines

162 2499 356 2575 ignari
396 2499 665 2561 veritatis
710 2500 852 2560 mihi
897 2518 1039 2562 esse
1077 2502 1291 2563 iratum
1337 2503 1653 2578 putabant,
1702 2511 1840 2565 erat
1873 2505 1952 2564 ad
1992 2513 2222 2580 portas,

162 2590 293 2645 erat
315 2600 454 2644 cum
483 2581 771 2660 imperio,
813 2585 1029 2644 eratin
1059 2585 1227 2647 ltalia
1262 2586 1394 2647 eius
1440 2587 1744 2647 exercitus
1789 2600 1972 2662 mque
2012 2604 2087 2648 eo
2118 2604 2222 2646 ex-

157 2667 354 2728 ercitu
381 2665 578 2741 ipsius
606 2666 829 2728 tribuni
859 2668 1086 2744 plebiS,
1120 2668 1343 2730 inimici
1370 2670 1516 2740 mei,
1550 2671 1792 2730 fratrem
1823 2672 2219 2745 praefecerat.

326 2751 480 2810 XIX.
510 2748 611 2811 42.
646 2752 815 2812 Haec
845 2767 990 2827 ergo
1022 2769 1205 2827 quum
1236 2752 1505 2813 viderem
1525 2788 1612 2799 --
1634 2769 1840 2829 neque
1868 2752 2025 2813 enim
2055 2761 2224 2814 erant

162 2833 400 2893 occulta
413 2864 512 2905 —,
538 2843 832 2907 senatum,
856 2835 991 2896 sine
1005 2853 1128 2911 quo
1151 2834 1366 2897 civitas
1392 2845 1554 2897 stare
1575 2853 1695 2896 non
1720 2852 1792 2912 pc
1807 2844 1951 2908 sset,
1977 2835 2221 2896 omnino

161 2915 242 2974 de
265 2913 508 2975 civitate
529 2931 674 2977 esse
694 2916 1028 2992 sublatum,
1052 2920 1339 2980 consules
1348 2963 1368 3016 ‚²
1396 2917 1500 2993 qui
1524 2920 1714 2980 duces
1736 2881 1964 2994 publici
1984 2917 2223 2980 consilii

161 3014 307 3058 esse
347 2997 666 3072 deberent,
718 3001 1055 3074 perfecisse
1092 3008 1158 3062 ut
1198 3018 1309 3077 per
1347 3002 1521 3077 ipsos
1559 3001 1870 3078 publicum
1901 3001 2221 3099 consilium

163 3079 432 3142 funditus
454 3081 792 3156 tolleretur,
823 3100 964 3157 eoS,
991 3084 1095 3159 qui
1120 3084 1439 3160 plurimum
1463 3093 1744 3161 possent,
1776 3084 2012 3162 opponi
2031 3085 2217 3144 omni-

165 3164 278 3223 bus
307 3163 722 3237 contionibu8‚
759 3129 944 3241 falso,
989 3168 1101 3227 sed
1129 3168 1526 3230 formidolose
1556 3177 1784 3243 tamen,
1825 3177 2109 3244 auctores
2145 3168 2223 3228 ad
2321 3217 2326 3222 .

164 3244 489 3321 perniciem
515 3264 741 3322 meam,
778 3214 1097 3312 contiones
1119 3251 1330 3312 haberi
1352 3253 1573 3314 cotidie
1602 3261 1814 3315 contra
1845 3267 1971 3326 me,
2003 3265 2247 3313 vocem.

163 3345 274 3405 pro
303 3346 399 3391 me
427 3341 501 3391 ac
530 3349 640 3430 pro
668 3349 738 3393 re
771 3333 1014 3408 publica
1047 3334 1347 3396 neminem
1374 3334 1638 3410 mittere,
1669 3335 1901 3399 intenta
1929 3335 2106 3410 signa
2140 3336 2224 3398 le-

159 3409 408 3488 gionum
453 3414 785 3477 existImari
826 3416 1167 3479 cervicibus
1210 3434 1285 3478 ac
1328 3419 1507 3480 bonis
1557 3419 1809 3495 vestris,
1866 3419 2053 3492 falso,
2110 3420 2220 3478 sed

702 3565 733 3595 O
