2514 3928
631 277 797 336 CAP.
828 285 1061 340 s—n.
1102 283 1156 344 s.
1190 285 1461 340 20—27.
1920 277 2042 342 107

2 445 85 490 on
117 425 462 491 inimicitias
492 428 725 501 solum,
770 429 879 489 sed
923 427 1102 489 etiam
1141 428 1367 490 bellum
1403 426 1596 487 indixi
1630 436 1816 503 atque
1851 428 2043 499 intuli,

1 529 148 574 uum
180 511 396 588 partim
432 509 579 571 mihi
605 512 844 572 illorum
879 510 1227 585 familiares,
1262 510 1474 588 partim
1500 510 1680 572 etiam
1703 528 1800 572 me
1828 513 2039 575 desen-

1 604 144 657 ente
181 595 398 670 capitis
436 593 680 656 iudiciis
720 603 932 656 essent
958 594 1214 669 liberati,
1257 612 1370 656 cur
1394 595 1608 655 eadem
1639 611 1742 655 res
1771 595 2038 671 publica,

0 697 122 741 uae
138 679 309 739 mein
322 677 555 740 amicos
569 678 948 740 inflammare
963 680 1176 755 potuit,
1202 678 1463 739 inimicis
1488 680 1735 754 placare
1756 696 1878 740 non
1894 697 2041 755 pos·

0 765 80 826 it?
115 763 291 837 Quod
319 760 465 822 mihi
493 761 700 824 odium
733 779 870 824 cum
898 763 963 822 P.
993 762 1206 825 Clodio
1236 762 1365 837 fuit,
1389 762 1506 823 nisi
1538 763 1707 838 quod
1736 763 2041 838 pernicio·

0 865 95 909 um
128 846 358 923 patriae
386 847 584 909 civem
620 849 750 908 l'ore
778 848 1094 922 putabam,
1140 845 1245 922 qui
1285 845 1639 922 turpissima
1668 845 1919 906 libidine
1946 847 2039 907 in·

0 947 186 992 ensus
218 931 371 991 duas
398 947 500 991 res
533 931 954 992 sanctissimas
978 976 992 1000 ,
1023 930 1382 1006 religionem
1417 939 1478 991 et
1511 928 1882 1005 pudicitiam,
1909 947 2037 992 uno

0 1016 196 1076 celere
229 1014 566 1076 violasset?
602 1016 755 1076 Num
796 1023 893 1076 est
925 1014 1106 1090 igitur
1140 1013 1392 1075 dubium
1423 1030 1503 1073 ex
1532 1013 1846 1088 iis-rebuS,
1880 1031 2038 1090 quas

0 1117 12 1158 ι
41 1097 168 1174 egit
197 1098 445 1174 agitque
475 1099 732 1173 cotidie,
775 1098 921 1175 quin
966 1113 1083 1173 ego
1118 1098 1180 1159 in
1211 1097 1316 1158 illo
1353 1099 1777 1173 oppugnando
1806 1097 1896 1158 rei
1925 1113 2041 1174 pu-

0 1181 158 1243 licae
195 1185 332 1257 plus
378 1199 560 1258 quam
601 1182 726 1244 otio
761 1199 919 1256 meo,
967 1198 1091 1242 non
1117 1181 1269 1242 nulli
1299 1180 1360 1241 in
1392 1183 1610 1243 eodem
1645 1180 2039 1242 defendendo

0 1281 78 1326 uo
122 1267 264 1340 plus
312 1267 441 1328 otio
499 1282 681 1340 quam
727 1264 1036 1324 communi
1082 1264 1559 1340 prospexerint?
1621 1261 1723 1326 25.
1768 1265 1901 1340 Ego
1943 1280 2041 1325 me

25 1349 92 1408 C.
128 1349 394 1408 Caesare
423 1346 484 1407 in
516 1364 585 1407 re
616 1347 860 1423 publica
889 1346 1263 1410 dissensisse
1303 1350 1497 1410 fateor
1539 1355 1600 1409 et
1628 1348 1904 1409 sensisse
1936 1364 2041 1408 vo-

1 1432 234 1492 iscumz
265 1430 378 1490 sed
411 1445 573 1491 nunc
604 1429 823 1491 iisdem
854 1430 1032 1492 vobis
1061 1432 1403 1506 adsentior,
1434 1448 1570 1494 cum
1604 1432 1827 1506 quibus
1863 1440 2043 1491 antea

0 1512 325 1575 entiebam.
392 1514 527 1575 Vos
560 1514 737 1584 enim,
763 1515 842 1573 ad
873 1530 1032 1589 quos
1061 1515 1293 1576 litteras
1319 1516 1387 1576 L.
1408 1515 1551 1578 Piso
1585 1516 1663 1576 de
1693 1513 1825 1575 suis
1852 1516 2041 1575 rebus

7 1614 89 1658 on
123 1597 308 1658 audet
340 1594 604 1670 mittere,
661 1597 764 1675 qui
797 1597 1035 1659 Gabinii
1076 1599 1306 1660 litteras
1341 1598 1568 1676 insigni
1599 1599 1865 1674 quadam
1887 1604 2041 1677 nota

0 1690 150 1758 tque
179 1679 511 1755 ignominia
540 1698 700 1743 nova
735 1682 1222 1757 condemnastiS‚
1254 1684 1315 1745 C.
1352 1681 1601 1746 Caesari
1639 1680 2046 1757 supplicatio-

1 1781 73 1826 es
109 1764 502 1838 decrevistis,
533 1782 785 1827 numero
819 1774 888 1828 ut
929 1767 1154 1828 nemini
1183 1784 1308 1829 uno
1350 1785 1429 1829 ex
1470 1766 1652 1839 bello,
1694 1766 1931 1827 honore
1975 1770 2043 1825 ut

0 1848 208 1910 mnino
252 1848 496 1909 nemini.
598 1849 718 1910 Cur
776 1850 959 1926 igitur
998 1859 1357 1928 exspectem
1404 1851 1709 1912 hominem
1753 1850 2038 1926 aliquem,

2 1933 63 1995 ui
93 1950 192 1996 me
221 1949 356 1994 cum
387 1933 503 1995 illo‘
523 1931 583 1995 in
617 1934 871 2011 gratiam
898 1935 1198 1997 reducat?
1248 1934 1518 1998 Reduxit
1551 1935 1704 1996 ordo
1734 1933 2039 2011 amplissi-

0 2036 96 2080 1us
130 2027 192 2079 et
221 2019 374 2078 ordo
400 2018 473 2092 is,
504 2018 607 2093 qui
636 2027 818 2080 estet
848 2019 1072 2095 publici
1103 2020 1346 2081 consilii
1377 2026 1438 2080 et
1466 2034 1737 2079 meorum
1768 2018 2037 2079 omnium

0 2101 355 2163 onsiliorum
373 2110 588 2163 auctor
614 2111 674 2163 et
697 2102 1004 2179 princeps.
1035 2105 1170 2165 Vos
1192 2119 1442 2180 sequor,
1463 2111 1668 2178 patres
1686 2100 2051 2176 conscripti,

0 2184 140 2246 obis
171 2184 552 2261 obtempero,
581 2186 765 2247 vobis*
794 2186 1124 2261 adsentior,
1154 2187 1279 2263 qui,
1313 2204 1495 2264 quam
1524 2185 1630 2246 diu
1660 2184 1721 2248 C.
1755 2183 2037 2245 Caesaris

0 2268 220 2329 onsilia
260 2269 319 2328 in
364 2285 435 2330 re
464 2269 712 2346 publica
744 2269 874 2331 vnon
920 2270 1182 2331 maxime
1227 2269 1601 2345 diligebatis,
1636 2284 1731 2328 me
1788 2283 2039 2343 quoque

0 2370 96 2414 um
142 2351 246 2412 illo
288 2353 487 2414 minus
529 2352 912 2414 coniunctum
957 2353 1292 2415 videbatis=
1347 2361 1570 2430 postea
1626 2368 1807 2427 quam
1848 2351 2037 2412 rebus

0 2437 148 2497 estis
179 2444 414 2497 mentes
443 2445 684 2498 vestras
713 2438 1184 2516 voluntatesque
1212 2434 1513 2510 mutastiS,
1547 2452 1646 2496 me
1675 2452 1796 2497 non
1834 2435 2031 2495 solum

0 2518 242 2580 omitem
288 2536 432 2581 esse
466 2520 800 2581 sententiae
845 2529 1114 2595 vestrae,
1153 2520 1263 2582 sed
1308 2518 1488 2581 etiam
1526 2519 1903 2579 laudatorem
1944 2517 2033 2577 vi-

4 2604 156 2664 istis.

82 2686 186 2747 XI.
223 2685 326 2747 26.
357 2685 483 2747 Sed
507 2685 656 2762 quid
679 2694 773 2747 est
796 2686 961 2761 quod
998 2684 1056 2743 in
1089 2684 1204 2745 hac
1236 2701 1427 2747 causa
1457 2685 1720 2746 maxime
1754 2684 2037 2744 homines

0 2768 331 2831 dmirentur
351 2777 412 2830 et
437 2769 888 2844 reprehendant
915 2785 1116 2829 meum
1147 2767 1489 2841 consilium,
1517 2785 1707 2842 quum
1732 2783 1849 2842 ego
1875 2765 2033 2826 idem

0 2861 137 2913 ntea
180 2856 366 2913 multa
401 2850 815 2924 decreverim,
853 2867 1013 2926 quae
1047 2850 1242 2927 magis
1274 2851 1353 2911 ad
1386 2850 1650 2912 hominis
1680 2848 2030 2934 dignitatem

3 2953 148 2997 uam
183 2936 263 2997 ad
295 2935 383 2997 rei
416 2935 697 3013 publicae
726 2934 1156 2999 necessitatem
1185 2934 1600 3011 pertinerent?
1628 2931 2040 3010 Supplicatio-

0 3036 100 3080 em
134 3019 481 3096 quindecim
519 3019 753 3080 dierum
785 3020 1032 3082 decrevi
1062 3019 1366 3081 sententia
1392 3035 1549 3080 mea.
1610 3018 1722 3081 Rei
1756 3017 2038 3095 publicae

0 3104 112 3166 atis
155 3112 285 3165 erat
325 3112 414 3166 tot
460 3102 695 3164 dierum
740 3113 890 3179 quot
930 3105 993 3165 C.
1020 3103 1236 3165 Mario.
1308 3104 1416 3165 Dis
1445 3103 1885 3165 immortalibus
1914 3120 2036 3165 non

0 3196 88 3248 rat
127 3187 351 3264 exigua
383 3187 598 3249 eadem
631 3188 951 3263 gratulatio
994 3204 1153 3263 quae
1196 3205 1278 3249 ex
1308 3187 1592 3251 maximis
1619 3189 1817 3249 bellis.
1873 3187 2037 3263 Ergo

3 3270 59 3331 le
91 3273 371 3333 cumulus
397 3270 631 3332 dierum
662 3270 923 3331 hominis
954 3281 1051 3331 est
1073 3270 1347 3347 dignitati
1376 3272 1654 3334 tributus.
1686 3270 1789 3335 27.
1820 3270 1886 3329 In
1912 3286 2038 3346 quo

0 3371 95 3430 go,
128 3371 254 3431 quo
287 3355 544 3417 consule
565 3356 865 3416 referente
902 3353 1156 3430 primum
1179 3356 1394 3417 decem
1425 3356 1657 3417 dierum
1681 3362 1777 3415 est
1803 3352 2039 3438 suppli-7

0 3438 115 3498 atio
150 3439 399 3499 decreta
429 3438 536 3498 Cn.
576 3436 865 3514 Pompeio
903 3437 1248 3501 Mithridate
1287 3439 1605 3500 interfecto
1652 3447 1714 3497 et
1753 3436 2038 3495 coniecto

0 3521 366 3583 [ithridatico
412 3522 574 3582 bello
618 3529 678 3582 et
718 3521 892 3582 cuius
933 3523 1233 3583 sententia
1275 3522 1539 3597 primum
1592 3519 1900 3592 duplicata
1944 3520 2041 3572 cst

2421 1372 2442 1411 nx
2425 1302 2452 1318 ι.

2455 1440 2466 1443 l

2478 1602 2490 1607 ,
2479 1492 2484 1497 ι

2501 1460 2514 1611 ·Α“..-μ
2513 1350 2514 1353 Α

2441 2865 2514 3024 ΥἉΞἿ
2446 2309 2514 2805 ΗΝΝῐῖῖιΩιτν
2463 2148 2514 2244 m:
2467 1669 2514 2086 ninum...
