2514 3928
909 283 1291 335 PROOEMIUM
1327 285 1640 337 EDlTORIS.
2191 302 2321 341 xxm

227 436 304 472 m
333 421 474 471 nulla
506 437 671 486 paene
700 421 940 473 librorum
979 424 1275 474 auctorante
1310 431 1524 489 repetita
1555 422 1713 474 semel
1743 425 1999 488 posuisse,
2037 440 2136 487 qua
2174 426 2236 475 de
2266 442 2320 477 re

225 497 365 540 recte
401 491 712 541 existimavit
746 491 1124 557 Madvigius
1160 493 1208 540 in
1242 489 1422 554 Opusc.
1451 492 1618 542 Acad.
1652 494 1815 556 prior.
1854 507 1908 558 p.
1943 492 2046 544 453
2080 508 2192 557 sqq.
2232 495 2319 545 do-

225 559 381 621 nique
402 560 451 621 S.
481 559 596 612 102.
632 574 869 621 errorem,
902 576 1003 624 quo
1034 560 1157 610 olim
1186 561 1444 612 edideram
1478 575 1584 610 cum
1609 563 1772 612 salute
1800 577 1910 612 mea
1941 576 2034 627 pro
2069 577 2175 612 cum
2209 578 2318 613 mea

222 631 394 679 salute
429 628 715 679 sustulisse.

366 697 533 745 Etiam
569 699 848 747 orationem
884 711 987 760 pro
1017 697 1074 750 G.
1113 698 1328 749 Rabirio
1359 699 1593 749 Postumo
1624 714 1755 762 quae
1785 701 2011 763 sequitur
2045 700 2319 764 diligenter

222 765 521 829 recognovi.
592 767 654 816 Et
699 781 816 830 cap.
863 766 1068 828 quidem
1111 766 1158 818 1.
1212 767 1263 828 S.
1318 765 1366 820 1.
1411 767 1552 818 edidi
1598 783 1626 817 e
1667 769 1864 818 duobus
1909 767 2094 817 Mureti
2138 768 2314 818 libris:

223 833 364 900 quod
401 849 524 884 suas
548 835 787 899 fortunas
818 836 1067 899 fundatas
1110 837 1419 898 praesertim
1454 845 1606 902 atque
1639 841 1813 901 optime
1853 839 2146 889 continuas
2171 843 2317 901 pote-

219 904 346 953 stati
378 904 552 967 regiae
585 905 872 969 libidinique
900 905 1193 955 comui-serit
1228 919 1322 969 pro
1352 905 1586 972 vulgato:
1625 907 1760 970 quod
1788 921 1914 956 suae
1933 906 2171 969 fortune
2195 906 2317 969 sun·

221 972 378 1022 datas
397 975 700 1035 praesertim
727 982 879 1038 atque
917 975 1101 1036 optime
1132 975 1425 1024 constitutas
1451 989 1573 1037 opes
1598 978 1841 1037 potestati
1868 981 1964 1025 etc.
2002 975 2134 1024 Vide
2164 975 2315 1024 etiam

223 1040 497 1090 Rauium
529 1042 566 1091 l.
605 1058 650 1091 c.
682 1043 784 1100 vol.
824 1043 864 1091 Ι.
901 1057 958 1106 p.
997 1039 1081 1091 19.
1152 1043 1281 1092 Dein
1317 1044 1365 1104 S.
1392 1044 1457 1093 2.
1501 1044 1701 1093 restitui
1740 1043 1876 1106 quod
1908 1050 2027 1093 ante
2059 1058 2141 1093 me
2175 1041 2315 1108 lege-

221 1111 395 1159 batur:
435 1112 570 1176 quod
596 1126 821 1161 sermone
854 1110 1090 1160 hominum
1124 1126 1188 1160 ac
1226 1114 1458 1162 messoria
1492 1119 1697 1176 patr-um
1730 1115 1938 1163 virtutes
1976 1111 2308 1163 octobr-enm.

223 1177 347 1242 Cap.
386 1179 437 1230 8.
470 1181 522 1241 5.
562 1180 649 1232 21.
688 1195 716 1229 e
753 1180 864 1232 cod.
908 1179 1198 1242 Hotomani,
1249 1181 1339 1243 qui
1376 1180 1556 1231 habet=
1603 1182 1736 1232 Huic
1768 1183 1997 1232 videlicet
2025 1193 2316 1245 persuasor

220 1246 436 1298 blandus
478 1249 812 1311 reperiendus
852 1247 958 1309 fuit
1001 1251 1088 1312 qui
1130 1256 1222 1299 etc.
1280 1250 1594 1300 coniecerant
1638 1251 1755 1300 olim
1801 1250 2122 1300 scribendum
2170 1263 2311 1300 esse:

220 1315 359 1365 Huic
398 1317 629 1366 videlicet
665 1331 849 1366 suasor
879 1315 1192 1377 perblandus
1226 1319 1558 1379 reperiendus
1590 1319 1691 1381 sicit
1724 1321 1808 1383 qui
1834 1326 1928 1369 etc.
1998 1316 2103 1369 Sed
2144 1326 2313 1367 tamen

223 1382 356 1432 nihil
406 1398 520 1432 esse
560 1385 711 1433 video
756 1399 845 1432 cur
888 1384 1082 1432 codicis
1133 1385 1314 1448 optimi
1360 1387 1702 1435 auctoritatem
1754 1387 2096 1451 repudiemus,
2180 1385 2312 1435 Nam

227 1452 386 1500 etiam
421 1452 468 1498 si
495 1465 784 1514 persuasor
815 1450 1038 1500 nondum
1075 1465 1108 1499 a
1137 1451 1516 1516 lexicographis
1547 1453 1838 1502 adnotatum
1875 1460 1969 1516 est,
1998 1464 2166 1504 tamen
2185 1469 2312 1518 per-

223 1523 509 1570 suasmces
566 1520 698 1570 dlxit
745 1518 989 1581 Plautus,
1050 1535 1149 1582 quo
1197 1518 1399 1568 facilius
1448 1523 1777 1585 persuasoris
1834 1535 2014 1570 nomen
2065 1523 2305 1586 accipias.

221 1587 473 1638 Rauius
506 1587 540 1639 l.
579 1604 623 1637 c.
659 1603 715 1654 p.
757 1586 840 1639 23.
878 1590 1115 1653 ignarus,
1152 1595 1208 1638 ut
1244 1587 1463 1649 videtur,
1497 1588 1612 1639 libri
1649 1588 1942 1651 Hotomani‚
1980 1597 2159 1639 orator
2191 1590 2313 1638 scri-

220 1657 446 1707 bendum
477 1671 592 1707 esse
629 1673 689 1707 eo
728 1655 843 1708 roco
881 1656 1111 1707 coniecit.
1183 1656 1360 1707 Paullo
1392 1666 1510 1722 post
1543 1658 1704 1709 Roma
1735 1657 2065 1706 contenderat
2091 1658 2308 1707 restitui.

184 1724 345 1794 χ(Στειρ.
372 1724 422 1776 9.
451 1727 502 1788 5.
533 1724 618 1776 23.
655 1727 822 1792 recepi
851 1739 985 1775 nunc
1014 1727 1318 1790 scripturam
1342 1725 1488 1789 hanc,
1531 1742 1683 1791 quam
1716 1726 1815 1775 iam
1843 1725 2153 1775 Hotomanus
2185 1727 2313 1789 ipse,

218 1797 309 1859 qui
344 1811 409 1844 ex
441 1796 616 1846 codice
651 1811 744 1845 suo
775 1794 1005 1860 protulit,
1043 1795 1231 1845 iudicio
1269 1811 1361 1845 suo
1395 1796 1775 1859 comprobavit:
1812 1793 1921 1845 Sed
1951 1794 2003 1843 t’n
2028 1793 2120 1844 hoc
2154 1800 2312 1844 tamen

219 1865 456 1914 Postumo
491 1865 767 1929 {qno-scam,
811 1876 859 1912 et
895 1864 1080 1928 scripsi
1111 1871 1316 1928 postea:
1356 1880 1499 1931 quum
1528 1865 1721 1915 videam
1748 1870 1864 1928 etc.‚
1903 1869 1960 1912 ut
1999 1870 2135 1912 totus
2170 1862 2311 1913 locus

219 1948 354 1984 nunc
390 1933 466 1983 sic
501 1940 719 1984 constet:
767 1932 874 1984 Sed
915 1934 968 1983 in
1002 1932 1095 1983 hoc
1138 1942 1301 1984 tamen
1337 1934 1874 1998 Postumio-symeoni,
1921 1931 2102 1983 henaim·
2129 1933 2312 1984 medio-

215 2003 377 2053 criter·
411 2003 573 2060 docto,
611 2019 754 2069 quum
779 2003 973 2058 videam
1000 2004 1391 2065 sapientissimos
1423 2002 1640 2053 homines
1669 2017 1781 2053 esse
1815 2004 2002 2065 lapsos.
2055 2000 2179 2068 Cap.
2221 2001 2306 2051 11.

217 2073 268 2133 S.
305 2070 389 2122 29.
429 2072 610 2136 scripsi
655 2087 682 2120 e
719 2072 834 2122 cod.
877 2072 1172 2134 Hotomani,
1222 2086 1373 2133 quem
1412 2087 1504 2121 cur
1536 2080 1824 2136 suspectum
1865 2070 2142 2120 habeamus
2182 2069 2311 2119 nihil

220 2154 409 2190 sausae
444 2149 539 2202 est,
574 2155 728 2203 quum
756 2141 837 2189 vir
866 2140 978 2204 ipse
1015 2140 1213 2205 integer
1249 2154 1311 2189 ac
1347 2142 1536 2205 probus
1572 2139 1749 2190 fuerit:
1789 2140 2012 2189 Prezeoer
2045 2141 2311 2204 coquam

213 2212 267 2259 az·
299 2211 538 2273 loquare,
578 2224 671 2273 pro
704 2224 792 2269 eo,
830 2209 966 2272 quod
997 2208 1118 2259 olim
1154 2209 1492 2273 scripseram:
1532 2209 1756 2259 Praeter
1790 2211 2050 2273 cogitatum
2089 2209 2138 2258 st·
2169 2210 2312 2271 φιφ-

213 2280 366 2341 piam.
444 2276 518 2325 De
554 2276 855 2342 fragmentis
889 2277 974 2327 his
1002 2275 1287 2327 conseratur
1321 2292 1453 2327 nunc
1491 2276 1551 2329 Ο.
1588 2277 1992 2328 Ribbeckius
2032 2278 2082 2324 in
2126 2274 2311 2340 Tragi-

215 2361 387 2396 corum
424 2345 717 2396 Latinorum
747 2347 976 2411 reliquiis
1009 2360 1064 2411 p.
1100 2346 1219 2398 220.
1294 2346 1469 2396 Paullo
1499 2355 1618 2412 post
1650 2346 1836 2411 scripsi
1864 2360 2046 2396 cavere
2078 2346 2224 2396 etiam
2260 2349 2312 2392 et

213 2415 445 2480 fugere,¹
474 2430 576 2477 quo
613 2416 802 2466 ducunt
833 2430 934 2466 non
966 2414 1130 2465 solum
1169 2416 1387 2481 vestigia
1421 2416 1648 2465 codicum
1687 2413 2083 2475 oxoniensium,
2131 2427 2310 2463 verum

221 2484 374 2533 etiam
425 2485 540 2548 ipsa
579 2485 858 2546 sententia,
901 2498 994 2548 pro
1036 2482 1274 2547 vulgato:
1320 2499 1502 2535 cavere
1537 2486 1685 2535 etiam
1726 2491 1777 2534 et
1811 2484 2055 2548 effuyere.
2128 2481 2310 2530 Postea

219 2552 269 2614 S.
305 2551 393 2604 30.
439 2567 593 2615 quum
631 2553 684 2601 in
723 2551 866 2603 libris
903 2551 1273 2603 ante-Gabinio
1308 2568 1469 2614 neque
1505 2555 1615 2603 dm
1647 2567 1808 2615 peque
1843 2567 1985 2617 quum
2022 2548 2307 2607 haberetur,

220 2621 400 2686 putavi
436 2621 737 2684 particulam
769 2637 912 2688 quum
940 2628 1056 2671 ante
1093 2629 1297 2686 coyeret
1335 2622 1620 2686 ponendam
1656 2636 1799 2682 esse,
1837 2636 1938 2683 quo
1978 2620 2090 2668 loco
2120 2620 2164 2668 si
2201 2626 2308 2665 erat

217 2690 407 2754 scripta
449 2696 548 2753 quo
584 2698 670 2739 aut
715 2694 776 2739 οδ
824 2688 970 2740 facile
1008 2690 1285 2739 oblitterari
1323 2691 1505 2754 potuit.
1580 2689 1704 2755 Gap.
1744 2689 1827 2739 12.
1862 2689 1916 2750 S.
1960 2686 2047 2739 33.
2085 2688 2314 2737 amavi

217 2758 425 2823 reposui
468 2772 564 2823 pro
603 2760 853 2812 simulate.
926 2760 976 2821 5.
1005 2757 1091 2809 35.
1131 2774 1280 2820 quem
1320 2759 1487 2810 locum
1528 2761 1630 2809 iam
1668 2767 1816 2809 antea
1850 2755 2128 2807 secundum
2164 2755 2305 2805 codi-

217 2841 332 2877 cem
362 2826 623 2877 Hotomaui
664 2828 1041 2893 constitueram,
1072 2829 1121 2876 in
1151 2843 1211 2877 eo
1242 2827 1355 2877 loco
1386 2843 1519 2879 nunc
1555 2829 1707 2878 etiam
1740 2826 1982 2876 dixerunt
2009 2825 2061 2872 in
2088 2839 2148 2873 eo
2177 2823 2308 2873 libro

216 2903 338 2959 post
373 2902 468 2944 taem
500 2897 723 2959 positum
759 2897 961 2961 recepi,
1011 2897 1149 2959 quod
1190 2911 1251 2947 ea
1296 2898 1411 2961 ipsa
1457 2897 1592 2946 verbi
1644 2898 1887 2946 dixerunt
1926 2891 2200 2959 duplicatio
2239 2891 2307 2942 ad

215 2964 519 3014 sententiam
557 2966 824 3030 aptissima
865 2974 958 3019 est.
1028 2965 1260 3028 Denique
1294 2979 1408 3030 cap.
1451 2966 1535 3017 17.
1576 2966 1627 3026 5.
1662 2964 1751 3015 48.
1788 2971 1843 3013 ut
1876 2962 2006 3014 falso
2051 2961 2173 3011 olim
2214 2961 2308 3012 ad·
2405 2967 2411 2977 ’

217 3033 409 3082 iectum
442 3048 619 3083 rursus
653 3033 814 3085 delevi
850 3034 902 3084 in
939 3036 1108 3086 verbis
1150 3034 1260 3084 his:
1298 3041 1447 3099 atque
1478 3036 1531 3084 t‘n
1571 3033 1665 3083 hoc
1690 3033 1811 3097 soro
1848 3033 2098 3097 sontiatum
2125 3030 2308 3095 facere

212 3102 595 3233 hoeasssequitur
624 3172 783 3221 oratio
805 3188 907 3237 pro
931 3172 992 3223 T.
1021 3171 1189 3221 Annio
1215 3172 1409 3222 Milone
1438 3171 1647 3236 scripta,
1685 3171 1736 3219 in
1768 3185 1869 3233 qua
1896 3166 2306 3235 recognoscenda

217 3252 353 3287 nunc
397 3240 621 3288 maximo
665 3253 818 3304 opere
856 3241 1060 3291 adiutus
1094 3256 1207 3290 sum
1241 3240 1451 3306 egregia
1485 3254 1658 3304 opera,
1697 3254 1849 3301 quam
1888 3236 1943 3290 G.
1985 3236 2217 3285 Halmius
2251 3234 2305 3281 in
2397 3286 2402 3294 ,

215 3306 313 3356 hac
350 3308 578 3356 oratione
611 3309 812 3372 posuit,
843 3322 997 3371 quam
1033 3308 1196 3357 edidit
1231 3323 1333 3357 una
1363 3322 1475 3358 cum
1514 3308 1828 3357 orationibus
1856 3320 1960 3370 pro
1990 3304 2049 3366 Q.
2091 3302 2306 3366 Ligario
2395 3352 2400 3359 ,

215 3382 267 3425 ct
304 3390 405 3438 pro
439 3390 560 3441 reae
596 3378 846 3428 Deiotaro
884 3375 1093 3441 Lipsiae
1127 3391 1259 3425 anno
1292 3373 1570 3427 Mocccl..
1643 3372 1743 3423 Sed
1782 3388 1940 3437 quum
1986 3377 2307 3435 exspectetur

2392 3402 2398 3435 i

213 3443 384 3495 adhuc
414 3444 576 3494 maior
595 3445 754 3496 editio
777 3445 952 3496 critica
978 3444 1202 3498 hominis
1227 3444 1525 3501 doctissimi,
1550 3440 1667 3491 nolo
1689 3450 1804 3491 ante
1840 3442 1903 3490 de
1926 3437 2141 3503 singulis
2177 3434 2305 3484 locis
2392 3467 2397 3496 Ξ

214 3513 500 3583 disputare,
529 3527 684 3577 qnam
716 3520 993 3581 apparatus
1029 3513 1141 3564 eius
1175 3512 1383 3561 criticus
1418 3510 1611 3574 publici
1643 3510 1772 3557 iuris
1810 3509 1977 3557 tactus
2010 3507 2136 3561 erit,
2167 3500 2306 3556 quod
