2514 3928
226 214 352 280 184
775 214 924 276 PRO
961 216 1074 278 CN.
1103 213 1432 276 PLANCIO
1464 214 1768 275 ORATIO.
2237 218 2327 285 ’86

227 375 314 429 tot
353 375 417 428 et
447 373 610 426 tanta
650 367 1002 427 adiumenta
1042 365 1184 427 huic
1226 366 1449 426 honori
1496 363 1689 425 fuisse
1732 363 1970 426 mioere.
2058 367 2173 428 Hic
2222 379 2326 432 est

227 450 415 520 enim,
445 449 550 524 qui
579 449 1078 510 adolescentulus
1107 464 1246 509 cum
1273 451 1349 508 A.
1376 449 1685 524 Torquato
1717 450 2028 523 protectus
2061 450 2120 510 in
2158 453 2324 512 Afri—

228 549 363 594 cam
405 531 497 592 sic
526 531 604 591 ab
641 531 744 592 illo
775 531 1144 606 gravissimo
1190 541 1252 593 et
1277 530 1671 593 sanctissimo
1714 538 1902 606 atque
1935 533 2102 593 omni
2129 535 2326 596 laude

229 624 292 676 et
331 614 567 675 honore
596 613 960 689 dignissimo
994 615 1123 677 viro
1156 614 1419 676 dilectus
1450 622 1578 686 est,
1607 622 1673 679 ut
1701 623 1762 675 et
1798 616 2178 677 contubernii
2210 635 2326 678 ne·

229 697 545 759 cessitudo
563 705 624 758 et
637 698 1050 760 adolescentis
1066 696 1501 758 modestissimi
1516 698 1717 772 pudor
1732 699 2097 772 postulabat.
2116 701 2328 775 Quod,

226 781 281 841 si
315 781 579 854 adesset,
612 797 735 840 non
765 780 965 859 minus
995 780 1095 841 ille
1120 782 1460 841 declararet
1489 796 1672 854 quam
1702 780 1799 841 hic
1821 779 1983 843 illius
2008 783 2192 844 frater
2207 801 2317 860 pa·

228 863 436 926 truelis
468 871 528 924 et
557 880 753 936 socer,
777 865 842 922 T.
859 866 1226 937 Torquatus,
1251 862 1520 924 omniilli
1544 870 1605 923 et
1628 864 1853 926 virtute
1882 871 1943 926 et
1971 865 2151 928 laude
2180 882 2319 941 par,

232 948 336 1024 qui
378 955 476 1008 est
519 946 766 1021 quidem
811 962 946 1007 cum
992 945 1103 1005 illo*
1130 944 1411 1004 maximis
1448 944 1705 1007 vinculis
1750 955 1810 1006 et
1839 947 2325 1024 propinquitatis

233 1039 295 1092 et
327 1027 657 1090 adfinitatis
689 1028 1084 1099 coniunctus,
1116 1029 1228 1089 sed
1266 1028 1348 1088 ita
1379 1029 1615 1102 magnis
1646 1029 1900 1102 amoriS‚
1943 1038 2011 1092 ut
2036 1032 2174 1092 illae
2205 1047 2321 1091 nc·

231 1111 635 1174 cessitudinisJ
654 1128 882 1173 causae
911 1114 1082 1172 leves
1115 1127 1260 1172 esso
1295 1111 1632 1172 videantur.
1676 1113 1816 1174 Fuit
1845 1113 1903 1172 in
1933 1113 2107 1176 Creta
2140 1123 2314 1191 post-

227 1213 301 1256 ea
345 1195 796 1256 contubernalis
842 1193 1179 1268 Saturnini,
1221 1195 1552 1270 propinqui
1599 1195 1726 1267 sui,
1772 1195 1945 1256 miles
2002 1197 2182 1258 buius
2236 1198 2314 1272 Q.

226 1277 481 1340 Meteltiz
517 1278 616 1339 cui
649 1294 835 1354 quum
867 1278 1046 1340 suerit
1076 1277 1545 1355 probatissimus
1570 1278 1879 1354 hodieque
1902 1279 1999 1354 sit,
2022 1281 2320 1341 omnibus

229 1379 372 1424 esse
420 1378 491 1423 se
533 1363 855 1438 probatum
899 1363 1081 1423 debet
1120 1378 1392 1438 sperare.
1481 1363 1545 1420 ln
1597 1379 1672 1422 ea
1713 1362 2033 1438 provincia
2075 1364 2320 1439 legatus

230 1446 343 1507 t'uit
376 1445 439 1506 C.
479 1445 816 1509 Sacerdosx
868 1463 991 1521 qua
1023 1446 1275 1522 virtute,
1317 1462 1438 1521 qua
1483 1446 1824 1507 constantia
1861 1445 1992 1506 virt
2039 1447 2104 1506 L.
2138 1447 2311 1507 Flac-

229 1546 370 1591 cus=
417 1529 521 1605 qui
563 1532 776 1593 homo!
822 1530 927 1606 qui
978 1529 1164 1590 civis!
1211 1531 1450 1605 qualem
1494 1528 1656 1590 hunc
1687 1537 1898 1605 putent
1941 1530 2319 1592 adsiduitate

228 1612 701 1690 testimonioque
731 1614 1058 1674 declarant.
1123 1613 1224 1676 28.
1256 1614 1323 1671 In
1353 1612 1717 1673 Macedonia
1749 1613 2026 1675 tribunus
2055 1613 2316 1675 militum

231 1698 371 1757 fuit:
411 1695 472 1755 in
495 1698 709 1757 eadem
742 1697 1061 1772 provincia
1092 1704 1311 1772 postea
1341 1703 1652 1771 quaestor.
1726 1695 1989 1757 Primum
2019 1697 2307 1760 Macedo·

232 1779 332 1839 nia
356 1779 446 1838 sic
469 1795 608 1839 eum
631 1779 840 1853 diligit,
873 1787 935 1839 ut
957 1780 1222 1840 indicant
1251 1777 1313 1837 bi
1344 1778 1654 1854 principes
1689 1779 1996 1841 civitatum
2026 1797 2271 1841 suarum
2291 1802 2313 1835 ι

233 1863 335 1936 qui
367 1878 556 1936 quum
586 1861 758 1922 missi
788 1864 909 1923 sint
938 1863 1017 1923 ob
1050 1861 1229 1922 aliam
1253 1878 1521 1934 causam,
1558 1870 1753 1922 tamen
1785 1864 1966 1924 huius
1989 1863 2316 1939 repentino

229 1943 502 2022 periculo
550 1946 834 2007 commoti
879 1945 1018 2007 huic
1059 1946 1370 2017 adsident,
1418 1962 1529 2021 pro
1577 1946 1695 2008 hoc
1727 1947 2032 2022 laborant,
2080 1946 2219 2008 huic
2251 1945 2311 2007 si

231 2036 480 2105 praesto
527 2029 776 2102 ruerint,
827 2029 1055 2104 gratius
1103 2046 1174 2090 se
1216 2029 1560 2090 civitatibus
1611 2030 1741 2091 suis
1785 2032 2053 2093 facturos
2098 2040 2312 2106 putant

231 2128 412 2187 quam
453 2112 506 2172 si
546 2112 908 2189 legationem
951 2131 1126 2175 suam
1164 2122 1228 2175 et
1259 2114 1545 2175 mandata
1575 2115 1967 2176 confecerint.
2053 2114 2120 2173 L.
2151 2130 2306 2173 vero

226 2194 526 2272 Apuleius
581 2196 742 2258 hunc
788 2196 935 2257 tanti
990 2198 1163 2270 facit,
1228 2206 1297 2258 ut
1331 2213 1562 2257 morem
1614 2198 1780 2258 illum
1820 2197 2156 2273 maiorum,
2200 2195 2309 2271 qui

150 2327 155 2330 .
231 2278 595 2353 praescribit
621 2279 677 2338 in
707 2290 1020 2355 parentum
1045 2282 1182 2341 loco
1208 2279 1639 2355 quaestoribus
1665 2282 1795 2341 suis
1829 2289 2142 2356 praetores
2164 2296 2315 2340 esse

228 2369 536 2437 oportere,
568 2363 792 2425 officiis
822 2363 1374 2440 benevolentiaque
1406 2362 1726 2439 superarit.
1771 2364 2078 2425 Tribunus
2111 2363 2309 2439 plebis

233 2445 374 2519 fuit,
401 2462 523 2506 non
556 2447 821 2509 fortasse
848 2456 969 2509 tam
994 2447 1334 2509 *vehemens
1363 2463 1545 2523 quam
1580 2446 1697 2521 isti,
1736 2464 1895 2523 quos
1920 2456 1984 2508 tu
2017 2446 2146 2507 iure
2176 2448 2301 2506 lau-

225 2529 371 2601 das,
405 2530 516 2590 sed
548 2538 712 2591 certe
740 2530 912 2605 taliS‚
960 2532 1174 2607 quales
1205 2532 1259 2592 si
1293 2548 1507 2593 omnes
1538 2547 1783 2607 semper
1825 2531 2100 2603 ruissent,
2132 2545 2298 2589 num·

228 2629 412 2687 quam
443 2613 829 2677 desideratus
859 2615 1194 2678 vehemens
1223 2623 1394 2678 esset
1420 2614 1714 2676 tribunus,

350 2697 478 2756 ΧΠ.
514 2696 615 2760 29.
644 2698 867 2760 Omitto
897 2699 1014 2774 illa,
1050 2717 1209 2775 quae
1233 2700 1286 2760 si
1312 2700 1510 2759 minus
1539 2698 1600 2757 in
1624 2714 1851 2759 scaena
1879 2705 2040 2770 sunt,
2062 2704 2123 2757 at
2144 2705 2310 2755 certe

221 2797 410 2854 quum
447 2790 588 2843 sunt
621 2786 875 2858 prolata,
905 2785 1244 2856 laudantur,
1279 2791 1345 2843 ut
1366 2782 1531 2842 vivat
1553 2797 1691 2843 cum
1714 2782 1862 2852 suiS,
1892 2779 2145 2856 primum
2168 2794 2308 2839 cum

224 2870 476 2935 parente
499 2898 584 2910 —
605 2884 745 2926 nam
772 2884 910 2928 meo
934 2866 1160 2927 iudicio
1194 2865 1389 2940 pietas
1428 2865 1880 2925 fundamentum
1910 2872 2007 2924 cst
2036 2860 2307 2924 omnium

222 2942 510 3005 virtutum
536 2982 634 3020 —-,
669 2965 856 3021 quem
889 2957 1131 3009 veretur
1164 2955 1230 3008 ut
1262 2947 1443 3008 deum
1472 2981 1555 2991 —
1579 2964 1780 3023 neque
1807 2946 1967 3008 enim
2000 2948 2184 3007 multo
2208 2960 2305 3004 se-

220 3041 336 3086 cus
365 3036 462 3087 est
492 3045 718 3101 parens
746 3030 955 3092 liberis
985 3064 1087 3103 —-‚
1111 3038 1273 3091 amat
1299 3046 1448 3091 vero
1477 3039 1545 3092 ut
1577 3030 1849 3092 sodalem
1868 3075 1882 3102 ,
1928 3040 1994 3092 ut
2039 3031 2304 3099 fratrem,

219 3116 288 3168 ut
314 3112 657 3185 aequalem.
748 3112 905 3185 Quid
937 3114 1134 3173 dicam
1164 3129 1301 3174 cum
1335 3123 1579 3189 patruo,
1629 3131 1766 3175 cum
1795 3113 2133 3183 adfinibus,
2164 3127 2303 3171 cum

224 3191 610 3266 propinquis„
653 3209 792 3253 cum
827 3195 949 3256 hoc
974 3197 1077 3256 Cn.
1111 3196 1460 3269 Saturnino,
1503 3196 1894 3258 ornatissimo
1925 3196 2103 3258 viro?
2129 3195 2307 3255 cuius

219 3282 507 3345 quantam
537 3275 794 3337 honoris
831 3278 1016 3339 huius
1048 3280 1442 3356 cupiditatem
1473 3282 1666 3342 fuisse
1690 3279 1965 3352 creditis,
1999 3295 2188 3353 quum
2218 3276 2304 3337 vi-

210 3354 374 3448 detis
405 3358 604 3417 luctus
637 3359 1044 3424 societatem?
1078 3362 1234 3437 Quid
1265 3365 1344 3426 de
1374 3380 1471 3424 me
1505 3363 1747 3424 dicam?
1782 3362 1887 3439 qui
1920 3361 2064 3422 mibi
2095 3362 2154 3420 in
2191 3359 2303 3420 hu-

208 3452 311 3497 ius
342 3440 612 3514 periculo
640 3458 789 3504 reus
823 3461 972 3508 esse
1008 3447 1220 3509 videor
1241 3455 1272 3506 ’ἒ
1312 3448 1460 3523 quid
1505 3447 1582 3507 de
1624 3446 1719 3506 bis
1765 3454 1853 3508 tot
1888 3446 2032 3505 viris
2065 3443 2286 3505 talibus
2331 3465 2348 3472 q
