2514 3928
248 145 333 208 20
858 140 1008 204 PRO
1038 141 1103 203 P.
1138 140 1405 211 SESTIO
1440 140 1740 203 ORATIO.

249 299 410 357 illam
434 293 785 357 labefactari
808 295 885 356 ab
906 294 1204 371 improbis
1230 293 1433 356 malui.
1488 293 1593 356 50.
1622 293 2037 368 Meminerant,
2069 295 2332 371 iudiceS,

249 380 520 441 divinum
560 379 730 440 illum
771 379 967 440 virum
1005 389 1192 454 atque
1233 395 1314 439 ex
1349 379 1566 439 iisdem
1600 377 1822 453 quibus
1866 396 1983 441 nos
2013 378 2332 443 radicibus

242 472 453 525 »natum
477 464 556 525 ad
579 465 837 525 salutem
861 462 1041 523 huius
1062 462 1318 538 imperii,
1346 463 1407 523 C.
1431 461 1705 535 Marium,
1729 479 1968 523 summa
1992 470 2331 538 senectute,

251 565 438 623 quum
462 548 582 608 vim
608 564 805 624 prope
827 546 1126 608 iustorum
1150 563 1458 607 armorum
1484 538 1879 621 piosugisset,
1914 546 2110 622 primo
2135 548 2331 608 senile

242 649 476 708 corpus
503 632 830 708 paludibus
854 632 1200 692 occultasse
1225 631 1572 691 demersum
1589 675 1603 702 ,
1634 630 1858 690 deinde
1879 631 1961 691 ad
1982 630 2327 692 infimorum

245 733 321 776 ac
359 716 855 777 tenuissimorum
888 714 1198 775 hominum
1227 712 1546 775 Minturnis
1587 712 2071 774 misericordiam
2113 715 2328 775 consu-

242 801 446 876 gisse:
479 799 624 860 inde
653 798 896 874 navigio
926 815 1267 873 perparvo,
1305 815 1493 872 quum
1518 813 1732 858 omnes
1761 807 1977 873 portus
2008 808 2328 874 terrasque

248 886 511 959 fugeret,
563 882 626 943 in
670 899 815 943 oras
854 882 1104 942 Africae
1151 881 1605 942 desertissimas
1658 881 2039 956 pervenisse.
2095 885 2329 956 ‘Atque

247 969 347 1027 ille
378 967 559 1028 vitam
596 984 798 1038 suam,
848 981 924 1027 ne
953 967 1178 1027 inultus
1205 974 1405 1038 esset,
1450 966 1530 1025 ad
1561 964 2028 1027 incertissimam
2060 982 2234 1040 spem
2267 974 2331 1026 et

243 1053 326 1111 ad
353 1051 443 1111 rei
477 1051 760 1127 publicae
789 1051 977 1112 fatum
1005 1047 1373 1111 reservavit:
1422 1064 1574 1124 ego,
1618 1048 1722 1124 qui
1756 1066 1935 1124 quem
1965 1051 2044 1109 ad
2075 1051 2324 1110 modum

247 1135 413 1195 multi
454 1133 516 1195 in
559 1145 776 1195 senatu
818 1151 915 1196 me
954 1135 1208 1195 absente
1241 1133 1556 1205 dixerunt,
1617 1132 1888 1207 periculo
1921 1132 2012 1193 rei
2042 1132 2327 1208 publicae

250 1220 560 1292 vivebam,
597 1219 829 1323 quique
860 1218 941 1280 ob
970 1234 1104 1278 eam
1136 1232 1386 1278 causam
1418 1216 1847 1278 consularibus
1875 1215 2086 1278 litteris
2114 1216 2195 1276 de
2226 1232 2327 1276 se·

249 1312 426 1365 natus
457 1284 789 1364 sententia*
798 1301 1027 1363 exteris
1057 1300 1405 1363 nationibus
1437 1302 1941 1373 commendabar,
1987 1315 2223 1374 nonne,
2273 1299 2328 1360 si

249 1403 445 1449 meam
466 1387 649 1448 vitam
674 1386 1122 1458 deseruissem,
1151 1401 1281 1445 rem
1305 1384 1610 1460 publicam
1636 1383 2135 1459 prodidissem?
2118 1401 2178 1444 in
2205 1401 2330 1459 qua

249 1471 496 1548 quidem
525 1488 688 1533 nunc
718 1487 813 1531 me
843 1469 1120 1531 restituto
1156 1468 1303 1530 vivit
1333 1485 1571 1530 mecum
1600 1469 1777 1529 simul
1806 1470 2152 1545 exemplum
2181 1467 2325 1528 fidei

249 1555 551 1631 publicae.
638 1554 816 1628 Quod
859 1552 913 1613 si
956 1552 1290 1613 immortale
1328 1553 1649 1625 retinetur,
1709 1551 1850 1627 quis
1893 1569 2016 1614 non
2050 1551 2329 1626 intelligit

247 1641 646 1699 immortalem
671 1638 828 1697 hanc
854 1636 1156 1698 civitatem
1180 1637 1489 1698 futuram?
1534 1637 1744 1697 xxm.
1767 1635 1868 1698 51.
1904 1637 2052 1698 Nam
2074 1645 2328 1697 externa

208 1754 215 1757 x
250 1723 410 1783 bella
456 1737 698 1797 regum,
756 1721 1055 1796 gentium,
1110 1720 1421 1781 nationum
1465 1722 1582 1781 iam
1628 1720 1865 1795 pridem
1904 1720 1988 1782 ita
2027 1717 2326 1782 exstincta

250 1813 419 1878 sunt,
470 1813 536 1866 ut
579 1807 891 1880 praeclare
934 1821 1069 1865 cum
1101 1803 1198 1865 his
1229 1821 1514 1880 agamuS,
1562 1821 1723 1880 quos
1753 1813 2009 1879 pacatos
2038 1821 2183 1865 esse
2219 1820 2326 1879 pa-

251 1889 486 1950 tiamur.
565 1887 846 1962 Denique
876 1904 955 1948 ex
986 1888 1204 1949 bellica
1234 1888 1492 1950 victoria
1521 1906 1643 1950 non
1675 1890 1803 1950 fere
1833 1904 2204 1967 quemquam
2233 1894 2329 1948 est

248 1972 479 2033 Invidia
507 1972 729 2033 civium
759 1982 1113 2035 consecuta.
1178 1973 1545 2035 Domesticis
1579 1973 1758 2046 malis
1792 1982 1855 2034 et
1889 1973 2214 2034 audacium
2243 1971 2327 2031 ci·

253 2058 415 2118 vium
450 2056 726 2119 consiliis
757 2073 948 2133 saepe
980 2065 1077 2118 est
1103 2057 1517 2119 resistendum
1548 2074 1887 2132 eorumque
1917 2056 2327 2133 periculorum

250 2150 345 2203 est
372 2141 435 2201 in
465 2158 532 2202 re
565 2140 810 2217 publica
837 2140 1154 2203 retinenda
1182 2140 1514 2203 medicinae
1553 2155 1736 2217 quam
1762 2158 2033 2215 omnem,
2068 2140 2323 2211 iudices,

253 2224 708 2301 perdidissetis,
745 2224 799 2286 si
829 2242 964 2286 meo
994 2225 1236 2287 interitu
1268 2224 1507 2287 senatui
1533 2228 1892 2303 populoque
1914 2227 2191 2287 Romano
2217 2225 2325 2284 do-

252 2307 399 2370 loris
450 2308 547 2370 sui
596 2310 675 2369 de
709 2325 805 2369 me
848 2309 1198 2370 declarandi
1246 2318 1523 2385 potestas
1571 2316 1741 2380 esset
1779 2309 2010 2385 erepta.
2094 2309 2226 2383 Qua
2258 2323 2325 2367 re

250 2408 472 2454 moneo
515 2409 661 2466 voS,
714 2393 1173 2465 adolescentes,
1228 2402 1413 2470 atque
1461 2394 1578 2455 hoc
1625 2411 1762 2455 meo
1809 2392 1941 2455 iure
1991 2391 2324 2469 praecipio,

252 2475 358 2552 qui
380 2471 762 2553 dignitatem,
803 2475 908 2552 qui
929 2493 1060 2537 rem
1088 2477 1426 2553 publicam,
1458 2477 1563 2554 qui
1591 2480 1845 2553 gloriam
1872 2477 2193 2553 spectatiS,
2229 2491 2324 2547 ne,

249 2562 304 2622 si
355 2578 515 2637 quae
558 2577 672 2623 vos
713 2560 1045 2634 aliquando
1087 2562 1430 2623 necessitas
1470 2564 1551 2622 ad
1591 2578 1721 2622 rem
1764 2562 2073 2637 publicam
2112 2568 2327 2621 contra

251 2646 567 2721 improbos
595 2645 769 2707 cives
798 2646 1247 2706 defendendam
1282 2645 1554 2717 vocabit,
1607 2646 1929 2721 segniores
1959 2644 2092 2707 sitis
2133 2653 2196 2705 et
2230 2660 2325 2704 re·

252 2731 607 2791 cordatione
635 2728 754 2791 mei
787 2745 971 2790 casus
1002 2747 1039 2789 a
1069 2729 1344 2791 consiliis
1380 2730 1637 2790 fortibus
1666 2728 1999 2805 refugientis,
2067 2726 2168 2787 52.
2202 2725 2327 2787 Pri-

252 2829 413 2873 mum
455 2831 578 2875 non
618 2823 713 2875 est
754 2814 1091 2889 periculum
1148 2830 1225 2873 ne
1282 2813 1420 2887 quis
1468 2828 1756 2888 umquam
1799 2812 2028 2874 incidat
2076 2812 2140 2872 in
2192 2811 2327 2872 eius

253 2896 418 2957 modi
447 2899 766 2969 consuleS,
805 2897 1162 2972 praesertim
1192 2896 1246 2956 si
1279 2896 1391 2957 erit
1421 2897 1494 2956 iis
1526 2895 1620 2969 id,
1659 2897 1828 2971 quod
1858 2897 2141 2969 debetur,
2193 2911 2329 2970 per-

252 2982 538 3041 solutum.
597 2980 833 3040 Deinde
862 2997 1192 3056 numquam
1223 2979 1373 3054 iam,
1404 2988 1468 3041 ut
1500 2997 1719 3056 spero,
1751 2978 2077 3057 quisquam
2101 2977 2329 3054 impro-

251 3065 370 3123 bus
399 3063 659 3124 consilio
689 3072 751 3124 et
776 3064 1004 3125 auxilio
1032 3065 1337 3125 bonorum
1369 3080 1439 3124 se
1470 3080 1834 3141 oppugnare
1861 3080 1987 3124 rem
2021 3062 2328 3138 publicam

253 3146 416 3208 dicet
443 3147 564 3207 illis
595 3148 965 3221 tacentibus,
1004 3165 1118 3209 nec
1151 3148 1364 3209 armati
1393 3147 1701 3209 exercitus
1733 3157 2026 3209 terrorem
2054 3155 2330 3222 opponet

255 3231 504 3305 togatis:
555 3248 756 3308 neque
785 3233 899 3293 erit
925 3231 1084 3292 iusta
1114 3248 1306 3294 causa
1336 3234 1416 3291 ad
1449 3240 1658 3307 portas
1689 3231 1929 3293 sedenti
1957 3228 2330 3306 imperatori,

256 3331 377 3389 qua
405 3331 473 3374 re
494 3332 673 3377 suum
699 3324 985 3378 terrorem
1016 3317 1171 3377 falso
1198 3315 1409 3377 iactari
1435 3316 1793 3392 opponique
1820 3316 2096 3393 patiatur.
2145 3314 2329 3375 Num·

256 3415 438 3474 quam
466 3398 627 3460 enim
655 3399 769 3462 erit
797 3408 916 3462 tam
946 3417 1291 3477 oppressus
1334 3406 1608 3474 senatus,
1648 3409 1716 3461 ut
1744 3399 1803 3461 ei
1830 3415 1908 3461 ne
1937 3395 2332 3474 supplicandi
