2514 3928
71 274 109 325 5
752 262 921 322 CAP.
952 268 1145 323 4—6.
1175 266 1230 326 s.
1260 266 1488 323 7—14.
2029 258 2162 324 103

72 413 383 493 publicani
411 431 660 477 servum
693 428 837 474 esse
883 412 1091 474 vetuit.
1153 410 1310 486 Quid
1340 413 1568 473 multa?
1608 412 1875 473 crudelis
1899 411 2155 474 habere-

72 510 190 571 tur,
219 501 273 560 si
303 500 362 560 in
395 501 606 560 hostes
638 496 841 558 animo
873 496 1095 558 fuisset
1127 512 1223 570 eo,
1254 513 1377 571 quo
1411 495 1521 557 suit
1541 496 1600 556 in
1627 495 1797 557 cives
1818 497 2157 571 RomanoS,

70 584 212 644 eius
244 583 477 644 ordinis
507 581 884 658 praesertim,
917 580 1023 658 qui
1060 587 1157 640 est
1187 595 1435 654 semper
1476 579 1767 656 dignitate
1795 596 1938 652 sua,
1982 580 2153 641 beni·

70 667 302 742 gnitate
323 667 712 741 magistratus
735 671 1131 727 sustentatus
1167 661 1269 724 11.
1301 664 1532 739 Itaque,
1562 673 1770 739 patres
1800 664 2157 740 conscripti,

74 749 301 811 videtis
349 767 469 811 non
506 748 841 812 temeritate
868 746 1312 824 redemptionis
1341 757 1446 808 aut
1490 746 1723 824 negotii
1765 747 2019 824 gerendi
2063 747 2151 808 in-

69 833 269 907 scitia,
301 835 409 894 sed
440 834 723 907 avaritia,
751 833 1058 909 superbia,
1090 831 1449 893 crudelitate
1478 830 1715 892 Gabinii
1749 848 1948 907 paene
1976 831 2153 892 adfli-

75 927 216 980 ctos
240 917 358 978 iam
387 926 573 992 atque
598 934 857 979 eversos
881 917 1277 993 publicanos:
1303 915 1528 992 quibus
1554 915 1803 993 quidem
1828 931 1944 976 vos
1968 914 2030 976 in
2058 912 2153 976 his

69 1001 373 1079 angustiis
394 1002 614 1063 aerarii
635 1009 834 1062 tamen
861 1000 1240 1063 subveniatis
1270 1016 1534 1062 necesse
1558 1007 1683 1072 est,
1717 997 1831 1060 etsi
1860 999 1979 1059 iam
2005 1000 2156 1060 mul-

72 1088 147 1148 tis
178 1103 301 1147 non
334 1087 627 1162 potestis,
656 1085 763 1162 qui
792 1094 1047 1162 propter
1076 1086 1253 1146 illum.
1278 1085 1520 1146 hostem
1549 1092 1833 1158 senatuS,
1864 1081 2153 1144 inimicis-

70 1171 294 1231 simum
340 1169 576 1245 ordinis
630 1168 934 1244 equestris
990 1169 1419 1245 bonorumque
1464 1169 1732 1229 omnium
1774 1185 1896 1230 non
1954 1169 2157 1230 solum

69 1257 252 1326 bona,
285 1253 396 1312 sed
429 1253 612 1313 etiam
638 1252 1021 1313 honestatem
1056 1251 1266 1313 miseri
1296 1253 1996 1329 deperdiderunt=·quos
2030 1268 2155 1313 non

73 1335 459 1414 parcimonia
476 1381 493 1409 ‚
514 1351 639 1393 non
665 1333 1053 1407 continentia,
1075 1350 1198 1394 non
1221 1332 1434 1408 virtuS,
1456 1351 1579 1395 non
1597 1336 1932 1409 nahmi-,non
1950 1338 2156 1412 splen-

69 1423 192 1479 dor
219 1417 374 1478 tueri
406 1415 604 1490 potuit
626 1423 839 1477 contra
860 1416 1018 1476 illius
1030 1414 1342 1478 helluonis
1363 1426 1425 1478 et
1454 1417 1789 1492 praedonis
1818 1421 2158 1480 audaciam.

75 1503 179 1566 12.
218 1498 417 1574 Quid?
447 1501 551 1574 qui
587 1515 656 1559 se
687 1498 866 1560 etiam
898 1515 1060 1560 nunc
1090 1497 1390 1560 subsidiis
1433 1498 1778 1575 patrimonii
1799 1506 1905 1563 aut
1931 1502 2159 1563 amico-

70 1603 210 1646 rum
243 1582 599 1644 liberalitate
626 1591 995 1657 sustentant,
1034 1582 1153 1644 hos
1189 1581 1389 1657 perire
1428 1582 1770 1658 patiemur?
1811 1587 1929 1660 An,
1963 1586 2017 1645 si
2052 1584 2158 1660 qui

71 1669 192 1729 frui
226 1667 474 1744 publico
511 1685 630 1729 non
670 1666 869 1744 potuit
895 1684 1008 1743 per
1033 1667 1295 1741 hostem,
1322 1667 1423 1728 hic
1451 1666 1671 1743 tegitur
1697 1667 1835 1744 ipsa
1857 1671 1994 1745 lege
2018 1686 2161 1729 cen-

73 1752 274 1814 soria=
319 1768 499 1826 quem
546 1750 600 1813 is
637 1750 753 1812 frui
783 1767 905 1812 non
937 1750 1108 1825 sinit,
1155 1750 1262 1829 qui
1290 1761 1401 1825 est,
1435 1752 1615 1814 etiam
1648 1752 1701 1813 si
1731 1770 1850 1814 non
1886 1754 2161 1829 appella-

74 1847 198 1910 tur,
241 1835 470 1906 hostis,
519 1835 660 1896 huic
694 1834 833 1897 ferri
861 1834 1154 1897 auxilium
1187 1853 1310 1897 non
1343 1844 1626 1912 oportet?
1669 1837 1948 1899 Retinete
1979 1836 2160 1913 igitur

72 1921 132 1982 in
166 1919 486 1997 provincia
516 1919 743 1981 diutius
774 1937 942 1995 eum,
988 1919 1092 1998 qui
1127 1922 1207 1982 de
1230 1921 1420 1983 sociis
1452 1938 1589 1983 cum
1621 1921 1923 1999 hostibuS,
1958 1923 2037 1985 de
2072 1921 2156 1984 ci-

72 2005 255 2065 vibus
297 2021 432 2065 cum
477 2003 671 2068 sociis
719 2005 902 2067 saciat
938 2006 1284 2081 pactiones=
1330 2005 1595 2082 qui*hoc
1636 2008 1814 2068 etiam
1850 2024 1921 2068 se
1963 2006 2158 2083 pluris

70 2105 216 2150 esse
263 2100 451 2164 quam·
480 2089 775 2165 collegam
809 2097 1010 2164 putet,
1052 2090 1218 2165 quod
1266 2089 1366 2150 ille
1412 2106 1526 2151 vos
1573 2090 1814 2153 tristitia
1859 2093 2157 2168 vultuque

69 2172 406 2247 deceperit,
442 2172 581 2248 ipse
610 2190 941 2248 numquam
963 2191 1035 2234 se
1068 2172 1289 2246 minus,
1326 2191 1507 2248 quam
1533 2183 1689 2247 erat,
1723 2192 1988 2251 nequam
2012 2192 2158 2235 esse

72 2255 390 2317 simularit.
453 2255 593 2317 Piso
645 2264 846 2317 autem
884 2256 1005 2317 alio
1042 2258 1310 2333 quodam
1344 2258 1528 2319 modo
1562 2260 1853 2335 gloriatur
1886 2275 1956 2319 se
1986 2257 2160 2319 brevi

73 2350 351 2416 tempore
379 2339 746 2416 perfecisse,
786 2357 866 2401 ne
897 2336 1188 2403 Gabinius
1233 2357 1397 2403 unus
1440 2342 1705 2404 omnium
1737 2343 2159 2418 nequissimus

70 2423 540 2485 existimaretur.

197 2508 301 2566 VI.
345 2506 446 2570 13.
493 2508 624 2569 Hos
670 2525 783 2569 vos
817 2509 895 2568 de
927 2507 1290 2584 provinciiS,
1345 2508 1400 2572 si
1446 2528 1568 2572 non
1600 2510 1932 2588 aliquando
1965 2511 2159 2571 dedu·

72 2591 257 2653 cendi
298 2599 539 2665 essent,
594 2591 992 2666 deripiendos
1045 2609 1165 2653 non
1223 2593 1564 2668 putaretis?
1614 2602 1675 2656 et
1718 2596 1832 2655 has
1875 2595 2157 2669 duplices

78 2678 291 2747 pestes
305 2671 639 2744 sociorum,
655 2670 1154 2744 militumclades,
1172 2671 1639 2748 publicanorum
1651 2670 1882 2747 ruinaS,
1898 2673 2149 2746 provin-

0 2800 3 2806 >
84 2755 314 2816 ciarum
328 2756 672 2829 vastitates,
694 2755 928 2831 imperii
945 2758 1220 2818 maculas
1241 2754 1579 2816 teneretis?
1605 2756 1691 2815 At
1702 2755 1887 2816 iidem
1910 2773 2028 2817 vos
2045 2771 2149 2817 an-

77 2856 158 2900 no
174 2839 497 2915 superiore
519 2841 637 2901 hos
665 2842 921 2902 eosdem
944 2836 1552 2913 revocabatis,quum
1583 2838 1687 2897 vix
1714 2839 1773 2897 in
1806 2838 2160 2913 provincias

72 2918 522 2994 pervenissent.
581 2918 712 2992 Quo
739 2927 1012 2995 tempore
1037 2917 1089 2979 si
1110 2918 1368 2979 liberum
1396 2926 1667 2981 vestrum
1690 2918 1981 2981 iudicium
2006 2919 2155 2982 fuis-

69 3010 179 3064 set
196 3018 312 3063 nec
345 3002 566 3063 totiens
599 3002 782 3063 dilata
815 3020 917 3064 res
947 3019 1062 3065 nec
1090 3002 1168 3062 ad
1200 3011 1536 3065 extremum
1569 3020 1605 3065 e
1638 3002 1917 3066 manibus
1946 3014 2157 3082 erepta

70 3084 529 3160 restituissetis,
575 3086 636 3146 id
677 3087 844 3160 quod
885 3086 1257 3163 cupiebatiS,
1285 3096 1550 3149 vestram
1595 3089 2015 3152 auctoritatem
2058 3090 2153 3161 iis,

71 3186 185 3245 per
213 3186 374 3246 quos
396 3176 528 3232 erat
549 3168 794 3242 amissa,
826 3170 1131 3234 revocatis
1155 3176 1217 3231 et
1262 3170 1339 3233 iis
1363 3172 1522 3248 ⁴ipsis
1553 3173 1842 3249 praemiis
1877 3172 2156 3246 extortiS,

70 3270 233 3329 quae
274 3262 448 3315 erant
494 3271 607 3329 pro
652 3253 888 3314 scelere
936 3263 1119 3329 atque
1149 3254 1475 3320 eversione
1514 3259 1748 3333 patriae
1803 3253 2152 3318 consecuti=

75 3334 174 3399 14.
226 3355 347 3412 qua
387 3354 423 3398 e
454 3354 658 3413 poena
691 3336 744 3397 si
776 3345 900 3397 tum
935 3336 1191 3398 aliorum
1223 3338 1466 3415 opibus,
1510 3358 1632 3402 non
1668 3340 1820 3413 suis,
1859 3337 2153 3400 invitissi-

73 3424 189 3482 mis
215 3421 394 3482 vohis
424 3422 775 3492 evolarunt,
824 3430 886 3482 at
923 3420 1104 3481 aliam
1146 3424 1335 3484 multo
1365 3423 1656 3485 maiorem
1687 3421 2158 3498 gravioremque

72 3504 407 3580 subierunt.
457 3504 624 3578 Quae
649 3504 809 3565 enim
838 3505 1086 3579 homini,
1118 3504 1179 3567 in
1208 3523 1331 3581 quo
1365 3507 1552 3582 aliqui
1581 3507 1636 3567 si
1664 3522 1784 3565 non
1822 3504 2019 3562 famae
2047 3518 2160 3573 pu·

2423 2848 2514 3018 1Ηὶ
2427 2306 2514 2801 uttwffislw
2439 2146 2514 2242 nt
2444 1667 2514 2085 alveum-..
2402 1346 2514 1609 ·..„..;‘:.
