2514 3928
175 246 241 300 st
733 207 738 212 ‘
777 237 940 300 CAP.
975 246 1234 301 12—14.
1280 243 1331 306 s.
1365 201 1631 304 ,ιο-’33
2125 240 2252 304 359

173 386 363 462 gebat
414 386 496 447 ad
545 388 715 462 quod
757 396 995 464 tempus
1041 406 1139 450 me
1186 399 1248 451 et
1293 407 1462 451 meas
1506 390 1668 452 vires
1704 407 2105 455 reservarem.
2188 391 2252 455 Si

173 468 342 530 enim
384 478 508 531 tum
546 468 630 530 illi
672 468 882 538 caedis
925 489 963 544 a
996 489 1094 533 me
1123 471 1352 536 initium
1385 474 1698 549 quaerenti
1727 476 2108 556 respondere
2144 493 2253 535 vo-

177 552 463 625 luisscm,
527 569 690 613 nunc
727 554 815 615 rei
857 555 1141 631 publicae
1182 558 1506 632 consulere
1553 574 1673 619 non
1722 575 1990 634 possem.
2079 559 2252 638 Hanc

176 651 328 695 vero
369 642 585 697 nactus
632 638 1006 712 facultatem,
1061 639 1290 716 nullum
1331 646 1603 715 tempuS,
1649 650 1854 717 patres
1897 637 2249 719 conscripti,

173 718 471 788 dimittam
516 735 718 796 neque
749 720 1029 783 diurnum
1065 739 1269 799 neque
1300 730 1679 790 nocturnum
1691 724 1837 799 quin
1870 725 1946 785 de
1975 725 2249 798 libertate

178 801 392 877 populi
413 802 691 877 Romani,
721 805 798 865 de
829 803 1118 882 dignitate
1139 814 1345 874 vestra
1371 808 1538 892 quod
1565 805 1952 886 cogitandum
1985 807 2062 869 sit
2085 811 2250 885 cogi·

176 903 322 968 tem,
349 897 519 971 quod
544 898 852 973 agendum
874 904 1065 972 atque
1087 889 1457 964 faciendum,
1481 894 1543 958 id
1571 912 1692 974 non
1717 896 1903 970 modo
1930 912 2054 955 non
2071 912 2244 957 recn-

174 994 330 1052 sem,
358 979 668 1060 sedetiam
683 988 972 1057 appetam
988 982 1545 1056 atquedeposcam.
1577 978 1860 1064 Hoct‘eci,
1888 980 2033 1040 dum
2052 979 2244 1041 licuit:

175 1067 503 1140 intermisi,
554 1071 760 1166 quoad
802 1070 1300 1146 nonlieuit.1am
1330 1088 1451 1131 non
1481 1066 1679 1144 solum
1710 1070 1880 1143 lieet,
1929 1069 2040 1131 sed
2075 1070 2252 1148 etiam

175 1168 441 1224 necesse
471 1161 595 1225 est,
630 1152 747 1216 nisi
776 1170 1007 1229 servare
1037 1154 1334 1224 malumus
1370 1170 1551 1230 quam
1588 1170 1664 1214 ne
1692 1154 2032 1215 serviamus
2066 1152 2250 1233 armis

174 1233 524 1310 animisque
565 1237 913 1306 decernere.
1002 1235 1103 1303 34
1148 1238 1216 1300 Di
1261 1236 1628 1314 immortales
1672 1236 1851 1316 nobis
1895 1237 2046 1297 haec
2078 1254 2250 1319 prae-

178 1318 341 1388 sidia
371 1319 699 1392 dederunt·
736 1318 871 1392 urbi
901 1319 1254 1394 Caesarem,
1286 1320 1539 1382 Brutum
1561 1320 1811 1396 Galliae.
1864 1318 1931 1381 Si
1960 1321 2120 1384 enim
2152 1315 2251 1380 ille

177 1400 529 1476 opprimere
557 1402 770 1476 urbem
800 1402 1132 1478 potuisset,
1164 1402 1395 1479 statim,
1424 1403 1476 1463 si
1503 1402 1754 1478 Galliam
1783 1412 2006 1478 tenere,
2046 1404 2250 1480 paullo

113 1543 114 1552 ,
180 1492 327 1559 post
371 1484 600 1559 optimo
650 1484 872 1561 cuique
904 1486 1316 1561 pereundum,
1358 1485 1615 1563 reliquis
1641 1494 1810 1563 esset
1837 1486 2250 1564 serviendum.

177 1567 338 1628 XIV.
382 1567 555 1627 Hane
594 1567 774 1645 igitur
812 1568 1201 1647 occasionem
1246 1569 1520 1644 oblatam*
1547 1577 1772 1646 tenete,
1819 1586 1929 1648 per
1957 1569 2112 1629 deos
2145 1570 2250 1646 im-

182 1652 505 1718 mortales!
552 1660 764 1728 patres
794 1651 1157 1728 conscripti,
1200 1661 1260 1720 et
1288 1651 1656 1730 amplissimi,
1678 1652 1850 1732 orbis
1880 1660 2078 1729 terrae
2108 1668 2251 1713 con-

177 1733 299 1795 silii
329 1732 639 1811 principes
675 1752 790 1812 ves
822 1752 965 1798 esse
997 1735 1328 1812 aliquando
1359 1736 1786 1806 recordamini.
1832 1735 2085 1813 Signum
2113 1736 2252 1798 date

91 1885 98 1892 ⁸
182 1819 415 1893 populo
447 1819 725 1894 Romano
769 1819 1087 1881 consilium
1124 1828 1388 1884 vestrum
1419 1837 1542 1880 non
1574 1822 1799 1896 deesse
1832 1819 1922 1880 rei
1951 1819 2253 1895 publicae,

179 1902 470 1977 quoniam
512 1902 613 1963 ille
658 1904 934 1973 virtutem
978 1920 1151 1966 suam
1193 1921 1315 1966 non
1362 1904 1702 1979 defuturam
1737 1919 1880 1977 esse
1911 1903 2233 1981 profitetur

182 1984 337 2045 Nihil
382 1993 476 2046 est
518 1988 686 2062 quod
726 2003 1005 2058 moneam
1042 2005 1176 2049 vos.
1238 1989 1427 2064 Neine
1459 1997 1555 2062 est
1590 1996 1705 2064 ψη
1739 1989 1958 2065 stnitus
1994 1986 2096 2062 qui
2129 2004 2250 2055 non

182 2066 506 2142 intelligat,
554 2068 620 2141 siv
649 2067 1135 2146 indormierimus
1165 2071 1306 2147 huic
1333 2071 1619 2149 tempori,
1662 2089 1783 2133 non
1815 2072 1998 2135 modo
2034 2072 2250 2147 crude-

184 2153 302 2211 lem
349 2152 807 2229 superbamque
854 2154 1323 2229 dominationem
1367 2154 1574 2229 nobis,
1630 2156 1742 2223 sed
1784 2153 2251 2231 ignominiosam

183 2238 368 2301 etiam
406 2245 467 2298 et
488 2235 857 2313 flagitiosam
892 2238 1207 2311 ferendam
1241 2253 1403 2313 esse.
1484 2239 1584 2298 35.
1619 2237 1827 2316 Nostis
1861 2235 2254 2318 insolentiam

185 2320 453 2393 Antonii,
487 2321 685 2389 nostis
710 2321 960 2395 amicoS,
986 2319 1187 2395 nostis
1207 2328 1400 2395 totam
1416 2323 1692 2395 domum.
1728 2320 2120 2399 Libidinosi&
2153 2336 2256 2395 pe,-

184 2412 542 2487 tulantibus,
591 2412 877 2489 impuris,
918 2412 1274 2489 impudicis,
1312 2413 1720 2489 aleatoribus,
1762 2412 1948 2473 ebriis
1993 2410 2248 2485 servire,

179 2513 256 2563 ea
300 2512 539 2557 summa
577 2497 823 2559 miseria
851 2505 1214 2566 estsummo
1247 2497 1555 2561 dedecore
1583 2495 1925 2565 coniuncta.
1987 2491 2249 2569 Quodsi

182 2579 299 2647 iam
326 2613 411 2625 —
442 2580 611 2655 quod
652 2580 714 2643 di
760 2597 938 2645 omen
979 2588 1284 2650 avertant!
1315 2613 1400 2624 -—
1429 2581 1613 2643 ratum
1648 2587 1990 2647 ¹extrem-um
2017 2576 2108 2636 rei
2138 2593 2248 2650 pu-

183 2662 377 2728 blicae
408 2662 600 2736 venit,
639 2665 806 2738 quod
838 2663 1209 2740 gladiatores
1235 2663 1482 2731 ⁴nobiles
1517 2662 1744 2725 faciunt
1771 2669 1839 2723 ut
1855 2661 2114 2727 honeste
2144 2659 2247 2719 de-

184 2747 498 2821 cumbant,
541 2745 842 2813 faciamus.
883 2764 1030 2820 noa,
1071 2746 1385 2823 principes
1424 2748 1593 2813 orbis
1632 2754 1922 2814 terrarum
1951 2740 2247 2818 gentium·

183 2847 308 2904 que
346 2829 645 2904 omnium,
688 2839 754 2894 ut
798 2846 933 2897 cum
977 2830 1268 2906 dignitate
1310 2831 1513 2907 potius
1559 2830 1853 2895 cadamus
1897 2843 2079 2903 quam
2111 2841 2250 2893 cum

183 2912 510 2988 ignominia
548 2912 910 2982 serviamus.
991 2911 1098 2977 -36,
1139 2914 1298 2978 Nihil
1338 2920 1438 2983 est
1475 2910 1894 2983 detestabilius
1924 2911 2251 2983 dedecore,

186 2995 598 3065 nihittoedius
621 2997 933 3066 servitute.
976 2999 1076 3067 Ad
1099 2999 1290 3065 decus
1314 2999 1474 3065 etad
1500 2997 1834 3063 libertatem
1857 2993 1980 3056 nati
2003 3009 2219 3060 sumus
2234 3015 2250 3047 ε

183 3088 290 3149 aut
316 3079 467 3143 haec
493 3088 811 3149 teneamus
840 3090 947 3148 aut
971 3098 1109 3150 eum
1137 3080 1429 3156 dignitate
1454 3081 1802 3161 moriamur.
1855 3077 2111 3149 Nimium
2146 3075 2253 3137 diu

191 3167 450 3233 teximus
476 3167 636 3243 quid
640 3167 1042 3235 sentiremus.
1076 3181 1239 3233 nunc
1255 3163 1381 3231 iam
1398 3170 1680 3239 apertum
1699 3167 1827 3231 est:
1852 3178 2067 3233 omnes
2085 3168 2255 3237 pate·

187 3250 463 3314 iaciunt
447 3269 508 3311 m
539 3258 864 3327 ulnamque
888 3258 1125 3328 partem
1159 3247 1308 3326 quid
1330 3247 1617 3319 sentiant,
1648 3246 1795 3321 quid
1830 3245 2038 3306 velint.
2097 3244 2256 3306 Sunt

188 3333 349 3410 impii
380 3333 571 3408 civeS,
604 3337 717 3398 sed
749 3352 869 3412 pro
895 3335 1148 3399 caritate
1182 3332 1271 3396 rei
1302 3331 1587 3407 publicae
1617 3329 1862 3397 nimium
1887 3327 2071 3424 multi,
2109 3343 2253 3388 con·

191 3432 282 3478 ‘tna
304 3418 747 3483 multitudinem
782 3419 946 3483 bene
966 3416 1358 3480 sentientium
1389 3415 1720 3479 admodum
1747 3411 1952 3507 pauci,
1991 3426 2254 3484 quorum

189 3503 732 3576 opprimendorum
763 3503 829 3565 di
848 3503 1229 3567 immortales
1261 3497 1678 3561 incredibilem
1709 3495 1797 3554 rei
1826 3491 2110 3569 publicae
2140 3508 2252 3567 po-
