2514 3928
219 204 304 269 36
833 202 981 264 PRO
1013 203 1077 263 P.
1109 201 1374 264 SESTIO
1408 201 1693 263 ORATIO

223 355 281 418 in
318 355 685 417 necessitate
714 303 1143 416 defendendae
1178 357 1393 416 salutis
1429 372 1579 416 suae
1612 354 2051 432 praesidioque
2084 364 2291 417 contra

224 441 343 502 vim
375 449 438 502 et
463 457 706 501 manum
739 440 1175 515 comparando.

345 524 550 585 XLIII.
590 522 691 587 93.
740 523 787 584 Ο
819 524 880 584 di
910 523 1311 586 immortales!
1358 540 1682 599 quemnam
1714 524 2036 586 ostenditis
2069 523 2292 586 exitum

223 608 446 670 nobis?
489 625 672 684 quam
707 625 883 683 spem
926 607 1016 668 rei
1056 608 1339 684 publicae
1369 607 1571 669 datis?
1624 616 1849 683 quotus
1897 609 2164 685 quisque
2207 610 2292 668 in-

223 692 499 755 venietur
526 700 694 753 tanta
723 693 942 752 virtute
972 693 1079 763 vir,
1118 692 1221 768 qui
1253 692 1543 768 optimam
1581 710 1890 768 quamque
1925 710 2173 755 causam
2208 692 2292 768 rei

222 776 506 855 publicae
536 777 962 852 amplectatur,
998 775 1102 851 qui
1131 775 1312 838 bonis
1344 776 1496 839 viris
1532 775 1868 852 deserviat,
1900 776 2005 853 qui
2041 776 2292 838 solidam

224 863 465 923 laudem
495 877 825 934 veramque
859 867 1156 935 quaerat?
1189 878 1376 935 quum
1411 860 1567 922 sciat
1604 861 1729 921 duo
1764 859 1866 922 illa
1898 861 1985 921 rei
2019 860 2294 936 publicae

223 961 419 1021 paene
449 945 590 1018 fata,
624 943 943 1005 Gabinium
975 953 1035 1005 et
1064 944 1366 1018 Pisonem,
1404 946 1657 1007 alterum
1694 944 1935 1005 haurire
1966 945 2188 1005 cotidie
2217 961 2293 1006 ex

221 1027 630 1105 pacatissimis
667 1035 850 1103 atque
881 1027 1363 1103 opulentissimis
1395 1028 1614 1105 Syriae
1654 1027 1823 1104 gazis
1858 1028 2294 1090 innumerabile

222 1112 466 1189 pondus
499 1111 663 1174 auri=
694 1113 920 1174 bellum
948 1112 1174 1173 inferre
1211 1112 1690 1188 quiescentibuS,
1712 1119 1779 1172 ut
1812 1129 2022 1174 eorum
2055 1121 2294 1173 veteres

221 1197 606 1272 illibatasque
661 1195 904 1257 divitias
961 1197 1022 1256 in
1078 1195 1625 1271 profundissimum
1679 1195 1994 1257 libidinum
2047 1213 2293 1257 suarum

221 1281 518 1357 gurgitem
554 1281 912 1356 profundat:
944 1280 1148 1341 villam
1176 1281 1507 1342 aedificare
1537 1281 1597 1342 in
1632 1281 1828 1341 oculis
1863 1279 2127 1342 omnium
2163 1288 2292 1341 tau·

220 1374 373 1438 tam,
406 1363 709 1441 tugurium
738 1373 807 1425 ut
840 1363 958 1424 iam
990 1363 1272 1425 videatur
1301 1381 1445 1426 esse
1480 1365 1581 1425 illa
1609 1362 1782 1436 villa,
1818 1381 1998 1439 quam
2030 1364 2165 1440 ipse
2195 1362 2294 1425 tri-

220 1451 423 1510 bunus
460 1450 658 1524 plebis
683 1448 909 1524 pictam
934 1448 1074 1509 olim
1107 1447 1585 1517 insscontionibus
1614 1447 1979 1523 explicabat,
2019 1465 2143 1523 quo
2175 1449 2295 1511 sor.-

219 1533 522 1596 tissimum
544 1548 618 1593 ac
643 1549 943 1594 summum
977 1531 1174 1592 civem
1204 1532 1264 1591 in
1295 1533 1585 1593 invidiam
1615 1533 1797 1593 homo
1830 1539 2039 1593 castus
2068 1547 2143 1591 ac
2173 1548 2292 1592 non

222 1618 482 1694 cupidus
514 1625 795 1676 vocaret:
831 1615 932 1676 94.
961 1617 1214 1676 alterum
1238 1616 1573 1678 Thracibus
1605 1633 1677 1676 ac
1706 1615 2008 1677 Dardanis
2038 1615 2293 1691 primum.

220 1718 438 1776 pacem
475 1699 738 1760 maxima
781 1699 1044 1774 pecunia
1078 1700 1461 1775 vendidisse,
1500 1700 1721 1761 deinde
1765 1708 1829 1760 ut
1858 1699 1940 1760 illi
1976 1699 2295 1776 pecuniam

222 1785 527 1845 conficere
555 1792 844 1858 possent,
876 1784 1221 1844 vexandam
1265 1784 1338 1844 iis
1367 1783 1790 1846 Macedoniam
1819 1793 1879 1845 et
1909 1783 2292 1859 spoliandam

220 1866 566 1939 tradidisse,
585 1864 990 1943 eumdemque
1014 1869 1179 1928 bona
1200 1868 1586 1943 creditorum,
1614 1868 1837 1928 civium
1863 1870 2296 1940 Romanorum,

222 1969 358 2012 cum
390 1950 768 2013 debitoribus
799 1951 1048 2017 Graecis
1079 1951 1388 2027 divisisse,
1423 1970 1646 2029 cogere
1671 1951 1964 2028 pecunias
2000 1953 2294 2013 maximas

220 2054 256 2095 a
291 2035 747 2113 Dyrrhachinis,
784 2038 1052 2112 spoliare
1077 2037 1431 2111 Thessalos,
1457 2045 1681 2098 certam
1706 2036 1974 2097 AchaeIS
2006 2035 2063 2096 in
2097 2052 2296 2097 annos

221 2120 496 2195 singulos
529 2119 850 2195 p'eeuniam
883 2120 1307 2197 imperavisse,
1338 2137 1540 2197 neque
1577 2130 1773 2182 tamen
1811 2121 1931 2181 ullo
1962 2119 2023 2180 in
2048 2118 2295 2196 publico

220 2212 324 2264 aut
357 2203 648 2279 religioso
679 2205 819 2265 loco
854 2206 1095 2281 SIgnum
1129 2213 1233 2265 aut
1260 2205 1527 2265 tabulam
1560 2214 1664 2266 aut
1705 2212 2126 2266 ornamentum
2157 2203 2295 2263 reli-

221 2285 433 2362 quisse
450 2309 463 2342 =
480 2286 616 2348 illos
639 2286 730 2348 sic
746 2286 1017 2361 illudere,
1044 2289 1267 2364 quibus
1292 2306 1470 2350 omne
1494 2288 1862 2364 supplicium
1886 2297 2073 2364 atque
2096 2286 2297 2349 omnis

221 2371 350 2431 iure
380 2372 609 2446 optimo
637 2388 838 2446 poena
856 2372 1140 2433 debetur:
1175 2389 1318 2433 reos
1342 2389 1485 2433 esse
1515 2372 1631 2433 hos
1662 2374 1841 2445 duos,
1868 2389 2027 2447 quos
2050 2372 2298 2433 videtis.

221 2454 438 2515 Omitto
480 2456 598 2516 iam
638 2455 1016 2529 Numerium,
1049 2456 1395 2529 Serranum,
1426 2457 1701 2529 Aelium,
1734 2455 2100 2532 quisquilias
2131 2455 2296 2517 sedi-

218 2538 399 2603 tionis
432 2538 791 2601 Clodianae=
834 2540 949 2601 sed
980 2548 1179 2601 tamen
1211 2540 1273 2600 hi
1318 2557 1568 2616 quoque
1601 2540 1782 2601 etiam
1826 2555 1987 2600 nunc
2021 2538 2300 2612 volitant,

217 2633 284 2686 ut
314 2622 553 2698 videtiS,
586 2641 732 2699 nec,
778 2624 922 2684 dum
954 2641 1068 2686 vos
1097 2624 1175 2685 de
1207 2624 1384 2685 vobis
1419 2623 1650 2699 aliquid
1695 2623 2013 2697 timebitis,
2047 2621 2131 2681 illi
2161 2640 2299 2683 um-

222 2725 403 2784 quam
435 2709 512 2769 de
543 2726 612 2769 se
643 2708 1095 2790 pertimescent.

385 2791 593 2853 XLIV.
631 2791 749 2854 95.
800 2794 948 2854 Nam
997 2793 1145 2868 quid
1184 2808 1300 2867 ego
1359 2793 1436 2852 de
1475 2792 1673 2852 aedile
1716 2792 1856 2867 ipso
1901 2792 2150 2867 loquar,
2192 2791 2302 2865 qui

219 2876 397 2937 etiam
442 2876 600 2935 diem
643 2875 795 2937 dixit
834 2884 896 2937 et
946 2875 1264 2938 accusavit
1303 2876 1381 2935 de
1422 2874 1481 2936 vi
1524 2876 1855 2936 Milonem?
1938 2875 2153 2950 Neque
2197 2873 2304 2934 hic

218 2969 418 3021 tamen
441 2960 565 3019 ulla
586 2976 875 3035 umquam
899 2959 1116 3021 iniuria
1144 2959 1501 3033 adducetur,
1519 2967 1588 3020 ut
1614 2977 1751 3020 eum
1783 2960 1888 3018 tali
1913 2959 2133 3020 virtute
2166 2964 2304 3017 tan-

219 3054 403 3120 taque
443 3043 723 3104 firmitate
763 3043 947 3105 animi
991 3061 1061 3106 se
1108 3042 1169 3104 in
1210 3060 1340 3105 rem
1383 3043 1689 3120 publicam
1724 3041 1919 3104 fuisse
1949 3040 2304 3118 poeniteat:

219 3128 329 3189 sed
364 3126 466 3204 qui
497 3127 652 3188 haec
683 3128 891 3189 vident
928 3128 1360 3189 adolescentes
1396 3144 1663 3203 quonam
1697 3143 1847 3188 suas
1878 3125 2113 3188 mentes
2150 3141 2306 3185 con·
2465 3201 2466 3208 ἵ

219 3214 457 3276 serent?
508 3211 646 3284 Ille,
679 3210 782 3287 qui
812 3220 1204 3273 monumenta
1233 3211 1506 3287 publica,
1559 3210 1664 3287 qui
1693 3211 1884 3272 aedes
1914 3226 2158 3285 sacra5‚
2193 3208 2309 3285 qui
2461 3245 2467 3318 W

218 3297 438 3358 domos
461 3293 841 3357 inimicorum
871 3311 1118 3356 suorum
1136 3297 1543 3374 oppugnavit,
1570 3292 2156 3368 exscidit‚incendit,
2195 3292 2309 3368 qui

219 3378 478 3455 stipatus
513 3394 760 3455 semper
789 3379 1057 3453 sicariis,
1089 3387 1343 3456 saeptus
1371 3378 1619 3440 armatis
1638 3424 1654 3453 ,
1693 3378 1960 3440 munitus
1990 3375 2311 3438 indicibus

224 3462 348 3538 fuit,
386 3480 641 3542 quorum
677 3462 863 3525 hodie
906 3462 1088 3539 copia
1126 3464 1461 3531 redundat,
1508 3461 1613 3538 qui
1655 3471 1716 3524 et
1757 3462 2140 3540 peregrinam
2172 3478 2315 3521 ma-
