2514 3928
241 171 320 264 22
846 170 996 235 pao
1025 171 1090 232 P.
1121 169 1389 234 ssssrto
1426 169 1735 234 oRA‘no.

240 325 415 400 Quod
447 328 495 386 si
527 323 680 388 meis
712 325 1118 388 incommodis
1149 326 1576 401 laetabantur,
1602 323 1773 386 urbis
1809 333 2007 387 tamen
2042 324 2319 402 periculo

239 419 788 472 commoverentur.

405 495 594 555 XXV.
628 493 728 557 55.
777 493 898 555 Sed
942 502 1009 555 ut
1044 510 1093 554 a
1124 509 1259 555 mea
1302 509 1490 555 causa
1527 490 1648 555 iam
1669 492 1993 567 recedam,
2044 493 2318 568 reliquas

237 575 401 639 ill1us
441 576 581 638 anni
628 586 837 654 pestes
877 577 1283 639 recordamini
1312 611 1393 621 —
1425 577 1515 637 sic
1552 575 1719 637 enim*
1750 576 2032 637 facillime
2075 578 2317 652 perspi-

239 662 411 723 cietis
437 671 719 737 quantam
755 662 872 721 vim
905 662 1171 723 omnium
1202 660 1610 723 remediorum
1634 659 2146 736 amagistratibus
2175 677 2316 735 pro-

237 744 417 805 ximis
438 762 553 805 res
586 745 829 821 publica
858 745 1220 807 desiderarit
1245 781 1349 818 -,
1379 746 1583 821 legum
1616 744 2088 817 multitudinem,
2128 761 2315 819 quum
2411 794 2414 797 ,

239 845 444 888 earum
462 875 477 902 ,
510 845 668 904 quae
697 830 855 890 latae
879 837 1048 902 sunt,
1085 836 1209 889 tum
1236 844 1385 890 vero
1413 845 1572 904 quae
1602 828 2024 904 promulgatae
2054 829 2314 889 suerunt.

237 913 386 971 Nam
423 913 579 973 latae
624 911 871 988 quidem
919 920 1063 974 sunt
1103 912 1461 974 consulibus
1496 911 1645 987 illis,
1697 913 2037 974 tacentibus
2072 912 2318 972 dicam?

238 996 421 1055 immo
455 1011 600 1055 vero
632 995 811 1057 etiam
839 994 1348 1072 approbantibus,
1386 1004 1453 1058 ut
1480 996 1767 1058 censoria
1797 999 1961 1057 notio
1993 1005 2052 1056 et
2081 996 2316 1070 gravis-

237 1079 454 1142 simum
488 1078 776 1141 iudicium
807 1079 1173 1142 sanctissimi
1218 1079 1608 1155 magistratus
1645 1080 1723 1141 de
1760 1097 1827 1140 re
1863 1079 2108 1156 publica
2142 1081 2316 1140 tolle-

239 1172 433 1237 retur,
478 1171 545 1225 ut
586 1162 849 1239 collegia
877 1181 998 1225 non
1040 1164 1226 1226 modo
1268 1163 1370 1223 illa
1406 1171 1626 1226 vetera,
1644 1173 1866 1225 contra.
1888 1172 2133 1225 senatus
2165 1178 2315 1223 con·

238 1249 459 1307 sultum
501 1246 992 1320 restituerentur,
1045 1249 1158 1308 sed
1193 1249 1271 1308 ab
1314 1263 1437 1309 uno
1480 1247 1820 1323 gladiatore
1852 1245 2317 1318 innumerabilia

238 1330 353 1391 alia
405 1347 566 1392 nova
619 1332 1180 1404 conscriberentur,
1236 1340 1303 1393 ut
1352 1331 1631 1393 remissis
1681 1331 1953 1392 senisfet
1990 1330 2313 1392 trientibus

239 1414 450 1492 quinta
479 1432 675 1492 prope
705 1433 850 1492 pars
886 1414 1270 1491 vectigalium
1301 1416 1640 1488 tolleretur,
1688 1422 1755 1477 ut
1784 1414 2037 1476 Gabinio
2072 1432 2182 1490 pro
2213 1415 2310 1478 illa

237 1515 350 1559 sua
381 1499 631 1572 Cilicia„
664 1517 846 1574 quam
876 1499 1023 1572 sibi,
1060 1498 1113 1559 si
1143 1516 1269 1559 rem
1309 1499 1612 1574 publicam
1646 1499 2052 1574 prodidisset,
2096 1508 2313 1574 pactus

237 1591 393 1655 erat,
442 1581 637 1660 Syria?
665 1583 941 1656 daretur,
986 1591 1046 1642 et
1072 1582 1179 1643 uni
1198 1581 1467 1645 helluoni
1497 1583 1591 1642 bis
1628 1584 1705 1643 de
1743 1583 1958 1642 eadem
1985 1599 2054 1643 re
2085 1583 2285 1642 delibe

237 1663 416 1726 randi
469 1672 531 1722 et
583 1670 799 1736 rogata
856 1663 992 1737 lege
1049 1669 1328 1738 potestas
1384 1662 1562 1722 fieret
1614 1662 1975 1738 provinciae
2045 1677 2314 1722 commu-

241 1746 483 1806 tandae.

401 1830 612 1890 XXVI.
637 1829 739 1892 56.
768 1830 937 1893 Mitto
960 1847 1093 1891 eam
1118 1830 1334 1907 legem,
1366 1846 1525 1905 quae
1549 1826 1752 1890 omnia
1775 1828 1900 1889 iura
1929 1827 2308 1903 religionum,

236 1914 682 1991 auspiciorum,
727 1923 1128 1991 potestatum,
1177 1930 1392 1977 omnes
1433 1915 1637 1989 leges,
1686 1928 1845 1990 quae
1889 1919 2029 1974 sunt
2069 1912 2147 1972 de
2182 1910 2311 1971 iure

235 2009 297 2062 et
341 2000 417 2059 de
461 2007 734 2074 tempore
781 2001 978 2074 legum
1023 2000 1465 2074 rogandarum,
1518 2015 1642 2058 una
1691 1997 2008 2071 rogatione
2058 1995 2306 2056 delevit=

221 2083 403 2146 mitto
432 2098 673 2143 omnem
697 2083 1094 2144 domesticam
1118 2085 1313 2144 labem
1333 2106 1350 2138 a
1378 2081 1557 2143 etiam
1581 2090 1823 2143 exteras
1848 2082 2125 2141 nationes
2150 2079 2310 2139 illius

234 2168 374 2227 anni
408 2168 612 2228 furore
643 2166 1092 2244 conquassatas
1119 2166 1503 2228 videbamus.
1562 2166 1726 2241 Lege
1753 2164 2071 2227 tribunicia
2100 2162 2310 2224 Matris

234 2267 493 2326 magnae
524 2249 947 2312 Pessinuntius
987 2250 1088 2312 ille
1131 2251 1429 2311 sacerdos
1465 2251 1765 2325 expulsus
1794 2257 1856 2311 et
1884 2247 2180 2325 spoliatus
2214 2263 2309 2307 sa-

237 2334 508 2395 cerdotio
535 2342 630 2395 est
652 2335 983 2409 sanumque
1003 2334 1522 2397 sanctissimarum
1543 2343 1729 2410 atque
1750 2331 2310 2407 antiquissimarum
2389 2337 2400 2348 ·

234 2418 595 2494 religionum
628 2419 939 2480 venditum
972 2418 1236 2494 pecunia
1275 2417 1490 2495 grandi
1518 2417 1870 2493 Brogitaro,
1924 2417 2162 2492 impuro
2202 2415 2312 2474 ho·

234 2503 380 2563 mini
415 2512 597 2578 atque
640 2503 889 2579 indigno
925 2502 1027 2563 illa
1066 2500 1393 2578 religione,
1453 2500 1806 2576 praesertim
1852 2517 2036 2577 quum
2079 2515 2154 2557 ea
2194 2496 2311 2558 sibi

235 2587 337 2649 ille
389 2604 509 2647 non
555 2587 825 2660 colendi,
883 2587 992 2648 sed
1045 2585 1316 2647 violandi
1358 2602 1549 2646 causa
1595 2584 1964 2662 appetisset=
2020 2579 2311 2658 appellati

233 2688 414 2748 reges
446 2688 481 2731 a
512 2673 775 2748 populo,
813 2670 917 2747 qui
944 2672 1005 2731 id
1036 2687 1367 2746 numquam
1397 2685 1474 2729 ne
1506 2686 1542 2729 a
1573 2678 1788 2731 senatu
1822 2668 2069 2744 quidem
2098 2674 2311 2741 postu·

234 2758 497 2817 lassent=
549 2755 788 2820 reducti
819 2755 1067 2817 exsules
1094 2753 1455 2832 Byzantium
1477 2752 1887 2814 condemnati
1916 2761 2073 2822 tum,
2127 2766 2312 2825 quum

235 2839 566 2899 indemnati
597 2840 766 2900 cives
799 2858 834 2901 e
871 2839 1112 2901 civitate
1141 2837 1564 2898 ciiciebantur=
1626 2834 1726 2900 57.
1769 2854 1880 2897 rex
1905 2835 2310 2903 PtolemaeuS‚

239 2923 343 2997 qui
369 2923 422 2984 si
440 2923 714 2983 nondum
742 2932 870 2985 erat
893 2924 1025 2999 ipse
1049 2940 1086 2983 a
1104 2930 1325 2983 senatu
1339 2920 1549 2982 socius
1571 2922 1937 2997 appellatus,
1960 2926 2089 2979 crat
2111 2925 2312 2977 tamen

239 3008 423 3067 frater
454 3006 588 3069 eius
623 3006 817 3082 regis,
867 3007 971 3083 qui
1005 3023 1191 3082 quum
1221 3013 1390 3067 esset
1421 3005 1483 3065 in
1516 3005 1730 3066 eadem
1766 3020 1983 3077 causa,
2034 3001 2153 3062 iam
2186 3006 2314 3060 erat

238 3107 270 3149 a
304 3099 519 3151 senatu
549 3090 845 3152 honorem
876 3091 1057 3153 istum
1090 3098 1492 3151 consecutus=
1544 3097 1675 3150 erat
1706 3089 1925 3149 eodem
1955 3102 2182 3162 genere
2210 3082 2316 3143 iis·

239 3175 505 3251 demque
535 3173 899 3245 maioribus,
934 3174 1150 3235 eadem
1166 3180 1485 3235 vetustate
1514 3171 1856 3235 societatis:
1893 3169 2160 3246 denique
2182 3176 2320 3230 erat

238 3274 367 3320 rex,
397 3257 449 3319 si
474 3260 742 3320 nondum
768 3258 999 3335 socius,
1028 3266 1090 3319 at
1111 3275 1234 3319 non
1256 3258 1486 3319 hostis:
1524 3266 1802 3333 pacatuS,
1827 3254 2088 3331 quietus,
2122 3253 2319 3312 fretus

237 3341 493 3418 imperio
527 3343 736 3418 populi
758 3341 1015 3404 Romani
1038 3358 1229 3419 regno
1254 3350 1507 3417 paterno
1538 3349 1726 3416 atque
1753 3340 1917 3402 avito
1947 3335 2139 3413 regati
2193 3335 2324 3395 otio

241 3425 689 3507 perfrueb'atur:
722 3428 804 3493 ,de
827 3427 946 3489 hoc
971 3425 1118 3487 nihil
1140 3424 1463 3502 cogitante,
1493 3422 1640 3486 nihil
1670 3422 2047 3501 suspicante,
2077 3418 2322 3481 eisdem
