2514 3928
233 310 333 367 171
920 304 1086 363 CAP.
1116 312 1310 365 2—5.
1345 310 1406 370 s.
1436 312 1662 366 5—12.
2188 303 2315 365 469

230 454 533 516 intulisse.
623 455 750 516 Sed
781 454 873 514 vis
904 455 1260 516 calamitosa
1293 465 1417 526 est,
1464 472 1643 529 quam
1680 454 1798 513 illis
1836 454 2190 516 intuleruntz
2245 455 2310 515 li·

163 543 172 550 '
229 540 377 599 bido
420 537 756 613 flagitiosa,
795 555 917 613 qua
944 538 1347 599 Antoniorum
1391 538 1576 598 oblita
1625 546 1719 597 est
1760 536 1900 597 vita.
1986 538 2096 599 Est
2133 536 2314 613 igitur

234 622 558 698 quisquam
576 669 592 697 ,
627 621 732 697 qui
762 622 975 682 hostes
1003 622 1320 697 appellare
1348 638 1470 681 non
1499 621 1751 695 audeat,
1784 637 2044 695 quorum
2075 622 2310 683 scelere

161 738 168 742 -
230 706 649 766 crudelitatem
672 704 1273 779 Karthaginiensium
1299 706 1517 765 victam
1541 720 1684 764 esse
1708 706 2007 765 fateatur?
2053 706 2153 764 lV.
2181 704 2312 779 Qua

228 789 391 849 enim
440 788 502 848 in
543 790 693 850 urbe
737 799 857 849 tam
904 787 1185 848 immanis
1213 787 1514 849 Hannibal
1550 796 1730 862 capta
1766 803 1947 863 quam
1994 786 2054 846 in
2093 788 2310 848 Parma

228 883 513 948 surrepta
542 872 890 933 Antonius?
949 872 1080 932 Nisi
1111 872 1266 933 forte
1297 871 1480 932 huius
1512 867 1794 933 coloniae
1824 877 1885 931 ει
1951 879 2308 945 ceterarum,

229 955 293 1015 in
324 972 478 1031 quas
511 956 730 1016 eodem
762 963 856 1016 est
882 956 1115 1028 animo,
1156 971 1280 1016 non
1323 961 1421 1015 est
1448 954 1645 1014 hostis
1679 955 2005 1030 putandus.
2095 953 2195 1015 10.
2242 954 2308 1028 Si

226 1051 379 1099 vero
410 1040 785 1101 coloniarum
812 1048 873 1098 ει
894 1038 1362 1114 municipiorum
1382 1039 1527 1097 ‘sine
1553 1039 1676 1097 ulla
1704 1036 2078 1098 dubitatione
2110 1037 2307 1099 hostis

230 1132 360 1194 est,
400 1121 548 1198 quid
581 1124 822 1182 tandem
857 1122 1039 1183 huius
1070 1121 1338 1182 censetis
1366 1120 1567 1193 urbis,
1601 1135 1782 1197 quam
1814 1120 1914 1180 ille
1946 1121 2025 1180 ad
2056 1122 2307 1196 explen-

225 1207 344 1265 das
395 1213 700 1280 egestates
743 1204 1043 1266 latrocinii
1084 1206 1180 1266 sui
1234 1204 1627 1280 concupivit?
1682 1221 1862 1279 quam
1911 1203 2031 1264 iam
2071 1204 2306 1279 peritus

222 1297 486 1350 metator
513 1298 575 1349 et
605 1289 861 1350 callidus
896 1289 1277 1364 decempeda
1318 1305 1433 1349 sua
1462 1287 1626 1347 Saxa
1655 1287 1989 1348 diviserat?
2073 1290 2300 1348 Recor-

226 1371 487 1446 damini,
531 1388 642 1449 per
682 1372 833 1433 deos
881 1373 1285 1433 immortales!
1349 1380 1558 1447 patres
1601 1370 1964 1447 conscripti,
2004 1371 2152 1447 quid
2187 1371 2307 1431 hoc

223 1455 416 1517 biduo
460 1454 835 1517 timuerimus
890 1474 926 1516 a
969 1455 1325 1519 domesticis
1366 1454 1648 1517 hostibus
1687 1453 2035 1517 rumoribus
2078 1456 2302 1530 impro-

221 1538 497 1600 bissimis
553 1538 890 1615 dissipatis.
979 1539 1127 1614 Quis
1176 1539 1437 1613 liberoS,
1491 1539 1628 1614 quis
1672 1538 1993 1613 coniugem
2024 1537 2302 1614 aspicere

227 1631 466 1697 poterat
493 1621 627 1683 sine
655 1621 835 1697 fletu,
871 1624 1010 1697 quis
1041 1624 1319 1697 domum,
1355 1621 1494 1699 quis
1521 1630 1712 1697 tecta,
1744 1621 1885 1698 quis
1915 1624 2102 1681 larem
2132 1620 2296 1681 fami·

226 1707 484 1767 liarem?
568 1709 693 1767 Aut
730 1707 1151 1769 foedissimam
1187 1716 1443 1768 mortem
1492 1722 1706 1766 omnes
1744 1714 1853 1771 aut
1895 1704 2300 1765 miserabilem

228 1793 431 1865 fugam
483 1789 851 1864 cogitabant.
938 1792 1106 1851 Haec
1148 1808 1185 1850 a
1231 1790 1458 1865 quibus
1496 1789 1888 1862 timebantur,
1935 1804 2047 1850 eos
2088 1788 2302 1849 hostes

224 1875 537 1948 appellare
573 1873 970 1935 dubitamus?
1054 1873 1311 1934 Gravius
1356 1874 1411 1933 si
1440 1873 1582 1948 quis
1623 1872 1888 1935 attulerit
1930 1888 2181 1942 nomen,
2234 1869 2301 1930 li·

220 1957 439 2017 beuter
482 1957 821 2018 adsentiarz
884 1958 1003 2019 hoc
1046 1958 1277 2040 vulgari
1334 1966 1656 2019 contentus
1701 1956 1802 2017 vix
1854 1974 2021 2030 sum,
2071 1953 2303 2016 leviore

224 2056 350 2100 non
397 2046 552 2100 ut’ar.
1444 2068 1455 2078 -

255 2118 272 2130 ‘
352 2121 451 2184 11.
497 2124 710 2198 Itaque
758 2142 945 2200 quum
990 2123 1473 2201 supplicationes
1512 2123 1885 2186 iustissimas
1925 2141 2004 2184 ex
2043 2123 2118 2185 iis
2147 2123 2300 2186 litte·

220 2206 342 2280 ris,
386 2222 547 2280 quae
587 2207 872 2268 recitatae
910 2218 1084 2282 sunt,
1135 2209 1469 2270 decernere
1511 2209 1845 2270 debeamus
1877 2206 2301 2283 Serviliusque

224 2288 595 2362 decreverit,
661 2291 900 2366 augebo
961 2292 1209 2353 omnino
1264 2309 1574 2356 numerum
1616 2291 1889 2363 dierum,
1942 2292 2299 2367 praesertim

223 2389 413 2448 quum
438 2388 560 2432 non
588 2374 711 2446 uni,
736 2378 848 2436 sed
871 2374 1063 2436 tribus
1092 2374 1352 2437 ducibus
1383 2376 1504 2436 sint
1525 2375 1968 2436 decernendae.
2025 2375 2150 2436 Sed
2180 2375 2302 2436 hoc

183 2455 479 2532 *primum
524 2457 769 2530 faciam,
816 2467 881 2518 ut
921 2460 1322 2534 imperatores
1360 2462 1664 2536 appellem
1689 2476 1830 2531 εοε,
1876 2476 2137 2533 quorum
2179 2459 2294 2518 vir-

220 2549 375 2614 tute,
432 2540 722 2615 consilio,
772 2541 1058 2603 felicitate
1098 2542 1377 2602 maximis
1421 2542 1711 2618 periculis
1760 2542 2071 2603 ‘servitutis
2112 2550 2296 2616 atque

218 2623 500 2685 interitus
549 2624 783 2686 liberati
829 2641 1061 2686 sumus.
1146 2626 1383 2688 Etenim
1426 2626 1524 2686 cui
1557 2625 1764 2700 viginti
1807 2624 1902 2685 his
1930 2625 2107 2686 annis
2151 2641 2296 2700 sup·

219 2708 468 2784 plicatio
499 2708 745 2769 decreta
774 2718 897 2782 est,
943 2718 1008 2770 ut
1036 2726 1158 2769 non
1191 2710 1522 2785 imperator
1548 2709 1961 2784 appellaretur
1988 2717 2093 2770 aut
2122 2707 2295 2767 mini-

221 2789 338 2851 mis
382 2792 567 2852 rebus
598 2792 790 2867 gestis
835 2802 939 2853 aut
967 2795 1327 2868 plerumque
1369 2794 1591 2853 nullis?
1677 2793 1865 2867 Quam
1912 2792 1992 2852 ob
2034 2808 2164 2851 rem
2193 2800 2298 2852 aut

224 2875 593 2950 supplicatio
637 2876 715 2937 ab
760 2891 866 2950 eo,
909 2875 1013 2951 qui
1053 2885 1195 2937 ante
1215 2876 1405 2948 dixit,
1449 2876 1836 2937 decernenda
1878 2892 1999 2936 non
2043 2874 2155 2936 fuit
2193 2882 2305 2936 aut.

219 2959 481 3019 usitatus
518 2958 722 3020 honos
765 2962 1285 3036 pervulgatusque
1316 2961 1674 3021 tribuendus
1707 2959 1813 3033 iis,
1848 2959 2071 3034 quibus
2116 2957 2295 3021 etiam

218 3041 363 3100 novi
410 3043 1233 3118 singularesque,debentur.
1321 3046 1398 3104 V.
1443 3043 1544 3106 12.
1586 3048 1684 3104 An
1722 3044 1776 3103 si
1812 3044 1950 3120 quis
1990 3042 2293 3119 Hispano-

215 3146 354 3190 rum
379 3132 811 3193 autGallorum
834 3132 1255 3193 autThrecum
1281 3132 1444 3194 mille
1467 3143 1575 3195 aut
1598 3135 1723 3195 duo
1750 3133 1914 3193 milia
1937 3134 2297 3203 occidisset,

215 3213 387 3274 illum
410 3215 527 3275 hac
551 3216 1003 3279 consuetudine
1018 3263 1033 3290 ,
1072 3233 1233 3292 quae
1253 3216 1582 3290 increbuit,
1623 3219 2055 3293 imperatorem
2079 3218 2292 3295 appel-

217 3302 375 3359 laret
396 3306 678 3361 senatus=
709 3307 797 3361 tot
825 3298 1170 3373 legionibus
1193 3300 1416 3374 caesis,
1438 3309 1604 3362 tanta
1627 3298 2008 3364 multitudine
2032 3299 2296 3359 hostium

218 3382 538 3444 interfecta
572 3415 643 3428 --
678 3382 945 3443 hostium
977 3382 1163 3461 dico-'1
1211 3383 1320 3455 ita,
1364 3382 1645 3459 inquam,
1682 3383 1977 3456 hostium,
2015 3379 2295 3457 quamvis

217 3469 341 3526 hoc
371 3465 471 3526 isti
502 3466 714 3527 hostes
738 3465 1055 3528 domestici
1080 3466 1290 3540 nolint,
1314 3467 1671 3528 clarissimis
1701 3466 1962 3527 ducibus
1987 3463 2291 3539 supplica·

218 3549 453 3610 tionum
476 3550 772 3611 honorem
800 3550 1156 3623 tribuemuS,
1188 3549 1643 3625 imperatorium
1668 3566 1886 3608 nomen
1914 3549 2301 3607 adimemus?
