2514 3928
56 335 126 385 31
588 390 597 393 ,
651 325 814 385 CAP.
848 335 912 386 15
935 359 1016 369 —
1039 335 1122 387 18.
1165 331 1214 391 s.
1249 334 1317 387 35
1337 360 1419 370 —-
1438 332 1524 388 41.
2027 325 2146 389 129

60 493 202 552 gum
236 477 460 538 fundos
495 477 760 552 populos
791 477 920 536 fieri
955 492 1073 535 non
1109 479 1340 536 solere:
1373 476 1477 537 Cn.
1501 478 1853 553 Pompeium
1889 479 1964 538 de
1997 494 2138 539 con-

59 561 177 620 silii
220 560 521 621 sententia
562 559 866 620 civitatem
915 559 1057 621 huic
1100 559 1381 633 dedisse,
1424 563 1650 623 nullum
1691 563 1905 638 populi
1949 561 2140 623 nostri

56 643 292 704 iussum
343 644 678 704 Gaditanos
720 644 973 705 habere:
1029 642 1235 719 itaque
1280 643 1428 704 nihil
1470 662 1615 707 esse
1659 653 2139 721 sacrosanctum,

58 729 226 803 quod
282 730 418 803 lege
460 736 785 803 exceptum
833 728 1171 788 videretur:
1215 727 1267 788 si
1300 736 1496 801 esset,
1542 738 1742 790 tamen
1783 729 1843 790 in
1888 730 2140 791 foedere

55 809 204 870 nihil
252 827 395 872 esse
426 819 667 872 cautum
699 821 942 887 praeter
980 829 1225 888 pacem:
1270 813 1539 874 additum
1582 828 1724 874 esse
1763 812 1940 874 etiam
1973 813 2140 888 illud,

53 903 120 955 ut
149 895 526 957 maiestatem
556 895 640 956 illi
675 905 946 959 nostram
976 912 1348 958 conservare
1393 897 1714 972 deberent,
1771 914 1932 973 quae
1977 905 2140 956 certe

53 977 454 1057 minueretur,
503 979 557 1041 si
594 987 703 1050 aut
752 980 1132 1043 adiutoribus
1160 981 1412 1042 ¹illorum
1456 981 1695 1042 civibus
1752 982 1836 1042 uti
1874 981 1931 1040 in
1963 980 2139 1040 bellis

51 1063 230 1125 nobis
280 1081 404 1125 non
447 1064 657 1125 liceret
699 1073 804 1126 aut
851 1065 1102 1141 praemii
1145 1065 1454 1126 tribuendi
1501 1073 1865 1141 potestatem
1911 1064 2137 1125 nullam

48 1149 437 1210 haberemus.
525 1147 628 1210 39.
671 1149 845 1209 Nunc
893 1165 1041 1209 vero
1089 1148 1235 1224 quid
1282 1166 1399 1224 ego
1432 1158 1643 1211 contra
1678 1148 2014 1210 Gaditanos
2049 1148 2136 1209 10·

48 1250 232 1308 quar,
267 1250 457 1309 quum
486 1231 576 1304 id,
614 1234 780 1306 quod
811 1233 1107 1303 defende,
1149 1234 1459 1293 voluntate
1483 1251 1727 1307 eorum,
1758 1232 2137 1306 auctoritate,

49 1316 358 1390 legatione
393 1315 531 1390 ipsa
560 1316 1035 1388 comprobetur?
1079 1315 1183 1388 qui
1233 1331 1270 1373 a
1317 1315 1616 1391 principio
1655 1317 1749 1376 sui
1784 1316 2027 1392 generis
2061 1332 2138 1377 ac

47 1400 140 1458 rei
185 1398 500 1473 publicae,
546 1397 607 1455 id
657 1405 782 1468 est,
837 1397 913 1456 ab
955 1396 1118 1457 omni
1163 1396 1365 1457 studio
1412 1415 1725 1473 sensuque
1771 1400 2135 1470 Poenorum,

49 1489 289 1541 mentes
321 1496 470 1540 suas
501 1480 578 1538 ad
615 1487 890 1539 nostrum
918 1479 1235 1553 imperium
1262 1496 1610 1555 nomenque
1638 1481 1968 1542 flexerunt=
2014 1483 2134 1557 qui,

53 1581 243 1639 quum
279 1561 546 1623 maxima
573 1563 734 1622 bella
763 1562 941 1623 nobis
973 1563 1368 1635 inferrentur,
1405 1605 1550 1622 .....
1579 1563 1900 1624 moenibus
1934 1567 2137 1625 exclu-

51 1655 283 1719 serunt,
324 1645 630 1708 classibus
650 1645 911 1707 insecuti
935 1656 1094 1719 sunt,
1123 1645 1509 1722 corporibuS,
1542 1647 1785 1722 opibus,
1811 1647 2009 1722 copiis
2034 1648 2138 1707 de-

49 1733 364 1807 pulerunt,
417 1729 522 1806 qui
563 1738 623 1791 et
667 1738 930 1792 veterem
976 1730 1137 1790 illam
1192 1730 1470 1806 speciem
1527 1730 1797 1792 foederis
1844 1729 2137 1791 Marciani

49 1831 297 1891 semper
329 1813 495 1876 omni
525 1814 892 1876 sanctiorem
927 1830 1071 1875 arce
1101 1814 1424 1876 'duxerunt
1468 1824 1529 1877 et
1568 1815 1688 1874 hoc
1733 1816 1983 1876 foedere
2028 1815 2136 1874 Ca-

47 1899 154 1960 tuli
179 1906 558 1975 senatusque
581 1898 939 1960 auctoritate
964 1915 1033 1959 se
1062 1899 1385 1960 nobiscum
1422 1897 1958 1961 coniunctissimos
1991 1915 2134 1960 esse

46 1983 317 2045 arbitrati
348 1992 519 2045 sunt:
566 2001 825 2061 quorum
867 1982 1141 2057 moenia,
1183 1984 1469 2058 delubra,
1512 2001 1697 2061 agros
1737 1992 1803 2046 ut
1836 1986 2135 2046 Hercules

44 2070 182 2143 ipse
210 2068 492 2128 itinerum
522 2084 596 2129 ac
626 2068 900 2131 laborum
938 2085 1221 2143 suorum,
1253 2068 1346 2129 sic
1375 2068 1640 2130 maiores
1672 2068 1866 2130 nostri
1896 2068 2135 2144 imperii

45 2168 120 2212 ac
152 2150 416 2212 nominis
449 2153 658 2228 populi
689 2152 947 2213 Romani
983 2152 1277 2212 terminos
1310 2169 1455 2214 esse
1485 2154 1824 2214 voluerunt.
1889 2151 1990 2214 40.
2024 2153 2134 2213 Te-

44 2243 281 2296 stantur
311 2245 370 2296 et
398 2244 672 2310 mortuos
699 2244 946 2297 nostros
975 2236 1397 2312 imperatores,
1431 2239 1689 2311 quorum
1724 2235 1872 2296 vivit
1893 2235 2134 2295 immor-

48 2318 184 2381 talis
231 2321 524 2379 memoria
564 2328 625 2381 et
665 2318 888 2395 gloria,
938 2319 1299 2395 ScipioneS‚
1338 2321 1596 2394 BrutOS‚
1626 2321 1948 2394 HoratiOS,
1988 2318 2134 2380 Cas-

46 2402 197 2474 sios,
223 2404 524 2477 MetellOS,
549 2411 610 2465 et
639 2404 802 2464 hunc
827 2409 1212 2479 praesentem
1243 2404 1345 2465 Cn.
1370 2402 1746 2479 Pompeium,
1796 2420 1966 2480 quem
1992 2420 2134 2479 pro·

47 2488 147 2547 cul
187 2487 263 2547 ab
299 2487 537 2548 illorum
581 2487 902 2548 moenibus
955 2504 1098 2548 acre
1142 2497 1203 2550 et
1243 2504 1530 2565 magnum
1561 2488 1786 2549 bellum
1821 2496 2130 2563 gerentem

47 2579 389 2631 commeatu
421 2570 806 2647 pecuniaque
838 2572 1152 2647 iuverunt,
1193 2579 1253 2633 et
1293 2572 1414 2634 hoc
1443 2581 1721 2647 tempore
1760 2571 1899 2647 ipso
1931 2588 2122 2647 popu·

46 2657 172 2715 lum
200 2655 572 2729 Romanum,
611 2672 790 2731 quem
823 2656 882 2715 in
916 2657 1165 2717 caritate
1193 2673 1510 2730 annonae,
1553 2664 1621 2716 ut
1650 2672 1841 2731 saepe
1870 2663 2010 2715 ante
2046 2654 2130 2713 fe·

47 2747 287 2811 cerant,
324 2739 622 2800 frumento
656 2738 1046 2815 suppeditato
1079 2739 1384 2812 levarunt,
1423 2755 1493 2800 se
1516 2737 1754 2800 hocius
1783 2753 1925 2797 esse
1951 2737 2129 2811 velle,

47 2829 115 2883 ut
147 2820 264 2883 sibi
294 2832 355 2883 et
389 2822 626 2895 liberis,
671 2822 723 2883 si
757 2823 862 2897 qui
897 2822 1122 2883 eximia
1152 2822 1372 2883 virtute
1404 2821 1657 2895 fuerint,
1706 2820 1785 2882 sit
1811 2819 1871 2879 in
1903 2819 2134 2881 nostris

46 2905 268 2967 castris
287 2953 300 2978 ‚
332 2905 410 2967 sit
439 2905 497 2967 in
529 2906 960 2982 imperatorum
994 2905 1333 2984 praetoriis,
1368 2905 1446 2966 sit
1474 2902 1741 2979 denique
1772 2903 1928 2965 inter
1956 2902 2132 2979 signa

47 3000 237 3065 atque
271 2990 329 3050 in
361 2990 496 3051 acie
530 2992 724 3063 locus,
760 2990 839 3068 sit
870 2991 967 3051 his
1001 2991 1296 3067 gradibus
1327 3005 1629 3050 ascensus
1661 2987 1841 3050 etiam
1869 2988 1950 3050 ad
1982 2988 2129 3049 civi-

45 3083 251 3135 tatem.
305 3075 518 3134 XVIII.
548 3072 651 3137 41.
689 3075 864 3149 Quod
895 3074 947 3136 si
976 3075 1174 3148 Afris,
1209 3075 1261 3135 si
1288 3072 1532 3148 SardiS,
1566 3074 1618 3133 si
1648 3072 1942 3149 Hispanis
1966 3074 2131 3150 agris

47 3157 485 3234 stipendioque
539 3158 809 3219 multatis
855 3158 1075 3220 virtute
1104 3157 1365 3235 adipisci
1395 3157 1536 3220 licet
1565 3156 1903 3233 civitatem,
1950 3156 2146 3219 Gadi--

45 3242 206 3303 tanis
230 3249 432 3303 autern
459 3241 703 3317 officiis,
735 3251 1054 3318 vetustate,
1085 3243 1225 3317 fide,
1262 3241 1567 3318 periculiS,
1601 3244 1852 3305 foedere
1876 3240 2101 3303 coniun
2122 3274 2146 3285 ·-

48 3326 163 3388 ctis
193 3326 313 3388 hoc
341 3327 502 3388 idem
535 3344 658 3389 non
690 3324 910 3400 licebit,
941 3344 1063 3387 non
1096 3328 1315 3388 foedus
1348 3326 1466 3388 sibi
1496 3325 1837 3400 nobiscum,
1871 3325 1983 3386 sed
2018 3322 2127 3385 ini-

49 3409 383 3486 quissimas
420 3412 590 3487 leges
621 3409 941 3487 impositas
964 3427 1001 3470 a
1023 3409 1202 3472 nobis
1233 3427 1377 3471 esse
1405 3410 1874 3472 arbitrabuntur.
1923 3409 2131 3481 Atque

46 3495 226 3568 hanc,
255 3493 516 3572 iudiceS,
549 3511 673 3556 non
707 3512 744 3555 a
775 3512 868 3555 me
891 3494 1038 3571 fingi
1069 3493 1403 3557 orationem
1422 3542 1435 3567 ‚
1466 3493 1574 3554 sed
1608 3510 1704 3554 me
1741 3493 1947 3553 dicere
1970 3503 2134 3563 quae

49 3576 330 3639 Gaditani
365 3578 688 3640 iudicarint
720 3596 821 3640 res
853 3578 991 3655 ipsa
1028 3579 1317 3639 declarat.
1418 3574 1759 3712 Hospitiugn
1790 3569 1993 3630 uiuitis
2022 3582 2130 3624 an-

138 3676 249 3722 cre.
277 3663 347 3720 ΙΙ.
383 3670 434 3723 3.

2435 2872 2514 2980 sir
2435 2333 2514 2823 nummu-l
2451 2173 2514 2268 m:
2456 1695 2514 2112 mmm..
2405 1417 2514 1637 ...μζ

2433 2971 2465 3041 Ὗ·

2481 3007 2514 3022 Ι
