2514 3928
1791 164 1862 171 ----.

638 311 801 371 cAP'.
835 317 1100 374 59-63.
1141 316 1192 377 s.
1234 318 1568 372 126—131.
2058 307 2144 370 49

59 468 464 520 conservatae
508 462 703 522 dedit:
746 461 922 524 cuius
967 461 1326 522 sententiam
1358 460 1441 523 ita
1471 457 2003 536 frequentissimus
2040 456 2139 520 se-

58 556 240 603 natus
281 553 532 605 secutus
574 545 700 619 est,
746 555 812 607 ut
852 563 1013 606 unus
1043 545 1397 605 dissentiret
1429 539 1658 617 hostis,
1698 543 1888 618 idque
1929 543 2136 618 ipsum

59 626 285 687 tabulis
332 628 594 702 publicis
638 632 1029 690 mandaretur
1066 629 1145 688 ad
1191 627 1543 689 memoriam
1582 627 1813 702 posteri
1843 626 2136 702 temporis

61 710 522 786 sempiternam:
568 712 668 772 vel
713 714 883 789 quod
922 721 1019 775 est
1056 711 1358 787 postridie
1388 712 1699 771 decretum
1730 710 1791 770 in
1822 710 1991 772 curia
2025 728 2136 787 po-

61 795 187 869 puli
218 794 416 869 ipsius
448 797 706 856 Romani
737 805 799 859 et
829 813 1059 867 corum,
1095 795 1200 870 qui
1225 812 1306 855 ex
1328 793 1676 869 municipiis
1701 804 2136 867 convenerant,

59 878 409 954 admonitu,
443 896 519 940 ne
555 879 693 954 quis
729 881 808 941 de
840 882 1011 942 caelo
1049 888 1355 952 servaret,
1403 895 1480 938 ne
1516 877 1656 954 quis
1688 895 1919 938 moram
1953 878 2135 938 ullam

59 962 359 1023 adfer-rete
408 962 463 1023 si
510 963 648 1038 quis
689 965 864 1025 aliter
904 962 1188 1037 fecisset,
1237 979 1377 1023 eum
1422 963 1607 1038 plane
1653 977 2005 1022 eversorem
2047 960 2137 1021 rei

61 1045 346 1121 publicae
376 1048 508 1107 sore
538 1048 727 1122 idque
759 1058 1037 1109 senatum
1072 1046 1437 1122 gravissime
1474 1047 1767 1119 laturum,
1811 1052 1873 1106 et
1916 1053 1982 1105 ut
2015 1053 2135 1105 sta—

61 1130 163 1189 tim
209 1129 288 1190 de
331 1129 466 1191 eius
509 1132 668 1193 sacto
711 1133 1058 1193 referretur.
1123 1133 1254 1205 Qua
1294 1130 1592 1206 gravitate
1630 1145 1744 1190 sua
1794 1145 1981 1205 quum
2020 1129 2135 1189 fre-

61 1218 262 1288 quens
308 1223 559 1275 senatus
605 1233 728 1276 non
762 1217 1066 1276 nullorum
1102 1217 1308 1276 scelus
1339 1213 1788 1289 audaciamque
1810 1213 2133 1283 tardasset,

58 1305 259 1356 tamen
297 1297 440 1358 illud
474 1298 725 1371 addidit,
755 1309 838 1372 ut,
875 1299 928 1358 si
957 1298 1178 1359 diebus
1213 1297 1517 1375 quinque,
1548 1297 1774 1374 quibus
1797 1295 1898 1372 agi
1928 1296 2008 1356 de
2037 1311 2135 1356 mc

60 1380 386 1454 potuisset,
410 1397 534 1440 non
557 1392 726 1442 esset
749 1390 969 1454 actum,
994 1381 1261 1441 redirem
1286 1381 1346 1442 in
1370 1382 1627 1457 patriam
1652 1379 1944 1456 dignitate
1968 1378 2135 1440 omni

59 1471 448 1536 recuperata.
519 1465 690 1526 LXII.
735 1464 1021 1525 Decrevit
1054 1464 1275 1524 eodem
1304 1472 1580 1539 tempore
1614 1472 1897 1537 senatuS,
1942 1471 2011 1525 ut
2038 1462 2136 1538 iis,

61 1544 172 1620 qui
208 1561 286 1605 ex
317 1553 443 1607 tota
472 1545 642 1607 Italia
682 1547 894 1608 salutis
923 1563 1097 1608 meae
1124 1563 1315 1608 causa
1342 1555 1782 1619 convenerant,
1814 1556 2137 1623 agerentur

59 1628 297 1704 gratiae
326 1639 511 1705 atque
541 1639 606 1690 ut
634 1630 862 1704 eidem,
904 1631 985 1691 ad
1013 1647 1114 1692 res
1144 1631 1477 1693 redeuntes
1507 1638 1575 1692 ut
1603 1630 1907 1704 venirent,
1952 1646 2135 1706 roga-

59 1722 288 1774 rentur.
350 1713 490 1775 130.
534 1714 707 1774 Haec
747 1724 877 1775 erat
920 1714 1261 1776 studiorum
1302 1715 1361 1775 in
1409 1731 1547 1776 mea
1580 1716 1776 1776 salute
1806 1715 2135 1787 contentio,

63 1806 127 1858 ut
161 1796 233 1871 ii,
265 1796 370 1873 qui
404 1815 442 1858 a
471 1808 690 1859 senatu
720 1800 798 1859 de
828 1814 924 1859 me
953 1799 1356 1874 rogabantur,
1389 1799 1590 1861 eidem
1620 1797 1862 1859 senatui
1890 1814 2002 1875 pro
2038 1813 2135 1857 me

63 1879 496 1956 supplicarent.
540 1883 745 1958 Atque
774 1883 858 1944 ita
886 1881 949 1942 in
978 1882 1074 1944 his
1104 1884 1293 1945 rebus
1323 1901 1485 1945 unus
1514 1891 1610 1944 est
1633 1884 1806 1943 solus
1829 1881 2134 1951 inventus,

63 1962 169 2039 qui
211 1964 288 2025 ab
335 1966 450 2027 hac
493 1975 612 2027 tam
655 1967 934 2042 impensa
966 1969 1278 2031 voluntate
1307 1969 1608 2029 bonorum
1641 1968 1841 2042 palam
1872 1966 2134 2027 disside-

60 2057 183 2123 ret,
234 2057 301 2110 ut
343 2049 522 2110 etiam
566 2050 633 2124 Q.
661 2052 941 2112 Metellus
985 2054 1231 2125 consul,
1290 2052 1396 2127 qui
1436 2050 1581 2111 mihi
1626 2053 1721 2111 vel
1763 2050 2026 2110 maxime
2056 2065 2136 2109 ex

58 2132 300 2207 magnis
328 2134 820 2195 contentionibus
849 2136 938 2195 rei
976 2134 1260 2210 publicae
1280 2134 1509 2197 fuisset
1536 2133 1850 2206 inimicuS,
1892 2135 1970 2208 de
2000 2149 2136 2193 mea

59 2217 264 2278 salute
294 2216 606 2278 rettulerit.
669 2218 781 2291 Qui
822 2218 1124 2280 excitatus
1158 2235 1346 2293 quum
1379 2235 1616 2280 summa
1645 2216 2006 2279 auctoritate
2032 2234 2123 2277 se-

56 2309 240 2362 natus
257 2306 379 2361 tum
406 2300 472 2360 P.
510 2300 751 2361 Servilii
781 2304 985 2364 divina
1020 2303 1287 2378 quadam
1317 2302 1612 2377 gravitate
1643 2299 1907 2373 dicendi,
1948 2316 2134 2375 quum

59 2384 163 2445 ille
204 2400 419 2445 omnes
471 2401 668 2462 prope
709 2387 786 2445 ab
828 2385 1040 2447 inseris
1082 2394 1414 2448 evocasset
1444 2386 1727 2448 Metellos
1764 2393 1825 2446 et
1858 2384 1938 2444 ad
1971 2383 2134 2444 illius

56 2467 338 2543 generis,
371 2469 539 2544 quod
571 2468 686 2530 sibi
723 2486 859 2531 cum
896 2487 973 2531 eo
1008 2486 1333 2531 commune
1368 2478 1565 2543 esset,
1603 2468 1957 2545 dignitatem
1997 2485 2134 2544 pro·

62 2551 277 2628 pinqui
307 2551 404 2613 sui
434 2562 700 2614 mentem
729 2570 765 2613 a
794 2553 1106 2616 Clodianis
1138 2552 1473 2616 latrociniis
1502 2552 1886 2624 reflexisset,
1918 2569 2134 2628 quum-

61 2652 184 2711 que
231 2652 370 2696 eum
411 2638 493 2696 ad
535 2637 857 2698 domestici
905 2637 1172 2712 exempli
1216 2637 1569 2699 memoriam
1619 2645 1680 2699 et
1724 2637 1805 2697 ad
1834 2634 2133 2696 Numidici

61 2718 223 2780 illius
257 2718 485 2780 Metelli
527 2737 738 2781 casum
777 2721 875 2779 vel
920 2722 1255 2795 gloriosum
1301 2724 1398 2782 vel
1428 2737 1676 2797 gravem
1709 2720 2167 2788 convertisset-

58 2803 500 2865 collacrImavit
536 2803 632 2864 vir
675 2803 960 2879 egregins
1002 2820 1077 2864 ac
1121 2820 1268 2865 vere
1297 2805 1580 2866 Metellus
1626 2812 1944 2878 totumque
1972 2819 2042 2864 se
2069 2802 2166 2860 P.·

59 2885 323 2947 Servilio
356 2886 583 2949 dicenti
616 2886 796 2949 etiam
826 2897 950 2949 tum
980 2886 1259 2962 tradidit,
1296 2903 1412 2957 nec
1441 2888 1603 2948 illam
1634 2888 1901 2948 divinam
1934 2884 2138 2962 gravi-¹

60 2978 244 3031 tatem
286 2971 528 3045 plenam
567 2971 942 3047 antiquitatis
989 2971 1216 3034 diutius
1260 2972 1446 3032 homo
1490 2971 1768 3033 eiusdem
1816 2969 2142 3047 sanguinis.

58 3053 260 3130 potuit
288 3053 684 3117 sustinere‘et
711 3072 950 3117 mecum
981 3057 1209 3117 absens
1229 3056 1533 3117 beneficio
1567 3072 1682 3117 suo
1706 3054 1888 3116 rediit
1914 3055 1973 3115 in
1998 3070 2131 3131 gra-

59 3137 222 3199 tiam.
284 3135 423 3199 131.
475 3139 650 3212 Quod
681 3148 879 3215 certe,
928 3140 982 3201 si
1024 3148 1120 3201 est
1146 3139 1336 3215 aliqui
1373 3156 1599 3202 sensus
1635 3139 1694 3199 in
1732 3148 1925 3200 morte
1956 3154 2134 3215 prae-

59 3221 364 3282 clarorum
393 3222 678 3295 virorum,
713 3240 896 3298 quum
934 3223 1216 3284 omnibus
1242 3222 1506 3286 Metellis
1535 3233 1659 3285 tum
1695 3241 1841 3284 vero
1872 3220 2141 3284 univiro

60 3304 395 3367 fortissimo
439 3314 500 3368 et
530 3306 1060 3381 praestantissimo
1094 3307 1213 3367 civi
1242 3306 1655 3383 gratissimum
1689 3306 1858 3368 fratri
1894 3322 2008 3365 suo
2048 3303 2136 3362 fe·

57 3387 167 3461 cit,
201 3388 376 3451 socio
407 3390 716 3464 laborum,
753 3389 1191 3467 periculorum,
1227 3388 1625 3454 consiliorum
1655 3405 1953 3451 meorum.
2026 3403 2031 3408 ·

229 3472 432 3533 LXIII.
477 3472 736 3536 Reditus
760 3491 908 3536 vero
933 3491 1108 3535 meus
1134 3473 1238 3549 qui
1264 3472 1446 3533 suerit
1473 3471 1611 3547 quis
1638 3472 1922 3546 ignorat?
1952 3482 2136 3560 quem

54 3556 134 3616 ad
161 3557 405 3617 modum
431 3556 575 3616 mihi
599 3556 945 3618 advenienti
964 3566 1268 3631 tamquam
1291 3554 1477 3616 totius
1499 3554 1913 3691 Italiae4atque
1936 3548 2139 3620 ipstus

141 3657 252 3699 cle.
287 3642 360 3699 ll.
394 3650 445 3702 3.

2243 168 2344 175 -w-ss
