2514 3928
735 542 819 621 M.
877 541 1148 621 TULLn
1205 538 1632 621 ClCERssN'lS

145 699 148 702 ’
216 716 392 808 ruo
446 717 521 808 τ.
572 717 825 810 Ammo
877 719 1200 814 MILONE
1253 721 1574 814 omno
1627 726 1742 815 An
1796 724 2165 818 inmens,
2221 671 2231 678 ’

418 1021 521 1081 EX
554 1021 1133 1083 COMMENTARIIS
1168 1024 1235 1097 Q.
1267 1023 1578 1084 ASCONII
1609 1023 1936 1084 PEDlANI.

246 1158 385 1208 Hanc
420 1160 547 1210 dixit
569 1160 658 1215 Cn.
688 1161 929 1224 Pompeio
965 1161 1050 1212 ΙΙΙ.
1084 1162 1290 1212 consule
1324 1177 1372 1217 a.
1413 1163 1463 1211 d.
1493 1164 1581 1216 vl.
1623 1163 1744 1212 Idus
1780 1160 1942 1226 April.
1986 1161 2058 1229 {²¹2
2101 1175 2153 1208 u.
2185 1169 2244 1211 ct.

147 1226 293 1291 7021.
330 1227 477 1286 Quod
499 1231 744 1278 iudicium
771 1243 927 1290 quum
964 1236 1215 1293 ageretur,
1254 1232 1531 1280 exereitum
1571 1235 1622 1279 in
1661 1231 1772 1280 foro
1807 1244 1855 1279 et
1892 1231 2130 1278 omnibus
2173 1232 2227 1278 in

146 1296 369 1359 templis,
410 1313 539 1363 quae
573 1299 762 1346 circum
795 1297 958 1344 forum
988 1303 1123 1355 sunt,
1160 1297 1459 1346 collocatum
1490 1315 1521 1348 u
1550 1299 1639 1351 Cn.
1669 1299 1907 1362 Pompeio
1944 1299 2103 1348 fnisse
2131 1312 2231 1346 non

147 1370 341 1412 tantum
379 1380 442 1412 ex
474 1364 569 1413 hac
604 1367 831 1414 oratione
869 1370 920 1413 et
953 1364 1249 1428 annalibuS,
1299 1367 1403 1414 sed.
1427 1369 1578 1415 etiam
1612 1382 1676 1414 ex
1708 1367 1834 1415 libro
1869 1374 2108 1429 apparet,
2143 1367 2230 1427 qui

149 1429 403 1480 Ciceronis
439 1433 637 1482 nomine
673 1433 967 1482 inscribitur
1002 1433 1066 1482 de
1092 1437 1266 1494 optimo
1287 1449 1473 1497 ,qenere
1499 1442 1752 1483 oratorum
1791 1434 1856 1497 [c.
1889 1437 1940 1485 4.
1976 1435 2023 1494 §-
2067 1432 2191 1498 10.].

712 1569 1266 1630 ARGUMENTUM
1293 1569 1448 1630 HOC
1478 1569 1644 1630 EST.

287 1683 344 1731 Τ.
383 1683 579 1732 Annius
611 1683 729 1732 Milo
769 1689 818 1733 et
846 1684 902 1738 P.
938 1684 1167 1734 Plautius
1200 1683 1465 1748 Hypsaeus
1501 1682 1630 1740 etQ.
1653 1679 1887 1729 Metellus
1915 1678 2083 1744 Scipio
2113 1697 2231 1730 cou-

147 1755 370 1804 sulatum
408 1753 660 1816 petierunt
700 1767 798 1801 non
834 1754 999 1803 solum
1036 1753 1303 1818 largitione
1332 1751 1502 1816 palam
1542 1750 1779 1816 profusa,
1817 1751 1909 1799 sed
1953 1750 2107 1799 etiam
2146 1751 2230 1799 fa-

146 1823 396 1874 ctionibus
428 1830 735 1872 armatorum
766 1823 1031 1875 succincti.
1084 1821 1260 1870 Miloni
1290 1828 1340 1870 et
1371 1820 1549 1870 Clodio
1585 1833 1816 1868 summae
1843 1826 1984 1867 erant
2017 1820 2236 1868 inimici-

146 1893 263 1951 tiae,
297 1892 437 1954 quod
466 1900 516 1939 et
536 1891 655 1941 Milo
682 1891 939 1942 Ciceronis
960 1899 1069 1940 erat
1086 1889 1470 1939 amantissimus
1497 1891 1548 1939 in
1567 1889 1960 1950 reducendoque
1991 1903 2051 1936 eo
2084 1889 2234 1938 enixe

146 1976 351 2026 operam
397 1961 473 2011 rei
501 1961 737 2025 publicae
767 1962 974 2012 dederat
1017 1968 1068 2009 et
1104 1960 1157 2010 P.
1194 1958 1399 2010 Clodius
1435 1959 1668 2009 restituto
1703 1956 1928 2008 Ciceroni
1962 1964 2069 2007 erat
2103 1956 2226 2007 infe·

148 2032 404 2080 stissimus
432 2029 650 2091 ideoque
682 2045 877 2080 summe
904 2030 1138 2079 studebat
1166 2030 1402 2094 Hypsaeo
1431 2035 1479 2078 et
1515 2027 1739 2092 Scipioni
1766 2036 1941 2076 contra
1969 2026 2230 2077 Milonem.

148 2100 225 2148 Ac
272 2111 426 2161 saepe
478 2098 607 2145 inter
650 2111 706 2145 se
740 2098 860 2147 Milo
911 2106 961 2145 et
997 2097 1206 2147 Clodius
1253 2112 1369 2146 cum
1417 2098 1523 2145 suis
1569 2097 1880 2147 factionibus
1913 2095 2108 2145 Romae
2143 2097 2228 2145 de·

151 2173 529 2232 pugnaverant,
570 2172 618 2213 et
654 2173 794 2213 erant
827 2172 1037 2227 uterque
1076 2165 1285 2215 audacia
1322 2179 1490 2229 pares,
1524 2166 1615 2216 sed
1651 2165 1769 2214 Milo
1805 2180 1897 2229 pro
1933 2165 2234 2215 melioribus

150 2235 383 2301 partibus
412 2233 592 2283 stabat.
640 2235 904 2282 Praeterea
936 2236 989 2282 in
1027 2235 1259 2283 eumdem
1289 2248 1475 2283 annum
1504 2234 1823 2284 consulatum
1851 2233 1989 2291 Milo,
2025 2233 2234 2284 Clodius

147 2312 440 2368 praeturam
477 2303 704 2365 petebat,
749 2317 900 2363 quam
935 2304 1149 2353 debilem
1182 2302 1403 2351 futuram
1437 2302 1643 2352 consule
1675 2303 1861 2352 Milone
1895 2302 2232 2367 intelligebat.

154 2371 347 2421 Deinde
401 2384 556 2433 quum
604 2371 691 2419 diu
738 2379 897 2421 tracta
944 2379 1112 2422 essent
1158 2373 1362 2421 comitia
1395 2372 1682 2421 consularia
1724 2372 1998 2437 perficique
2044 2373 2108 2421 ob
2145 2387 2234 2421 eas

152 2442 291 2504 ipsas
317 2438 544 2504 perditas
570 2440 948 2489 candidatorum
986 2441 1331 2491 contentiones
1361 2455 1462 2489 non
1502 2450 1738 2506 possent,
1785 2448 1834 2489 et
1869 2441 1932 2490 ob
1966 2442 2022 2491 id
2053 2456 2230 2490 mense

152 2509 378 2559 Ianuario
405 2508 534 2557 nulli
557 2511 679 2557 dum
701 2523 863 2572 neque
887 2509 1122 2559 consules
1149 2525 1316 2572 neque
1359 2519 1616 2574 praetores
1650 2519 1822 2559 essent
1851 2510 2234 2571 traheretur-que

151 2580 259 2628 dies
295 2577 472 2627 eodem
508 2591 607 2638 quo
643 2585 790 2626 antea
823 2580 995 2636 modo,
1028 2594 1185 2642 quum
1215 2578 1338 2627 Milo
1374 2594 1525 2639 qnam
1557 2580 1779 2643 primum
1817 2578 2022 2627 comitia
2058 2578 2232 2628 confici

152 2646 302 2697 vellet
354 2645 719 2709 conficeretque
765 2661 920 2708 quum
972 2649 1221 2697 bonorum
1262 2647 1474 2705 studiis,
1525 2647 1664 2709 quod
1708 2647 1985 2695 obsistebat
2038 2645 2232 2702 Clodio,

151 2724 255 2765 tum
292 2716 443 2764 etiam
461 2713 640 2778 populi
669 2722 877 2779 propter
907 2714 1093 2765 effusas
1121 2714 1420 2779 largitiones
1443 2716 1804 2778 impensasque
1832 2713 2067 2762 ludorum
2092 2729 2234 2763 scae·-

148 2785 370 2834 nieornm
406 2798 466 2832 ac
502 2783 791 2847 gladiatorii
825 2785 1048 2833 muneris
1082 2785 1356 2841 maximas,
1387 2784 1439 2830 in
1476 2798 1604 2843 quas
1638 2786 1736 2831 tria
1770 2784 2078 2847 patrimonia
2107 2782 2233 2831 effu·

148 2855 288 2902 disse
324 2866 440 2901 eum
474 2851 649 2901 Cicero
686 2852 967 2917 significat,
1006 2852 1364 2917 competitores
1394 2850 1505 2899 eins
1541 2851 1743 2900 trahere
1779 2851 1982 2916 vellent,
2019 2851 2235 2913 ideoque

147 2921 417 2986 Pompeius
448 2935 605 2985 gener
641 2918 891 2984 Scipionis
928 2929 978 2971 et
1006 2921 1066 2975 T.
1096 2921 1352 2969 Munatius
1377 2919 1610 2968 tribunus
1641 2918 1805 2986 plebis
1847 2919 2023 2969 referri
2052 2921 2120 2971 ad
2154 2935 2234 2969 se·-

150 3002 318 3040 natum
354 2990 418 3038 de
453 2990 681 3055 patriciis
717 2991 1083 3053 convocandis,
1117 2990 1204 3051 qui
1239 2989 1547 3054 interregem
1581 2989 1879 3053 proderent,
1919 3003 2020 3039 non
2066 2996 2235 3040 essent

150 3059 319 3123 passi,
357 3073 513 3120 quum
544 3059 848 3122 interregem
881 3059 1094 3123 prodere
1129 3057 1287 3107 moris
1324 3066 1474 3111 esset.
1507 3072 1554 3107 a.
1587 3058 1637 3111 d.
1676 3055 1803 3107 XIII.
1844 3057 1952 3107 Kal.
1985 3059 2129 3111 Febr.
2163 3085 2229 3095 —

149 3138 258 3177 acta
289 3128 475 3177 etenim
510 3127 676 3190 magis
715 3128 977 3189 sequenda
1006 3135 1055 3175 et
1079 3128 1245 3191 ipsam
1280 3127 1588 3187 orationem,
1636 3142 1769 3189 quae
1822 3128 1949 3177 actis
1978 3128 2233 3193 congruit,

147 3204 269 3262 puto
302 3210 455 3259 quam
488 3193 840 3254 Fenestellam,
878 3196 966 3257 qui
998 3210 1045 3245 a.
1086 3197 1135 3243 d.
1165 3195 1301 3248 XIV.
1338 3195 1451 3246 Kal.
1475 3197 1620 3249 Febr.
1658 3196 2033 3245 tradit—Milo
2067 3198 2212 3245 Lanu

148 3266 316 3322 vium,
348 3280 413 3314 ex
452 3279 551 3327 quo
590 3272 695 3312 erat
727 3264 1004 3328 municipio
1042 3272 1091 3313 et
1125 3265 1198 3313 ibi
1227 3272 1334 3313 tum
1370 3266 1599 3324 dictator,
1635 3265 1896 3329 profectus
1934 3270 2011 3314 est
2049 3265 2117 3313 ad
2143 3264 2234 3311 fla>-

150 3334 338 3382 minem
363 3332 682 3398 prodendum
711 3341 915 3397 postera
950 3332 1053 3386 die.
1099 3330 1330 3383 Occurrit
1361 3335 1407 3382 ei
1436 3335 1568 3383 circa
1600 3333 1781 3383 horam
1809 3348 1995 3383 nonam
2028 3330 2242 3381 Clodius

151 3401 327 3466 paullo
368 3402 505 3452 ultra
539 3400 783 3461 Bovillas,
815 3401 1017 3451 rediens
1056 3402 1117 3451 ab
1148 3402 1337 3461 Aricia,
1368 3417 1530 3467 prope
1554 3416 1671 3451 eum
1703 3400 1891 3461 locum,
1928 3402 1981 3448 in
2015 3413 2114 3459 quo
2136 3397 2234 3445 Bo-

153 3485 268 3522 nae
299 3471 423 3520 deae
459 3468 698 3519 sacellum
745 3477 840 3525 est.
911 3469 1032 3519 Erat
1061 3477 1230 3519 autem
1257 3469 1524 3520 adlocutus
1557 3471 1855 3520 decuriones
1887 3468 2228 3516 Aricinorum.

157 3537 445 3588 vehebatur
487 3538 697 3588 Clodius
745 3553 894 3601 equo.
970 3538 1117 3588 Servi
1145 3539 1299 3588 XXX
1339 3539 1444 3589 fere
1491 3538 1746 3602 expediti,
1789 3544 1848 3583 ut
1883 3535 1969 3581 illo
2005 3540 2236 3590 tempore

238 3622 352 3664 c1c.
387 3607 459 3666 Π.
488 3615 543 3667 3.
1121 3645 1124 3646 ⁷
1720 3600 1798 3659 15
