2514 3928
76 73 421 109 r?

288 112 2430 145 ..-Ἢ

796 290 978 365 'CAR
1016 299 1278 356 17—20.
1304 300 1368 361 ς.
1400 303 1642 358 40-45
1954 329 1960 335 ·
2210 296 2294 362 1⁷

201 442 408 523 putari
447 449 676 518 tamen,
725 441 1178 505 coniuratorum
1209 443 1424 520 copias
1467 453 1708 507 veteres
1739 452 1802 507 et
1834 447 2093 508 effusam
2124 448 2288 511 illam

201 547 280 590 ac
310 537 661 603 superatam
691 527 982 589 Catilinae
1010 527 1418 603 importunam
1450 546 1691 590 manum
1722 546 1885 591 novo
1917 533 2075 592 duee
2107 542 2168 593 et
2197 536 2285 593 in—

199 623 456 688 sperata
495 613 970 673 commutatione
1012 627 1217 671 rerum
1260 629 1402 672 esse
1441 623 1793 674 renovatam
1826 637 1938 670 —2
1995 614 2094 675 43.
2133 618 2286 677 haec

199 712 397 771 quum
424 692 739 769 viderem,
781 693 933 770 quid
973 711 1252 769 agerem.
1299 696 1579 756 iudices?
1622 697 1754 758 scio
1799 697 1960 758 enim
1997 708 2116 759 tuni
2165 719 2289 760 uon

200 778 350 839 mihi
400 786 667 840 vestrum
709 778 1009 850 studium,
1064 779 1179 838 sed
1230 796 1430 839 meum
1484 798 1676 856 prope
1728 791 1936 842 vestro
1991 783 2288 844 defuisse.

201 863 646 935 contenderem
677 870 894 923 contra
920 862 1227 943 tribunum
1263 863 1462 938 plebis
1495 864 1772 939 privatus
1805 865 2034 925 armis?
2088 867 2285 926 Vicis-

198 955 342 1008 sent
375 946 692 1023 improbos
727 945 909 1020 boni,
943 948 1132 1007 fortes
1167 947 1429 1008 inertes:
1467 947 1824 1009 interfectus
1854 959 2025 1010 esset
2059 950 2142 1017 is,
2184 953 2286 1024 qui

197 1031 316 1091 hac
356 1047 477 1091 una
521 1028 828 1091 medicina
861 1031 996 1091 sola
1039 1031 1236 1105 potuit
1277 1047 1316 1090 a
1362 1031 1450 1092 rei
1494 1032 1777 1107 publicae
1818 1042 1995 1108 peste
2043 1035 2290 1108 depelli.

199 1113 358 1188 Quid
401 1115 669 1175 deinde?
715 1113 855 1187 quis
882 1115 1121 1190 reliqua
1150 1122 1533 1190 praestaret?
1575 1117 1673 1177 cui
1710 1117 1979 1192 denique
2015 1130 2145 1178 erat
2176 1121 2286 1177 du·

197 1197 364 1258 bium
396 1197 542 1271 quin
576 1198 679 1257 ille
709 1197 965 1273 sanguis
1000 1197 1392 1271 tribuniciu8‚
1436 1200 1601 1260 nullo
1636 1200 1992 1276 praesertim
2037 1203 2285 1276 publico

195 1281 460 1342 consilio
494 1284 818 1374 profusuS,
853 1283 1146 1342 consules
1173 1284 1403 1344 ultores
1433 1291 1495 1342 et
1522 1283 1885 1345 defensores
1916 1297 2086 1346 esset
2116 1286 2284 1345 habi-

199 1371 415 1425 turus?
447 1366 636 1437 quum
670 1363 963 1439 quidam
950 1381 1010 1422 ιη
1036 1364 1322 1425 contione
1348 1364 1614 1426 dixisset
1632 1378 1736 1428 aut
1762 1367 1903 1427 mihi
1930 1372 2116 1428 semel
2146 1387 2284 1444 per-

199 1447 474 1508 eundum
516 1455 624 1506 aut
649 1445 747 1505 bis
775 1460 922 1506 esse
948 1445 1340 1505 vincendum.
1401 1446 1556 1518 Quid
1586 1460 1718 1509 erat
1742 1449 1839 1510 bis
1869 1451 2160 1512 vincere?
2215 1448 2282 1514 ld

201 1531 519 1606 profecto,
563 1537 658 1604 ut,
702 1544 840 1590 cum
872 1510 1293 1590 amentissimo
1332 1529 1575 1590 tribuno
1612 1530 1809 1607 plebis
1850 1550 2038 1607 quum
2074 1536 2279 1594 decer-

199 1623 465 1684 tassem,
521 1628 661 1673 eum
734 1614 1089 1672 consulibus
1139 1613 1488 1689 ceterisque
1531 1615 1664 1676 eius
1707 1617 2005 1677 ultoribus
2048 1619 2283 1678 dimica

198 1712 346 1756 rem.
420 1659 522 1756 4'4.
543 1698 686 1773 Ego
755 1714 937 1769 vero,
971 1699 1072 1757 vel
1100 1695 1153 1757 si
1182 1699 1566 1772 pereundum
1598 1699 1845 1773 suisset,
1875 1716 1951 1760 ac
1982 1717 2105 1761 non
2134 1700 2289 1760 aeci-

197 1779 424 1856 pienda
457 1781 641 1855 plaga
707 1781 844 1839 mihi
875 1779 1196 1855 sanabili8‚
1227 1779 1312 1840 illi
1348 1781 1691 1854 mortifera,
1734 1783 1841 1859 qui
1869 1782 2290 1859 imposuisset,

197 1867 388 1924 semel
433 1865 630 1940 perire
674 1873 904 1937 tamen,
946 1863 1218 1937 iudices,
1266 1863 1620 1925 maluissem
1664 1879 1846 1938 quam
1881 1862 1976 1923 bis
2016 1862 2279 1922 vincere.

196 1949 344 2009 Erat
370 1947 528 2009 enim
559 1947 660 2020 illa
693 1949 880 2010 altera
909 1949 1044 2010 eius
1076 1949 1240 2010 modi
1274 1946 1615 2020 contentio,
1659 1956 1727 2008 ut
1759 1963 1960 2023 neque
1993 1945 2135 2008 vieti
2178 1963 2280 2006 ne-

162 2049 323 2118 ¹,que
361 2032 632 2094 victores
670 2050 800 2094 rem
842 2034 1148 2109 publicam
1193 2044 1398 2094 tenere
1442 2048 1792 2107 possemus.
1879 2030 2079 2105 Quid?
2124 2033 2176 2090 si
2219 2031 2280 2090 in

199 2116 396 2192 prima
418 2116 807 2178 contentione
827 2115 889 2177 vi
909 2116 1227 2179 tribunicia
1251 2115 1449 2177 victus
1474 2116 1533 2176 in
1561 2118 1695 2177 l'oro
1716 2131 1852 2175 cum
1872 2116 2075 2175 multis
2098 2114 2281 2175 bonis

198 2198 350 2259 viris
369 2198 822 2261 concidissem?
849 2209 1124 2261 senatum
1148 2201 1459 2272 consuleS,
1483 2200 1691 2271 credo,
1717 2208 2066 2266 vocassent,
2096 2215 2281 2273 quem

198 2291 392 2345 toturn
423 2282 502 2342 de
532 2281 774 2346 civitate
805 2285 1106 2344 delerante
1148 2285 1229 2344 ad
1257 2300 1428 2344 arma
1460 2292 1777 2355 vocarent,
1816 2285 1918 2359 qui
1952 2299 2027 2341 ne
2059 2281 2279 2341 vestitu

200 2366 450 2443 quidem
480 2367 728 2427 defendi
760 2384 887 2428 rem
920 2368 1224 2444 publicam
1254 2368 1513 2429 sissent:
1567 2384 1605 2430 a
1634 2367 1873 2428 tribuno
1910 2365 2106 2442 plebis
2141 2373 2282 2441 post

201 2449 505 2511 interitum
573 2448 1015 2518 dissedissent,
1082 2447 1186 2521 qui
1242 2449 1519 2508 eamdem
1578 2451 1788 2510 horam
1841 2468 2013 2511 meae
2088 2449 2278 2523 pestis

198 2543 264 2596 et
292 2550 539 2595 suorum
568 2534 978 2609 praemiorum
1006 2549 1152 2594 esse
1182 2531 1539 2594 voluissent.
1599 2531 1724 2593 XX.
1755 2530 1855 2594 45.
1893 2533 2089 2594 Unum
2117 2534 2276 2592 enim

201 2617 345 2678 mihi
371 2618 644 2679 restabat
671 2617 847 2688 illud,
882 2618 1051 2692 quod
1081 2616 1334 2679 forsitan
1365 2633 1487 2677 non
1512 2632 1690 2676 nemo
1716 2614 1808 2675 vir
1830 2617 2002 2677 fortis
2028 2625 2089 2676 et
2116 2615 2277 2676 aeris

202 2701 384 2762 animi
423 2700 749 2777 magnique
790 2698 1040 2760 dixerit:
1094 2700 1486 2775 Restitisses‚
1529 2716 1977 2776 repugnasseS‚
2026 2710 2277 2759 mortem

205 2801 486 2861 pugnans
517 2783 890 2860 oppetisses.
976 2784 1066 2844 De
1101 2800 1225 2858 quo
1255 2791 1344 2857 te,
1379 2793 1471 2857 te,
1513 2782 1795 2859 inquam,
1825 2783 2051 2859 patria,
2090 2791 2280 2842 testor

202 2877 265 2929 et
295 2884 440 2941 VOS,
488 2877 742 2942 penates
776 2865 1076 2942 patriique
1111 2866 1201 2937 di,
1247 2884 1344 2927 me
1375 2876 1718 2929 vestrarum
1758 2867 1977 2925 sedum
2025 2869 2275 2941 templo-

202 2968 463 3028 rumque
488 2965 696 3024 eausa,
722 2966 818 3011 me
845 2959 1094 3026 propter
1117 2951 1372 3013 salutem
1393 2960 1668 3012 meorum
1694 2948 1933 3021 civium,
1962 2968 2121 3026 quae
2137 2949 2278 3011 mihi

205 3051 455 3111 semper
478 3035 585 3096 suit
607 3052 745 3096 mea
767 3034 966 3096 carior
987 3033 1127 3108 vita,
1154 3034 1601 3100 dimicationem
1624 3036 2002 3112 eaedemque
2026 3037 2294 3112 fugisse..

204 3121 442 3180 Etenim
471 3118 524 3179 si
547 3119 688 3179 mihi
714 3120 774 3180 in
802 3116 1010 3194 aliqua
1038 3136 1195 3179 nave
1224 3135 1364 3179 eum
1387 3119 1539 3179 me1s
1562 3118 1776 3179 amicis
1807 3121 2112 3195 naviganti
2144 3120 2281 3185 hoe,
2361 3191 2370 3200 ι

205 3202 442 3264 iudices
463 3249 476 3274 ,
508 3200 869 3276 accidisset,
918 3212 983 3263 ut
1011 3201 1180 3264 multi
1214 3219 1294 3263 ex
1326 3202 1527 3263 multis
1563 3202 1715 3263 loeis
1750 3205 2093 3276 praedones
2125 3203 2278 3261 elas-

204 3287 380 3350 sibus
404 3302 540 3347 eam
564 3303 780 3346 navem
805 3302 875 3347 se
899 3303 1318 3361 oppressuros
1348 3284 1792 3357 minitarentur,
1824 3286 1937 3345 nisi
1970 3302 2066 3344 me
2098 3291 2279 3343 unum

205 3369 322 3431 sibi
354 3370 770 3443 dedidissent,
808 3370 861 3429 si
891 3368 953 3428 id
984 3379 1267 3430 vectores
1293 3377 1584 3443 negarent
1614 3386 1687 3429 ae
1718 3385 1953 3429 meeum
1986 3366 2162 3432 simul
2196 3368 2281 3424 in-

204 3453 388 3515 terire
423 3470 603 3528 quam
635 3470 733 3514 me
777 3454 1019 3514 tradere
1058 3452 1341 3512 hostibus
1373 3451 1648 3518 mallent,
1693 3449 1977 3511 iecissem
2024 3448 2158 3520 ipse
2188 3462 2286 3504 me

207 3536 414 3615 potius
455 3536 515 3597 in
560 3536 966 3613 profundum,
1007 3544 1074 3596 ut
1144 3544 1388 3596 ceteros
1420 3547 1886 3664 conservarem&
1936 3544 2119 3599 quam
2148 3528 2284 3580 ulos

297 3637 407 3682 cre.
438 3622 512 3680 11.
567 3625 619 3680 3.
1116 3651 1123 3656 ·
