2514 3928
286 277 407 344 178
828 278 975 340 PRO
1010 278 1122 340 CN.
1153 276 1482 339 PLANCIO
1521 277 1827 338 ORATIO.
2286 288 2374 342 80·

283 430 403 492 tuis
451 445 528 489 ne
565 446 603 488 a
634 429 862 504 populo
888 427 1218 491 iudicatum
1249 446 1394 491 esse
1435 429 1731 489 videatur.
1772 433 1776 439 ⁴
1818 428 1950 489 Non
1971 427 2144 490 ¹enim
2178 430 2368 490 cemi-

283 511 641 574 tiisiudicat
670 528 915 587 semper
947 515 1234 587 populus,
1285 514 1395 573 sed
1442 521 1720 573 movetur
1749 514 2112 588 plerumque
2139 514 2368 588 'gratiaz

284 597 446 657 cedit
475 595 797 670 precibus=
848 595 993 656 facit
1021 612 1163 671 eoS,
1192 613 1230 657 a
1261 596 1486 677 quibus
1519 603 1616 657 est
1641 596 1906 655 maxime
1935 595 2229 656 ambitum
2259 597 2367 657 de-

285 681 487 755 nique,
522 681 700 740 etiam
733 678 787 739 si
816 677 1060 754 iudicat,
1105 690 1226 741 non
1273 682 1500 742 dilectu
1541 678 1747 754 aliquo
1783 687 1890 739 aut
1924 678 2225 755 sapientia
2254 679 2367 739 du-

284 762 440 824 citur
479 761 1012 837 adiudicandum,
1054 764 1167 824 sed
1202 762 1432 838 impetu
1466 779 1589 823 non
1629 778 1963 837 numquam
2007 771 2067 823 et
2100 763 2369 838 quadam

285 845 466 908 etiam
506 847 860 907 temeritate.
949 846 1081 906 Non
1114 856 1209 907 est
1238 846 1400 907 enim
1430 845 1750 906 consilium
1786 847 1843 905 in
1879 847 2082 920 vulgo,
2114 858 2238 905 non
2269 862 2368 904 ra-

286 929 365 990 tio
383 972 399 1002 ‚
432 945 554 989 non
592 929 920 990 discrimen
940 972 956 1002 ,
986 930 1110 989 n'on
1140 929 1476 1004 diligentia,
1529 945 1898 1004 semperque
1927 930 2244 1004 sapientes
2270 944 2368 1001 ea,

286 1028 444 1087 quae
468 1013 737 1088 populus
770 1011 1048 1083 fecisset,
1087 1014 1369 1084 ferenda,
1402 1028 1524 1073 non
1553 1028 1799 1087 semper
1832 1013 2366 1073 laudanda-duxe-

290 1104 447 1155 runt.
538 1096 669 1168 Qua
694 1110 764 1154 re
798 1108 984 1170 quum
1009 1102 1067 1155 te
1091 1095 1350 1156 aedilem
1381 1096 1512 1156 lieri
1548 1095 1898 1171 oportuisse
1930 1095 2115 1168 diciS,
2149 1093 2369 1171 populi

285 1179 561 1252 culpam,
606 1194 728 1239 non
773 1177 1189 1253 competitoris
1230 1194 1515 1240 accusas.
1621 1178 1719 1239 10.
1760 1179 1840 1240 Ut
1886 1179 2072 1239 fueris
2120 1177 2373 1253 dignior

285 1277 469 1337 quam
500 1260 809 1321 Planciusz
847 1262 925 1320 de
949 1278 1073 1335 quo
1103 1262 1257 1338 ipso·
1275 1270 1473 1323 tecum
1497 1263 1579 1323 ita
1602 1262 1965 1323 contendam
1993 1263 2174 1337 paulo
2199 1270 2366 1336 post,

284 1353 350 1406 ut
377 1350 745 1405 conservem
793 1344 1147 1421 dignitatem
1182 1354 1344 1407 tuam
1359 1369 1375 1402 ι
1422 1347 1563 1418 sed,
1589 1354 1656 1406 ut
1697 1345 1886 1406 fuer-is
1928 1344 2197 1420 dignior,
2240 1360 2367 1404 non

283 1430 661 1503 competitor,
690 1445 728 1488 a
756 1446 881 1503 quo
910 1445 981 1489 es
1012 1427 1241 1502 victus,
1271 1430 1385 1490 sed
1418 1429 1704 1505 populus,
1738 1445 1776 1489 a
1811 1445 1934 1503 quo
1964 1445 2034 1488 es
2070 1426 2365 1503 praeteri·

285 1519 400 1586 ωε,
431 1510 491 1571 in
526 1514 711 1588 culpa
744 1520 862 1572 est.
950 1513 1014 1570 In
1049 1529 1171 1587 quo
1207 1512 1357 1573 illud
1388 1511 1647 1587 primum
1681 1512 1875 1572 debes
1907 1520 2136 1586 putare,
2175 1510 2366 1573 comi—

283 1595 401 1669 tiiS,
431 1594 791 1672 praesertim
815 1592 1130 1668 aediliciis,
1161 1597 1430 1657 studium
1453 1608 1596 1656 esse
1618 1596 1845 1670 populi,
1878 1611 2007 1655 non
2035 1593 2329 1655 iudicium

280 1679 588 1740 eblandita
621 1678 752 1751 illa,
787 1690 908 1737 non
938 1677 1256 1739 enucleata
1291 1694 1433 1740 esso
1462 1677 1782 1754 suffragia:
1826 1695 1967 1751 eos,
2000 1679 2104 1754 qui
2135 1676 2361 1738 suffra·

280 1761 447 1836 gium
478 1763 705 1833 ferant,
752 1758 900 1835 quid
948 1758 1170 1836 cuique
1209 1761 1329 1836 ipsi
1360 1761 1622 1822 debeant
1661 1761 2058 1822 considerare
2099 1761 2358 1836 saepius

283 1860 464 1918 quam
499 1842 649 1919 quid
679 1841 905 1917 cuique
933 1858 971 1902 a
1003 1857 1073 1903 re
1107 1843 1353 1919 publica
1395 1845 1705 1905 debeatur.
1794 1844 1898 1904 Sin
1933 1853 2131 1905 autem
2161 1843 2358 1904 mavis

284 1925 434 1987 illud
467 1940 610 1988 esse
641 1924 949 1999 iudicium,
990 1941 1109 1987 non
1143 1924 1249 1988 tibi
1275 1925 1337 1988 id
1370 1927 1845 1989 rescindendum
1875 1934 1988 2000 est,
2023 1929 2133 1990 sed
2164 1930 2334 1990 feren

282 2010 447 2070 dum.
538 2007 638 2071 11.
670 2008 830 2069 Male
858 2009 1150 2072 iudicavit
1179 2014 1466 2087 populus.
1513 2045 1587 2055 -
1638 2014 1722 2073 At
1748 2011 2057 2074 iudicavit.
2095 2046 2180 2057 —
2224 2012 2360 2071 Non

279 2091 508 2153 debuit.
554 2124 639 2136 —-
683 2094 764 2153 At
792 2093 1005 2169 potuit.
1046 2126 1135 2141 --
1162 2094 1296 2154 Non
1328 2096 1478 2154 fero.
1522 2129 1608 2139 —
1645 2097 1728 2157 At
1753 2094 1923 2157 multi
1950 2094 2272 2156 clarissimi
2301 2104 2365 2157 et

280 2173 719 2252 sapientissimi
754 2174 923 2237 cives
953 2177 1233 2239 tulerunt.
1306 2178 1415 2238 Est
1445 2176 1605 2238 enim
1634 2176 1790 2239 haec
1825 2177 2107 2241 condicio
2137 2179 2360 2238 libero—

278 2267 411 2319 rum
445 2260 815 2335 populorum
844 2258 1305 2336 praecipueque
1332 2259 1511 2322 huius
1551 2261 1849 2337 principis
1892 2262 2102 2337 populi
2144 2270 2204 2324 et
2233 2277 2362 2321 om·

280 2340 441 2402 nium
470 2341 738 2415 gentium
769 2340 999 2404 domini
1024 2353 1210 2420 atque
1233 2344 1502 2419 victori8‚
1538 2361 1726 2420 posse
1749 2345 2058 2419 suffragiis
2088 2346 2185 2406 vel
2204 2344 2363 2405 darc

278 2423 377 2484 vel
401 2423 720 2485 detrahere
741 2427 914 2501 quod
943 2424 1087 2488 velit
1111 2425 1368 2507 cuiquez
1405 2437 1678 2489 nostrum
1702 2439 1799 2490 est
1820 2436 2038 2500 autem,
2064 2436 2362 2502 nostrum,

279 2504 384 2581 qui
411 2505 469 2566 in
501 2507 617 2569 hac
645 2515 1005 2584 tempestate
1036 2510 1248 2586 populi
1279 2509 1571 2573 iactemur
1600 2520 1660 2573 et
1690 2510 1998 2585 fluctibus,
2034 2512 2191 2572 ferre
2220 2526 2354 2572 mo·

276 2588 415 2651 dice
442 2590 659 2667 populi
690 2593 1058 2667 voluntates,
1089 2593 1357 2655 adlicere
1383 2593 1646 2667 alienaS,
1676 2595 1937 2657 retinere
1966 2602 2192 2670 ρει-ωε,
2223 2594 2356 2669 pla—

277 2675 419 2736 care
457 2674 760 2738 turbatas:
812 2676 1082 2739 honores
1133 2677 1188 2739 si
1217 2677 1420 2753 magni
1451 2694 1573 2740 non
1607 2687 1920 2753 putemuS,
1964 2694 2085 2740 non
2119 2677 2360 2738 servire

248 2759 544 2833 ,p‘o'puloz
576 2758 671 2819 sin
703 2775 816 2822 eos
839 2769 1220 2837 expetamuS,
1248 2779 1371 2822 non
1404 2760 1719 2837 defetigari
1752 2761 2182 2837 supplicando.

398 2841 472 2902 V.
503 2840 603 2903 12.
629 2842 829 2905 Venio
858 2844 978 2904 iam
1005 2843 1084 2904 ad
1115 2842 1314 2919 ipsius
1350 2844 1563 2919 populi
1598 2853 1823 2920 parteS,
1854 2854 1921 2906 ut
1948 2845 2109 2906 illius
2142 2852 2356 2905 contra

232 2920 239 2926 ’
269 2923 339 2983 te·
381 2923 658 2985 oratione
686 2927 895 3002 potius
933 2941 1116 3002 quam
1139 2942 1277 2986 mea
1306 2925 1633 3003 disputem.
1721 2925 1846 3002 Qui‘
1883 2929 1936 2988 si
1978 2937 2177 2989 tecum
2207 2943 2358 2988 con-

276 3004 589 3079 grediatur
624 3016 690 3068 et
717 3009 769 3067 si
800 3024 921 3068 una
951 3006 1121 3084 loqui
1164 3024 1319 3070 voce
1349 3012 1576 3085 possit,
1616 3010 1772 3072 haec
1813 3010 2008 3072 dicat=
2052 3012 2181 3086 Ego
2228 3009 2355 3083 tibi,

276 3082 645 3170 Laterensis,
676 3088 985 3150 Plancium
1015 3107 1137 3152 non
1166 3093 1516 3168 anteposui,
1545 3093 1656 3155 sed
1689 3112 1873 3170 quum
1906 3093 2130 3156 essetis
2153 3109 2356 3170 aeque

273 3161 422 3230 boni
448 3168 594 3245 viri,
636 3186 835 3231 meum
880 3172 1240 3236 beneficium
1269 3177 1347 3236 ad
1378 3193 1515 3238 eum
1546 3176 1754 3253 potius
1784 3176 2002 3252 detuli,
2048 3179 2153 3254 qui
2186 3194 2221 3237 a
2251 3193 2354 3238 me

271 3252 687 3326 contenderat,
720 3270 903 3331 quam
933 3257 1009 3316 ad
1034 3272 1190 3333 eum,
1221 3258 1326 3335 qui
1351 3260 1496 3321 mihi
1520 3277 1643 3322 non
1666 3261 1846 3322 nimis
1870 3261 2176 3322 submisse
2201 3277 2351 3335 sup·

275 3335 546 3410 plicarat.
630 3338 1095 3416 Respondebis,
1131 3344 1352 3417 credo,
1388 3352 1447 3405 te
1479 3345 1814 3419 splendore
1839 3355 1903 3407 et
1930 3354 2236 3406 vetustate
2263 3346 2353 3403 l'a·

270 3417 471 3479 millae
506 3420 723 3482 fretum
754 3438 875 3483 non
904 3426 1085 3486 valde
1114 3426 1503 3489 ambiendum
1533 3435 1804 3504 putasse.
1875 3432 1957 3489 At
1986 3444 2130 3489 vero
2164 3437 2221 3488 te
2251 3426 2358 3488 ille

271 3500 350 3561 ad
401 3520 516 3563 sua
572 3502 841 3568 instituta
902 3525 1278 3587 suorumque
1336 3511 1632 3572 maiorum
1675 3513 1960 3588 exempla
2000 3508 2358 3571 revocabitae
