<?xml version="1.0" encoding="UTF-8"?>
<!DOCTYPE html PUBLIC "-//W3C//DTD XHTML 1.0 Transitional//EN"
    "http://www.w3.org/TR/xhtml1/DTD/xhtml1-transitional.dtd">
<html xmlns="http://www.w3.org/1999/xhtml" xml:lang="en" lang="en">
 <head>
  <title>
</title>
<meta http-equiv="Content-Type" content="text/html;charset=utf-8" />
  <meta name='ocr-system' content='tesseract 3.04.00' />
  <meta name='ocr-capabilities' content='ocr_page ocr_carea ocr_par ocr_line ocrx_word'/>
</head>
<body>
  <div class='ocr_page' id='page_1' title='image "./scriptaquaemans02cicegoog_0472.png"; bbox 0 0 2514 3928; ppageno 0'>
   <div class='ocr_carea' id='block_1_1' title="bbox 308 187 2416 262">
    <p class='ocr_par' dir='ltr' id='par_1_1' title="bbox 308 149 2479 262">
     <span class='ocr_line' id='line_1_1' title="bbox 308 187 2416 262; baseline -0.002 -7"><span class='ocrx_word' id='word_1_1' title='bbox 308 191 433 256; x_wconf 70' lang='lat'>410</span> <span class='ocrx_word' id='word_1_2' title='bbox 586 191 661 249; x_wconf 78' lang='lat' dir='ltr'>m</span> <span class='ocrx_word' id='word_1_3' title='bbox 690 190 771 249; x_wconf 86' lang='lat' dir='ltr'>M.</span> <span class='ocrx_word' id='word_1_4' title='bbox 801 188 1205 248; x_wconf 76' lang='lat' dir='ltr'>ANToan</span> <span class='ocrx_word' id='word_1_5' title='bbox 1228 187 1513 248; x_wconf 74' lang='grc' dir='ltr'>οιιΑΤιο</span> <span class='ocrx_word' id='word_1_6' title='bbox 1545 187 1967 262; x_wconf 64' lang='grc' dir='ltr'>ΒΗιιιΡΡιοΑ</span> <span class='ocrx_word' id='word_1_7' title='bbox 1998 189 2101 247; x_wconf 79' lang='lat' dir='ltr'>lx.</span> <span class='ocrx_word' id='word_1_8' title='bbox 2312 199 2416 251; x_wconf 76' lang='grc' dir='ltr'>ιιι</span> 
     </span>
    </p>
   </div>
   <div class='ocr_carea' id='block_1_2' title="bbox 289 332 2479 3503">
    <p class='ocr_par' dir='ltr' id='par_1_2' title="bbox 289 332 2479 3503">
     <span class='ocr_line' id='line_1_2' title="bbox 306 332 2479 414; baseline -0.002 -12"><span class='ocrx_word' id='word_1_9' title='bbox 306 341 367 402; x_wconf 87' lang='grc'>5.</span> <span class='ocrx_word' id='word_1_10' title='bbox 395 342 655 403; x_wconf 86' lang='lat' dir='ltr'>Reddita</span> <span class='ocrx_word' id='word_1_11' title='bbox 685 348 781 401; x_wconf 85' lang='lat' dir='ltr'>est</span> <span class='ocrx_word' id='word_1_12' title='bbox 809 332 865 400; x_wconf 81' lang='lat' dir='ltr'>ei</span> <span class='ocrx_word' id='word_1_13' title='bbox 895 350 1019 404; x_wconf 86' lang='lat' dir='ltr'>tum</span> <span class='ocrx_word' id='word_1_14' title='bbox 1049 357 1087 399; x_wconf 91' lang='lat' dir='ltr'>a</span> <span class='ocrx_word' id='word_1_15' title='bbox 1114 338 1446 400; x_wconf 81' lang='lat' dir='ltr'>maioribus</span> <span class='ocrx_word' id='word_1_16' title='bbox 1483 345 1681 399; x_wconf 83' lang='lat' dir='ltr'>statua</span> <span class='ocrx_word' id='word_1_17' title='bbox 1715 356 1824 414; x_wconf 81' lang='lat' dir='ltr'>pro</span> <span class='ocrx_word' id='word_1_18' title='bbox 1847 339 1997 409; x_wconf 88' lang='lat' dir='ltr'>vita,</span> <span class='ocrx_word' id='word_1_19' title='bbox 2036 356 2209 414; x_wconf 86' lang='lat' dir='ltr'>quae</span> <span class='ocrx_word' id='word_1_20' title='bbox 2245 343 2405 401; x_wconf 78' lang='lat' dir='ltr'>mui—</span> <span class='ocrx_word' id='word_1_21' title='bbox 2478 361 2479 398; x_wconf 80' lang='lat'>1</span> 
     </span>
     <span class='ocr_line' id='line_1_3' title="bbox 306 422 2406 499; baseline -0.002 -11"><span class='ocrx_word' id='word_1_22' title='bbox 306 436 404 488; x_wconf 92' lang='lat' dir='ltr'>tos</span> <span class='ocrx_word' id='word_1_23' title='bbox 431 439 541 499; x_wconf 85' lang='lat' dir='ltr'>per</span> <span class='ocrx_word' id='word_1_24' title='bbox 570 440 766 484; x_wconf 88' lang='lat' dir='ltr'>annos</span> <span class='ocrx_word' id='word_1_25' title='bbox 803 422 1155 498; x_wconf 85' lang='lat' dir='ltr'>progeniem</span> <span class='ocrx_word' id='word_1_26' title='bbox 1188 424 1322 484; x_wconf 86' lang='lat' dir='ltr'>eius</span> <span class='ocrx_word' id='word_1_27' title='bbox 1352 423 1733 495; x_wconf 70' lang='lat' dir='ltr'><strong>honestaret,</strong></span> <span class='ocrx_word' id='word_1_28' title='bbox 1767 438 1929 482; x_wconf 88' lang='lat' dir='ltr'>nunc</span> <span class='ocrx_word' id='word_1_29' title='bbox 1953 423 2033 481; x_wconf 90' lang='lat' dir='ltr'>ad</span> <span class='ocrx_word' id='word_1_30' title='bbox 2059 430 2293 491; x_wconf 69' lang='lat' dir='ltr'>tantae</span> <span class='ocrx_word' id='word_1_31' title='bbox 2321 426 2406 484; x_wconf 75' lang='lat' dir='ltr'>ra-</span> 
     </span>
     <span class='ocr_line' id='line_1_4' title="bbox 305 504 2404 581; baseline -0.001 -12"><span class='ocrx_word' id='word_1_32' title='bbox 305 507 506 569; x_wconf 87' lang='lat' dir='ltr'>miliae</span> <span class='ocrx_word' id='word_1_33' title='bbox 540 506 892 568; x_wconf 83' lang='lat' dir='ltr'>memoriam</span> <span class='ocrx_word' id='word_1_34' title='bbox 917 509 1058 567; x_wconf 84' lang='lat' dir='ltr'>sola</span> <span class='ocrx_word' id='word_1_35' title='bbox 1072 515 1348 568; x_wconf 88' lang='lat' dir='ltr'>restaret.</span> <span class='ocrx_word' id='word_1_36' title='bbox 1396 504 1587 581; x_wconf 84' lang='lat' dir='ltr'>Atqui</span> <span class='ocrx_word' id='word_1_37' title='bbox 1616 514 1677 566; x_wconf 91' lang='lat' dir='ltr'>et</span> <span class='ocrx_word' id='word_1_38' title='bbox 1705 506 1843 566; x_wconf 88' lang='lat' dir='ltr'>huic</span> <span class='ocrx_word' id='word_1_39' title='bbox 1869 514 1932 565; x_wconf 87' lang='lat' dir='ltr'>et</span> <span class='ocrx_word' id='word_1_40' title='bbox 1955 506 2136 565; x_wconf 88' lang='lat' dir='ltr'>Tullo</span> <span class='ocrx_word' id='word_1_41' title='bbox 2169 506 2404 570; x_wconf 85' lang='lat' dir='ltr'>Cluilio</span> 
     </span>
     <span class='ocr_line' id='line_1_5' title="bbox 306 587 2402 665; baseline -0 -13"><span class='ocrx_word' id='word_1_42' title='bbox 306 601 365 653; x_wconf 90' lang='lat' dir='ltr'>et</span> <span class='ocrx_word' id='word_1_43' title='bbox 402 592 469 651; x_wconf 94' lang='lat' dir='ltr'>L</span> <span class='ocrx_word' id='word_1_44' title='bbox 502 590 731 651; x_wconf 89' lang='lat' dir='ltr'>Roscio</span> <span class='ocrx_word' id='word_1_45' title='bbox 774 600 835 651; x_wconf 89' lang='lat' dir='ltr'>et</span> <span class='ocrx_word' id='word_1_46' title='bbox 876 591 983 665; x_wconf 85' lang='lat' dir='ltr'>Sp.</span> <span class='ocrx_word' id='word_1_47' title='bbox 1016 590 1204 651; x_wconf 89' lang='lat' dir='ltr'>Antio</span> <span class='ocrx_word' id='word_1_48' title='bbox 1248 600 1308 651; x_wconf 91' lang='lat' dir='ltr'>et</span> <span class='ocrx_word' id='word_1_49' title='bbox 1355 590 1417 649; x_wconf 87' lang='lat' dir='ltr'>C.</span> <span class='ocrx_word' id='word_1_50' title='bbox 1449 587 1757 661; x_wconf 89' lang='lat' dir='ltr'>Fulcini0,</span> <span class='ocrx_word' id='word_1_51' title='bbox 1816 587 1920 665; x_wconf 91' lang='lat' dir='ltr'>qui</span> <span class='ocrx_word' id='word_1_52' title='bbox 1958 605 1996 648; x_wconf 91' lang='lat' dir='ltr'>a</span> <span class='ocrx_word' id='word_1_53' title='bbox 2026 590 2402 651; x_wconf 81' lang='lat' dir='ltr'>Veientium</span> 
     </span>
     <span class='ocr_line' id='line_1_6' title="bbox 304 671 2403 750; baseline 0 -17"><span class='ocrx_word' id='word_1_54' title='bbox 304 692 450 750; x_wconf 88' lang='lat' dir='ltr'>rege</span> <span class='ocrx_word' id='word_1_55' title='bbox 481 675 645 734; x_wconf 89' lang='lat' dir='ltr'>caesi</span> <span class='ocrx_word' id='word_1_56' title='bbox 681 684 850 748; x_wconf 86' lang='lat' dir='ltr'>sunt,</span> <span class='ocrx_word' id='word_1_57' title='bbox 882 690 1004 734; x_wconf 80' lang='lat' dir='ltr'>non</span> <span class='ocrx_word' id='word_1_58' title='bbox 1035 672 1304 749; x_wconf 80' lang='lat' dir='ltr'>sanguiS‚</span> <span class='ocrx_word' id='word_1_59' title='bbox 1337 673 1440 749; x_wconf 89' lang='lat' dir='ltr'>qui</span> <span class='ocrx_word' id='word_1_60' title='bbox 1468 681 1565 733; x_wconf 89' lang='lat' dir='ltr'>est</span> <span class='ocrx_word' id='word_1_61' title='bbox 1599 673 1890 747; x_wconf 73' lang='lat' dir='ltr'>profusus</span> <span class='ocrx_word' id='word_1_62' title='bbox 1927 671 1986 731; x_wconf 87' lang='lat' dir='ltr'>in</span> <span class='ocrx_word' id='word_1_63' title='bbox 2016 683 2248 747; x_wconf 81' lang='lat' dir='ltr'>morte,</span> <span class='ocrx_word' id='word_1_64' title='bbox 2288 676 2403 735; x_wconf 88' lang='lat' dir='ltr'>sed</span> 
     </span>
     <span class='ocr_line' id='line_1_7' title="bbox 304 756 2402 834; baseline 0.001 -17"><span class='ocrx_word' id='word_1_65' title='bbox 304 758 444 834; x_wconf 86' lang='lat' dir='ltr'>ipsa</span> <span class='ocrx_word' id='word_1_66' title='bbox 490 774 656 818; x_wconf 90' lang='lat' dir='ltr'>mors</span> <span class='ocrx_word' id='word_1_67' title='bbox 700 759 780 818; x_wconf 87' lang='lat' dir='ltr'>ob</span> <span class='ocrx_word' id='word_1_68' title='bbox 813 775 942 818; x_wconf 88' lang='lat' dir='ltr'>rem</span> <span class='ocrx_word' id='word_1_69' title='bbox 984 757 1287 833; x_wconf 81' lang='lat' dir='ltr'>publicam</span> <span class='ocrx_word' id='word_1_70' title='bbox 1331 756 1511 816; x_wconf 86' lang='lat' dir='ltr'>obita</span> <span class='ocrx_word' id='word_1_71' title='bbox 1531 756 1748 816; x_wconf 84' lang='lat' dir='ltr'>honori</span> <span class='ocrx_word' id='word_1_72' title='bbox 1779 756 1909 817; x_wconf 80' lang='lat' dir='ltr'>fuit.</span> <span class='ocrx_word' id='word_1_73' title='bbox 1997 756 2100 815; x_wconf 88' lang='lat'><em>111.</em></span> <span class='ocrx_word' id='word_1_74' title='bbox 2152 758 2402 834; x_wconf 85' lang='lat' dir='ltr'>ltaque,</span> 
     </span>
     <span class='ocr_line' id='line_1_8' title="bbox 309 839 2399 919; baseline 0.001 -19"><span class='ocrx_word' id='word_1_75' title='bbox 309 851 514 917; x_wconf 83' lang='lat' dir='ltr'>patres</span> <span class='ocrx_word' id='word_1_76' title='bbox 557 841 923 919; x_wconf 83' lang='lat' dir='ltr'>conscripti,</span> <span class='ocrx_word' id='word_1_77' title='bbox 977 840 1032 901; x_wconf 89' lang='lat' dir='ltr'>si</span> <span class='ocrx_word' id='word_1_78' title='bbox 1062 840 1192 902; x_wconf 88' lang='lat' dir='ltr'>Ser.</span> <span class='ocrx_word' id='word_1_79' title='bbox 1228 839 1504 916; x_wconf 89' lang='lat' dir='ltr'>Sulpicio</span> <span class='ocrx_word' id='word_1_80' title='bbox 1549 855 1734 900; x_wconf 87' lang='lat' dir='ltr'>casus</span> <span class='ocrx_word' id='word_1_81' title='bbox 1765 848 2023 902; x_wconf 87' lang='lat' dir='ltr'>mortem</span> <span class='ocrx_word' id='word_1_82' title='bbox 2052 841 2399 912; x_wconf 70' lang='lat' dir='ltr'>attulisset,</span> 
     </span>
     <span class='ocr_line' id='line_1_9' title="bbox 303 922 2398 1018; baseline 0 -33"><span class='ocrx_word' id='word_1_83' title='bbox 303 926 576 986; x_wconf 87' lang='lat' dir='ltr'>dolerem</span> <span class='ocrx_word' id='word_1_84' title='bbox 618 923 863 1018; x_wconf 78' lang='lat' dir='ltr'>quidem</span> <span class='ocrx_word' id='word_1_85' title='bbox 911 931 1075 985; x_wconf 89' lang='lat' dir='ltr'>tanto</span> <span class='ocrx_word' id='word_1_86' title='bbox 1121 923 1209 984; x_wconf 91' lang='lat' dir='ltr'>rei</span> <span class='ocrx_word' id='word_1_87' title='bbox 1253 922 1537 999; x_wconf 88' lang='lat' dir='ltr'>publicae</span> <span class='ocrx_word' id='word_1_88' title='bbox 1581 924 1862 996; x_wconf 88' lang='lat' dir='ltr'>vulnere,</span> <span class='ocrx_word' id='word_1_89' title='bbox 1924 930 2195 984; x_wconf 88' lang='lat' dir='ltr'>mortem</span> <span class='ocrx_word' id='word_1_90' title='bbox 2243 942 2398 985; x_wconf 85' lang='lat' dir='ltr'>vero</span> 
     </span>
     <span class='ocr_line' id='line_1_10' title="bbox 301 1004 2396 1084; baseline 0 -16"><span class='ocrx_word' id='word_1_91' title='bbox 301 1008 437 1068; x_wconf 88' lang='lat' dir='ltr'>eius</span> <span class='ocrx_word' id='word_1_92' title='bbox 473 1023 593 1066; x_wconf 88' lang='lat' dir='ltr'>non</span> <span class='ocrx_word' id='word_1_93' title='bbox 647 1006 1052 1078; x_wconf 76' lang='lat' dir='ltr'>monimenta,</span> <span class='ocrx_word' id='word_1_94' title='bbox 1090 1008 1203 1074; x_wconf 88' lang='lat' dir='ltr'>sed</span> <span class='ocrx_word' id='word_1_95' title='bbox 1240 1009 1409 1068; x_wconf 84' lang='lat' dir='ltr'>luctu</span> <span class='ocrx_word' id='word_1_96' title='bbox 1443 1004 1689 1081; x_wconf 86' lang='lat' dir='ltr'>publico</span> <span class='ocrx_word' id='word_1_97' title='bbox 1716 1024 1865 1067; x_wconf 82' lang='lat' dir='ltr'>esse</span> <span class='ocrx_word' id='word_1_98' title='bbox 1897 1008 2256 1068; x_wconf 85' lang='lat' dir='ltr'>ornandam</span> <span class='ocrx_word' id='word_1_99' title='bbox 2287 1026 2396 1084; x_wconf 85' lang='lat' dir='ltr'>pu·</span> 
     </span>
     <span class='ocr_line' id='line_1_11' title="bbox 301 1086 2400 1165; baseline 0.001 -14"><span class='ocrx_word' id='word_1_100' title='bbox 301 1101 511 1151; x_wconf 86' lang='lat' dir='ltr'>tarem.</span> <span class='ocrx_word' id='word_1_101' title='bbox 598 1090 769 1149; x_wconf 88' lang='lat' dir='ltr'>Nunc</span> <span class='ocrx_word' id='word_1_102' title='bbox 792 1086 1010 1151; x_wconf 87' lang='lat' dir='ltr'>&#39;autem</span> <span class='ocrx_word' id='word_1_103' title='bbox 1068 1089 1207 1165; x_wconf 88' lang='lat' dir='ltr'>quis</span> <span class='ocrx_word' id='word_1_104' title='bbox 1250 1089 1484 1150; x_wconf 87' lang='lat' dir='ltr'>dubitat</span> <span class='ocrx_word' id='word_1_105' title='bbox 1526 1090 1667 1164; x_wconf 86' lang='lat' dir='ltr'>quin</span> <span class='ocrx_word' id='word_1_106' title='bbox 1718 1089 1773 1149; x_wconf 93' lang='lat' dir='ltr'>ei</span> <span class='ocrx_word' id='word_1_107' title='bbox 1825 1090 2005 1152; x_wconf 87' lang='lat' dir='ltr'>vitam</span> <span class='ocrx_word' id='word_1_108' title='bbox 2056 1091 2400 1153; x_wconf 79' lang='lat' dir='ltr'>abstulerit</span> 
     </span>
     <span class='ocr_line' id='line_1_12' title="bbox 303 1171 2394 1249; baseline 0.002 -17"><span class='ocrx_word' id='word_1_109' title='bbox 303 1174 440 1249; x_wconf 86' lang='lat' dir='ltr'>ipsa</span> <span class='ocrx_word' id='word_1_110' title='bbox 471 1173 734 1248; x_wconf 70' lang='lat' dir='ltr'>legatio?</span> <span class='ocrx_word' id='word_1_111' title='bbox 800 1172 1021 1232; x_wconf 84' lang='lat' dir='ltr'>Secum</span> <span class='ocrx_word' id='word_1_112' title='bbox 1054 1173 1212 1233; x_wconf 88' lang='lat' dir='ltr'>enim</span> <span class='ocrx_word' id='word_1_113' title='bbox 1244 1174 1344 1233; x_wconf 88' lang='lat' dir='ltr'>ille</span> <span class='ocrx_word' id='word_1_114' title='bbox 1376 1182 1627 1238; x_wconf 87' lang='lat' dir='ltr'>mortem</span> <span class='ocrx_word' id='word_1_115' title='bbox 1662 1171 1901 1234; x_wconf 76' lang='lat' dir='ltr'>extulit:</span> <span class='ocrx_word' id='word_1_116' title='bbox 1932 1190 2162 1248; x_wconf 82' lang='lat' dir='ltr'>quam,</span> <span class='ocrx_word' id='word_1_117' title='bbox 2197 1177 2256 1236; x_wconf 83' lang='lat' dir='ltr'>si</span> <span class='ocrx_word' id='word_1_118' title='bbox 2287 1192 2394 1237; x_wconf 88' lang='lat' dir='ltr'>no—</span> 
     </span>
     <span class='ocr_line' id='line_1_13' title="bbox 303 1256 2393 1334; baseline 0.001 -17"><span class='ocrx_word' id='word_1_119' title='bbox 303 1258 539 1317; x_wconf 87' lang='lat' dir='ltr'>biscum</span> <span class='ocrx_word' id='word_1_120' title='bbox 580 1256 1009 1328; x_wconf 81' lang='lat' dir='ltr'>remansisset,</span> <span class='ocrx_word' id='word_1_121' title='bbox 1053 1273 1167 1317; x_wconf 86' lang='lat' dir='ltr'>sua</span> <span class='ocrx_word' id='word_1_122' title='bbox 1207 1273 1381 1328; x_wconf 89' lang='lat' dir='ltr'>cura,</span> <span class='ocrx_word' id='word_1_123' title='bbox 1438 1256 1650 1331; x_wconf 82' lang='lat' dir='ltr'>optimi</span> <span class='ocrx_word' id='word_1_124' title='bbox 1696 1256 1801 1317; x_wconf 89' lang='lat' dir='ltr'>filii</span> <span class='ocrx_word' id='word_1_125' title='bbox 1845 1256 2393 1334; x_wconf 83' lang='lat' dir='ltr'>fidelissimaeque</span> 
     </span>
     <span class='ocr_line' id='line_1_14' title="bbox 299 1339 2394 1416; baseline 0.002 -16"><span class='ocrx_word' id='word_1_126' title='bbox 299 1339 581 1416; x_wconf 80' lang='lat' dir='ltr'>coniugis</span> <span class='ocrx_word' id='word_1_127' title='bbox 612 1339 924 1414; x_wconf 76' lang='lat' dir='ltr'>diligentia</span> <span class='ocrx_word' id='word_1_128' title='bbox 952 1339 1142 1401; x_wconf 90' lang='lat' dir='ltr'>vitare</span> <span class='ocrx_word' id='word_1_129' title='bbox 1174 1341 1494 1415; x_wconf 89' lang='lat' dir='ltr'>potuisset.</span> <span class='ocrx_word' id='word_1_130' title='bbox 1567 1340 1625 1402; x_wconf 87' lang='lat'>6.</span> <span class='ocrx_word' id='word_1_131' title='bbox 1654 1343 1735 1400; x_wconf 88' lang='lat' dir='ltr'>At</span> <span class='ocrx_word' id='word_1_132' title='bbox 1763 1339 1864 1400; x_wconf 91' lang='lat' dir='ltr'>ille</span> <span class='ocrx_word' id='word_1_133' title='bbox 1893 1358 2087 1415; x_wconf 83' lang='lat' dir='ltr'>quum</span> <span class='ocrx_word' id='word_1_134' title='bbox 2124 1344 2394 1414; x_wconf 85' lang='lat' dir='ltr'>videret,</span> 
     </span>
     <span class='ocr_line' id='line_1_15' title="bbox 303 1420 2391 1499; baseline 0.001 -16"><span class='ocrx_word' id='word_1_135' title='bbox 303 1424 356 1483; x_wconf 91' lang='lat' dir='ltr'>si</span> <span class='ocrx_word' id='word_1_136' title='bbox 391 1434 632 1485; x_wconf 77' lang='lat' dir='ltr'>vestrae</span> <span class='ocrx_word' id='word_1_137' title='bbox 673 1424 1014 1485; x_wconf 79' lang='lat' dir='ltr'>auctoritati</span> <span class='ocrx_word' id='word_1_138' title='bbox 1050 1440 1170 1484; x_wconf 91' lang='lat' dir='ltr'>non</span> <span class='ocrx_word' id='word_1_139' title='bbox 1217 1422 1538 1499; x_wconf 86' lang='lat' dir='ltr'>paruisset,</span> <span class='ocrx_word' id='word_1_140' title='bbox 1564 1493 1579 1499; x_wconf 48' lang='grc'><strong>,</strong></span> <span class='ocrx_word' id='word_1_141' title='bbox 1602 1420 1960 1488; x_wconf 84' lang='lat' dir='ltr'>dissimilem</span> <span class='ocrx_word' id='word_1_142' title='bbox 1999 1441 2074 1483; x_wconf 89' lang='lat' dir='ltr'>se</span> <span class='ocrx_word' id='word_1_143' title='bbox 2109 1426 2391 1488; x_wconf 74' lang='lat' dir='ltr'>futurum</span> 
     </span>
     <span class='ocr_line' id='line_1_16' title="bbox 301 1506 2390 1582; baseline 0.003 -16"><span class='ocrx_word' id='word_1_144' title='bbox 301 1509 429 1568; x_wconf 81' lang='lat' dir='ltr'>sui:</span> <span class='ocrx_word' id='word_1_145' title='bbox 483 1508 577 1568; x_wconf 91' lang='lat' dir='ltr'>sin</span> <span class='ocrx_word' id='word_1_146' title='bbox 624 1507 959 1582; x_wconf 84' lang='lat' dir='ltr'>paruisset,</span> <span class='ocrx_word' id='word_1_147' title='bbox 1010 1524 1231 1568; x_wconf 86' lang='lat' dir='ltr'>munus</span> <span class='ocrx_word' id='word_1_148' title='bbox 1269 1506 1393 1566; x_wconf 24' lang='lat' dir='ltr'>sibi?</span> <span class='ocrx_word' id='word_1_149' title='bbox 1426 1507 1572 1567; x_wconf 92' lang='lat' dir='ltr'>illud</span> <span class='ocrx_word' id='word_1_150' title='bbox 1620 1523 1732 1580; x_wconf 83' lang='lat' dir='ltr'>pro</span> <span class='ocrx_word' id='word_1_151' title='bbox 1774 1507 2131 1581; x_wconf 80' lang='lat' dir='ltr'>republica</span> <span class='ocrx_word' id='word_1_152' title='bbox 2167 1527 2390 1571; x_wconf 88' lang='lat' dir='ltr'>susce-</span> 
     </span>
     <span class='ocr_line' id='line_1_17' title="bbox 304 1589 2391 1666; baseline 0.002 -15"><span class='ocrx_word' id='word_1_153' title='bbox 304 1601 472 1666; x_wconf 85' lang='lat' dir='ltr'>ptum</span> <span class='ocrx_word' id='word_1_154' title='bbox 504 1590 661 1652; x_wconf 84' lang='lat' dir='ltr'>vitae</span> <span class='ocrx_word' id='word_1_155' title='bbox 689 1592 871 1651; x_wconf 87' lang='lat' dir='ltr'>finem</span> <span class='ocrx_word' id='word_1_156' title='bbox 904 1592 1062 1664; x_wconf 82' lang='lat' dir='ltr'>fore,</span> <span class='ocrx_word' id='word_1_157' title='bbox 1108 1592 1314 1652; x_wconf 83' lang='lat' dir='ltr'>maluit</span> <span class='ocrx_word' id='word_1_158' title='bbox 1339 1589 1401 1651; x_wconf 92' lang='lat' dir='ltr'>in</span> <span class='ocrx_word' id='word_1_159' title='bbox 1433 1590 1695 1650; x_wconf 88' lang='lat' dir='ltr'>maximo</span> <span class='ocrx_word' id='word_1_160' title='bbox 1726 1590 1810 1650; x_wconf 89' lang='lat' dir='ltr'>rei</span> <span class='ocrx_word' id='word_1_161' title='bbox 1844 1589 2132 1664; x_wconf 77' lang='lat' dir='ltr'>publicae</span> <span class='ocrx_word' id='word_1_162' title='bbox 2169 1593 2391 1654; x_wconf 84' lang='lat' dir='ltr'>discri-</span> 
     </span>
     <span class='ocr_line' id='line_1_18' title="bbox 300 1673 2390 1749; baseline 0.002 -15"><span class='ocrx_word' id='word_1_163' title='bbox 300 1674 461 1735; x_wconf 89' lang='lat' dir='ltr'>mine</span> <span class='ocrx_word' id='word_1_164' title='bbox 489 1675 677 1736; x_wconf 87' lang='lat' dir='ltr'>emori</span> <span class='ocrx_word' id='word_1_165' title='bbox 716 1691 904 1749; x_wconf 78' lang='lat' dir='ltr'>quam.</span> <span class='ocrx_word' id='word_1_166' title='bbox 927 1673 1125 1738; x_wconf 88' lang='lat' dir='ltr'>minus</span> <span class='ocrx_word' id='word_1_167' title='bbox 1159 1692 1340 1749; x_wconf 81' lang='lat' dir='ltr'>quam</span> <span class='ocrx_word' id='word_1_168' title='bbox 1379 1675 1680 1749; x_wconf 85' lang='lat' dir='ltr'>potuisset</span> <span class='ocrx_word' id='word_1_169' title='bbox 1719 1673 1911 1733; x_wconf 88' lang='lat' dir='ltr'>videri</span> <span class='ocrx_word' id='word_1_170' title='bbox 1956 1675 2047 1733; x_wconf 86' lang='lat' dir='ltr'>rei</span> <span class='ocrx_word' id='word_1_171' title='bbox 2093 1677 2390 1749; x_wconf 84' lang='lat' dir='ltr'>publicae</span> 
     </span>
     <span class='ocr_line' id='line_1_19' title="bbox 303 1757 2386 1833; baseline 0.001 -16"><span class='ocrx_word' id='word_1_172' title='bbox 303 1758 629 1833; x_wconf 79' lang='lat' dir='ltr'>profuisse.</span> <span class='ocrx_word' id='word_1_173' title='bbox 718 1757 921 1818; x_wconf 90' lang='lat' dir='ltr'>Multis</span> <span class='ocrx_word' id='word_1_174' title='bbox 966 1758 1049 1818; x_wconf 90' lang='lat' dir='ltr'>illi</span> <span class='ocrx_word' id='word_1_175' title='bbox 1093 1758 1152 1818; x_wconf 95' lang='lat' dir='ltr'>in</span> <span class='ocrx_word' id='word_1_176' title='bbox 1188 1758 1474 1831; x_wconf 84' lang='lat' dir='ltr'>urbibuS‚</span> <span class='ocrx_word' id='word_1_177' title='bbox 1531 1758 1643 1817; x_wconf 90' lang='lat' dir='ltr'>iter</span> <span class='ocrx_word' id='word_1_178' title='bbox 1673 1773 1794 1831; x_wconf 90' lang='lat' dir='ltr'>qua</span> <span class='ocrx_word' id='word_1_179' title='bbox 1827 1757 2123 1831; x_wconf 79' lang='lat' dir='ltr'>faciebat,</span> <span class='ocrx_word' id='word_1_180' title='bbox 2184 1761 2386 1821; x_wconf 82' lang='lat' dir='ltr'>refici-</span> 
     </span>
     <span class='ocr_line' id='line_1_20' title="bbox 299 1840 2384 1916; baseline 0.001 -14"><span class='ocrx_word' id='word_1_181' title='bbox 299 1841 444 1902; x_wconf 89' lang='lat' dir='ltr'>endi</span> <span class='ocrx_word' id='word_1_182' title='bbox 474 1858 542 1901; x_wconf 88' lang='lat' dir='ltr'>se</span> <span class='ocrx_word' id='word_1_183' title='bbox 573 1850 632 1900; x_wconf 89' lang='lat' dir='ltr'>et</span> <span class='ocrx_word' id='word_1_184' title='bbox 673 1841 923 1901; x_wconf 90' lang='lat' dir='ltr'>curandi</span> <span class='ocrx_word' id='word_1_185' title='bbox 951 1851 1232 1916; x_wconf 63' lang='lat' dir='ltr'>,potestas</span> <span class='ocrx_word' id='word_1_186' title='bbox 1269 1841 1395 1902; x_wconf 83' lang='lat' dir='ltr'>suit.</span> <span class='ocrx_word' id='word_1_187' title='bbox 1460 1842 1689 1901; x_wconf 80' lang='lat' dir='ltr'>Aderat</span> <span class='ocrx_word' id='word_1_188' title='bbox 1719 1848 1779 1900; x_wconf 90' lang='lat' dir='ltr'>et</span> <span class='ocrx_word' id='word_1_189' title='bbox 1810 1840 2126 1915; x_wconf 83' lang='lat' dir='ltr'>hospitum</span> <span class='ocrx_word' id='word_1_190' title='bbox 2163 1842 2384 1904; x_wconf 87' lang='lat' dir='ltr'>invita·</span> 
     </span>
     <span class='ocr_line' id='line_1_21' title="bbox 297 1923 2383 2007; baseline 0.001 -21"><span class='ocrx_word' id='word_1_191' title='bbox 297 1923 382 1987; x_wconf 85' lang='lat' dir='ltr'>tio</span> <span class='ocrx_word' id='word_1_192' title='bbox 417 1924 824 2007; x_wconf 21' lang='lat' dir='ltr'>libfleralisvpro</span> <span class='ocrx_word' id='word_1_193' title='bbox 856 1927 1145 2001; x_wconf 80' lang='lat' dir='ltr'>dignitate</span> <span class='ocrx_word' id='word_1_194' title='bbox 1176 1925 1396 1989; x_wconf 86' lang='lat' dir='ltr'>summi</span> <span class='ocrx_word' id='word_1_195' title='bbox 1425 1923 1540 1985; x_wconf 81' lang='lat' dir='ltr'>viri</span> <span class='ocrx_word' id='word_1_196' title='bbox 1579 1933 1641 1985; x_wconf 87' lang='lat' dir='ltr'>et</span> <span class='ocrx_word' id='word_1_197' title='bbox 1673 1940 1882 1984; x_wconf 88' lang='lat' dir='ltr'>eorum</span> <span class='ocrx_word' id='word_1_198' title='bbox 1920 1923 2234 2000; x_wconf 79' lang='lat' dir='ltr'>hortatio,</span> <span class='ocrx_word' id='word_1_199' title='bbox 2286 1928 2383 2003; x_wconf 84' lang='lat' dir='ltr'>qui</span> 
     </span>
     <span class='ocr_line' id='line_1_22' title="bbox 307 2007 2379 2085; baseline 0.001 -15"><span class='ocrx_word' id='word_1_200' title='bbox 307 2027 424 2070; x_wconf 81' lang='lat' dir='ltr'>una</span> <span class='ocrx_word' id='word_1_201' title='bbox 455 2016 629 2069; x_wconf 89' lang='lat' dir='ltr'>erant</span> <span class='ocrx_word' id='word_1_202' title='bbox 655 2007 856 2084; x_wconf 86' lang='lat' dir='ltr'>missi,</span> <span class='ocrx_word' id='word_1_203' title='bbox 906 2010 983 2070; x_wconf 89' lang='lat' dir='ltr'>ad</span> <span class='ocrx_word' id='word_1_204' title='bbox 1023 2009 1537 2085; x_wconf 86' lang='lat' dir='ltr'>requiescendum</span> <span class='ocrx_word' id='word_1_205' title='bbox 1569 2017 1630 2069; x_wconf 87' lang='lat' dir='ltr'>et</span> <span class='ocrx_word' id='word_1_206' title='bbox 1664 2007 1825 2067; x_wconf 88' lang='lat' dir='ltr'>vitae</span> <span class='ocrx_word' id='word_1_207' title='bbox 1853 2022 2004 2068; x_wconf 86' lang='lat' dir='ltr'>suae</span> <span class='ocrx_word' id='word_1_208' title='bbox 2034 2011 2379 2072; x_wconf 81' lang='lat' dir='ltr'>consulen-</span> 
     </span>
     <span class='ocr_line' id='line_1_23' title="bbox 302 2091 2379 2169; baseline 0.001 -16"><span class='ocrx_word' id='word_1_209' title='bbox 302 2093 462 2153; x_wconf 89' lang='lat' dir='ltr'>dum.</span> <span class='ocrx_word' id='word_1_210' title='bbox 549 2094 632 2153; x_wconf 88' lang='lat' dir='ltr'>At</span> <span class='ocrx_word' id='word_1_211' title='bbox 673 2092 772 2153; x_wconf 89' lang='lat' dir='ltr'>ille</span> <span class='ocrx_word' id='word_1_212' title='bbox 810 2109 1180 2169; x_wconf 84' lang='lat' dir='ltr'>properans,</span> <span class='ocrx_word' id='word_1_213' title='bbox 1231 2091 1559 2164; x_wconf 73' lang='lat' dir='ltr'>festinanS,</span> <span class='ocrx_word' id='word_1_214' title='bbox 1616 2092 1898 2163; x_wconf 80' lang='lat' dir='ltr'>mandata</span> <span class='ocrx_word' id='word_1_215' title='bbox 1939 2101 2149 2154; x_wconf 86' lang='lat' dir='ltr'>vestra</span> <span class='ocrx_word' id='word_1_216' title='bbox 2187 2097 2379 2155; x_wconf 85' lang='lat' dir='ltr'>confi·</span> 
     </span>
     <span class='ocr_line' id='line_1_24' title="bbox 296 2175 2356 2251; baseline 0.001 -15"><span class='ocrx_word' id='word_1_217' title='bbox 296 2192 440 2236; x_wconf 84' lang='lat' dir='ltr'>cere</span> <span class='ocrx_word' id='word_1_218' title='bbox 485 2175 772 2250; x_wconf 77' lang='lat' dir='ltr'>cupiens„</span> <span class='ocrx_word' id='word_1_219' title='bbox 817 2177 880 2236; x_wconf 91' lang='lat' dir='ltr'>in</span> <span class='ocrx_word' id='word_1_220' title='bbox 920 2176 1035 2237; x_wconf 89' lang='lat' dir='ltr'>hac</span> <span class='ocrx_word' id='word_1_221' title='bbox 1063 2175 1405 2237; x_wconf 81' lang='lat' dir='ltr'>constantia</span> <span class='ocrx_word' id='word_1_222' title='bbox 1424 2176 1645 2236; x_wconf 82' lang='lat' dir='ltr'>morbo</span> <span class='ocrx_word' id='word_1_223' title='bbox 1676 2176 2044 2236; x_wconf 86' lang='lat' dir='ltr'>adversante</span> <span class='ocrx_word' id='word_1_224' title='bbox 2081 2193 2356 2251; x_wconf 78' lang='lat' dir='ltr'>perseye</span> 
     </span>
     <span class='ocr_line' id='line_1_25' title="bbox 297 2256 2379 2334; baseline 0.002 -18"><span class='ocrx_word' id='word_1_225' title='bbox 297 2257 469 2319; x_wconf 87' lang='lat' dir='ltr'>ravit.</span> <span class='ocrx_word' id='word_1_226' title='bbox 572 2256 630 2319; x_wconf 92' lang='grc'>7.</span> <span class='ocrx_word' id='word_1_227' title='bbox 690 2257 871 2319; x_wconf 89' lang='lat' dir='ltr'>Cuius</span> <span class='ocrx_word' id='word_1_228' title='bbox 918 2276 1103 2334; x_wconf 86' lang='lat' dir='ltr'>quum</span> <span class='ocrx_word' id='word_1_229' title='bbox 1152 2260 1420 2320; x_wconf 88' lang='lat' dir='ltr'>adventu</span> <span class='ocrx_word' id='word_1_230' title='bbox 1463 2259 1722 2318; x_wconf 84' lang='lat' dir='ltr'>maxime</span> <span class='ocrx_word' id='word_1_231' title='bbox 1765 2259 2157 2333; x_wconf 82' lang='lat' dir='ltr'>perturbatus</span> <span class='ocrx_word' id='word_1_232' title='bbox 2207 2270 2379 2323; x_wconf 68' lang='lat' dir='ltr'>oeset</span> 
     </span>
     <span class='ocr_line' id='line_1_26' title="bbox 297 2340 2475 2418; baseline 0.003 -18"><span class='ocrx_word' id='word_1_233' title='bbox 297 2340 626 2412; x_wconf 79' lang='lat' dir='ltr'>AntoniuS,</span> <span class='ocrx_word' id='word_1_234' title='bbox 681 2342 848 2416; x_wconf 86' lang='lat' dir='ltr'>quod</span> <span class='ocrx_word' id='word_1_235' title='bbox 881 2359 986 2417; x_wconf 91' lang='lat' dir='ltr'>ea,</span> <span class='ocrx_word' id='word_1_236' title='bbox 1038 2360 1197 2418; x_wconf 84' lang='lat' dir='ltr'>quae</span> <span class='ocrx_word' id='word_1_237' title='bbox 1228 2342 1347 2404; x_wconf 86' lang='lat' dir='ltr'>sibi</span> <span class='ocrx_word' id='word_1_238' title='bbox 1381 2342 1553 2407; x_wconf 84' lang='lat' dir='ltr'>iussu</span> <span class='ocrx_word' id='word_1_239' title='bbox 1586 2349 1790 2403; x_wconf 83' lang='lat' dir='ltr'>vestro</span> <span class='ocrx_word' id='word_1_240' title='bbox 1841 2342 2374 2414; x_wconf 80' lang='lat' dir='ltr'>denuntiarentur,</span> <span class='ocrx_word' id='word_1_241' title='bbox 2474 2382 2475 2391; x_wconf 30' lang='grc' dir='ltr'>ι</span> 
     </span>
     <span class='ocr_line' id='line_1_27' title="bbox 296 2422 2371 2501; baseline 0.001 -16"><span class='ocrx_word' id='word_1_242' title='bbox 296 2422 653 2485; x_wconf 87' lang='lat' dir='ltr'>auctoritate</span> <span class='ocrx_word' id='word_1_243' title='bbox 694 2434 866 2486; x_wconf 88' lang='lat' dir='ltr'>erant</span> <span class='ocrx_word' id='word_1_244' title='bbox 913 2435 973 2487; x_wconf 91' lang='lat' dir='ltr'>et</span> <span class='ocrx_word' id='word_1_245' title='bbox 1016 2426 1317 2488; x_wconf 86' lang='lat' dir='ltr'>sententia</span> <span class='ocrx_word' id='word_1_246' title='bbox 1357 2427 1489 2487; x_wconf 86' lang='lat' dir='ltr'>Ser.</span> <span class='ocrx_word' id='word_1_247' title='bbox 1537 2424 1789 2501; x_wconf 83' lang='lat' dir='ltr'>Sulpicii</span> <span class='ocrx_word' id='word_1_248' title='bbox 1833 2426 2207 2499; x_wconf 86' lang='lat' dir='ltr'>constituta,</span> <span class='ocrx_word' id='word_1_249' title='bbox 2271 2429 2371 2488; x_wconf 85' lang='lat' dir='ltr'>de·</span> 
     </span>
     <span class='ocr_line' id='line_1_28' title="bbox 292 2507 2371 2585; baseline 0 -16"><span class='ocrx_word' id='word_1_250' title='bbox 292 2507 549 2569; x_wconf 87' lang='lat' dir='ltr'>claravit</span> <span class='ocrx_word' id='word_1_251' title='bbox 579 2526 761 2583; x_wconf 88' lang='lat' dir='ltr'>quam</span> <span class='ocrx_word' id='word_1_252' title='bbox 794 2509 1030 2571; x_wconf 88' lang='lat' dir='ltr'>odisset</span> <span class='ocrx_word' id='word_1_253' title='bbox 1062 2519 1342 2584; x_wconf 78' lang='lat' dir='ltr'>senatum</span> <span class='ocrx_word' id='word_1_254' title='bbox 1362 2557 1378 2584; x_wconf 94' lang='lat'>,</span> <span class='ocrx_word' id='word_1_255' title='bbox 1412 2525 1596 2585; x_wconf 88' lang='lat' dir='ltr'>quum</span> <span class='ocrx_word' id='word_1_256' title='bbox 1627 2518 1939 2583; x_wconf 83' lang='lat' dir='ltr'>auctorem</span> <span class='ocrx_word' id='word_1_257' title='bbox 1971 2518 2238 2571; x_wconf 87' lang='lat' dir='ltr'>senatus</span> <span class='ocrx_word' id='word_1_258' title='bbox 2272 2529 2371 2572; x_wconf 81' lang='lat' dir='ltr'>ex·</span> 
     </span>
     <span class='ocr_line' id='line_1_29' title="bbox 294 2590 2371 2668; baseline -0 -14"><span class='ocrx_word' id='word_1_259' title='bbox 294 2590 580 2654; x_wconf 85' lang='lat' dir='ltr'>stinctum</span> <span class='ocrx_word' id='word_1_260' title='bbox 619 2593 779 2654; x_wconf 87' lang='lat' dir='ltr'>laete</span> <span class='ocrx_word' id='word_1_261' title='bbox 817 2602 1002 2668; x_wconf 85' lang='lat' dir='ltr'>atque</span> <span class='ocrx_word' id='word_1_262' title='bbox 1041 2595 1375 2654; x_wconf 82' lang='lat' dir='ltr'>insolenter</span> <span class='ocrx_word' id='word_1_263' title='bbox 1416 2594 1562 2655; x_wconf 85' lang='lat' dir='ltr'>tulit.</span> <span class='ocrx_word' id='word_1_264' title='bbox 1648 2593 1781 2653; x_wconf 81' lang='lat' dir='ltr'>Non</span> <span class='ocrx_word' id='word_1_265' title='bbox 1810 2591 1998 2666; x_wconf 80' lang='lat' dir='ltr'>igitur</span> <span class='ocrx_word' id='word_1_266' title='bbox 2026 2592 2230 2668; x_wconf 76' lang='lat' dir='ltr'>magis</span> <span class='ocrx_word' id='word_1_267' title='bbox 2266 2595 2371 2653; x_wconf 85' lang='lat' dir='ltr'>Le-</span> 
     </span>
     <span class='ocr_line' id='line_1_30' title="bbox 294 2675 2371 2751; baseline 0.001 -15"><span class='ocrx_word' id='word_1_268' title='bbox 294 2675 496 2751; x_wconf 79' lang='lat' dir='ltr'>ptines</span> <span class='ocrx_word' id='word_1_269' title='bbox 534 2675 847 2738; x_wconf 89' lang='lat' dir='ltr'>Octavium</span> <span class='ocrx_word' id='word_1_270' title='bbox 880 2694 994 2738; x_wconf 88' lang='lat' dir='ltr'>nec</span> <span class='ocrx_word' id='word_1_271' title='bbox 1023 2677 1368 2738; x_wconf 89' lang='lat' dir='ltr'>Veientium</span> <span class='ocrx_word' id='word_1_272' title='bbox 1401 2693 1512 2737; x_wconf 84' lang='lat' dir='ltr'>rex</span> <span class='ocrx_word' id='word_1_273' title='bbox 1546 2692 1689 2750; x_wconf 83' lang='lat' dir='ltr'>eos,</span> <span class='ocrx_word' id='word_1_274' title='bbox 1742 2691 1911 2751; x_wconf 76' lang='lat' dir='ltr'>quos-</span> <span class='ocrx_word' id='word_1_275' title='bbox 1948 2678 2138 2739; x_wconf 85' lang='lat' dir='ltr'>modo</span> <span class='ocrx_word' id='word_1_276' title='bbox 2172 2677 2371 2738; x_wconf 50' lang='lat' dir='ltr'>nomi*</span> 
     </span>
     <span class='ocr_line' id='line_1_31' title="bbox 293 2757 2368 2836; baseline 0.001 -18"><span class='ocrx_word' id='word_1_277' title='bbox 293 2761 462 2832; x_wconf 85' lang='lat' dir='ltr'>navi,</span> <span class='ocrx_word' id='word_1_278' title='bbox 511 2777 704 2835; x_wconf 80' lang='lat' dir='ltr'>quam.</span> <span class='ocrx_word' id='word_1_279' title='bbox 735 2759 867 2821; x_wconf 87' lang='lat' dir='ltr'>Ser.</span> <span class='ocrx_word' id='word_1_280' title='bbox 897 2759 1232 2836; x_wconf 74' lang='lat' dir='ltr'>Sulpicium</span> <span class='ocrx_word' id='word_1_281' title='bbox 1271 2758 1494 2822; x_wconf 90' lang='lat' dir='ltr'>occidit</span> <span class='ocrx_word' id='word_1_282' title='bbox 1520 2757 1845 2823; x_wconf 67' lang='lat' dir='ltr'>Antonius.</span> <span class='ocrx_word' id='word_1_283' title='bbox 1935 2761 1991 2819; x_wconf 93' lang='lat' dir='ltr'>ls</span> <span class='ocrx_word' id='word_1_284' title='bbox 2023 2760 2189 2819; x_wconf 81' lang='lat' dir='ltr'>enim</span> <span class='ocrx_word' id='word_1_285' title='bbox 2227 2776 2368 2835; x_wconf 81' lang='lat' dir='ltr'>pro-</span> 
     </span>
     <span class='ocr_line' id='line_1_32' title="bbox 293 2841 2479 2923; baseline 0.002 -24"><span class='ocrx_word' id='word_1_286' title='bbox 293 2843 454 2904; x_wconf 72' lang='lat' dir='ltr'>fecto</span> <span class='ocrx_word' id='word_1_287' title='bbox 486 2853 741 2906; x_wconf 86' lang='lat' dir='ltr'>mortem</span> <span class='ocrx_word' id='word_1_288' title='bbox 769 2844 994 2918; x_wconf 91' lang='lat' dir='ltr'>attulit,</span> <span class='ocrx_word' id='word_1_289' title='bbox 1040 2843 1152 2918; x_wconf 84' lang='lat' dir='ltr'>qui</span> <span class='ocrx_word' id='word_1_290' title='bbox 1175 2861 1365 2905; x_wconf 86' lang='lat' dir='ltr'>causa</span> <span class='ocrx_word' id='word_1_291' title='bbox 1394 2843 1605 2903; x_wconf 90' lang='lat' dir='ltr'>mortis</span> <span class='ocrx_word' id='word_1_292' title='bbox 1636 2842 1761 2903; x_wconf 85' lang='lat' dir='ltr'>l&#39;ui-t.</span> <span class='ocrx_word' id='word_1_293' title='bbox 1852 2841 2152 2915; x_wconf 79' lang='lat' dir='ltr'>Quocirca</span> <span class='ocrx_word' id='word_1_294' title='bbox 2180 2842 2367 2903; x_wconf 81' lang='lat' dir='ltr'>etiam</span> <span class='ocrx_word' id='word_1_295' title='bbox 2478 2902 2479 2923; x_wconf 21' lang='grc' dir='ltr'><strong>ἶ</strong></span> 
     </span>
     <span class='ocr_line' id='line_1_33' title="bbox 290 2924 2366 3003; baseline 0.002 -20"><span class='ocrx_word' id='word_1_296' title='bbox 290 2924 371 2983; x_wconf 87' lang='lat' dir='ltr'>ad</span> <span class='ocrx_word' id='word_1_297' title='bbox 426 2926 796 2999; x_wconf 61' lang='lat' dir='ltr'>posteritatis</span> <span class='ocrx_word' id='word_1_298' title='bbox 845 2927 1198 2989; x_wconf 88' lang='lat' dir='ltr'>memoriam</span> <span class='ocrx_word' id='word_1_299' title='bbox 1241 2925 1546 3003; x_wconf 85' lang='lat' dir='ltr'>pertinere</span> <span class='ocrx_word' id='word_1_300' title='bbox 1585 2924 1844 2986; x_wconf 70' lang='lat' dir='ltr'>arbitror</span> <span class='ocrx_word' id='word_1_301' title='bbox 1895 2933 2149 2985; x_wconf 57' lang='lat' dir='ltr'>exstane»</span> <span class='ocrx_word' id='word_1_302' title='bbox 2194 2925 2366 3001; x_wconf 83' lang='lat' dir='ltr'>quod</span> 
     </span>
     <span class='ocr_line' id='line_1_34' title="bbox 294 3005 2365 3084; baseline 0.003 -19"><span class='ocrx_word' id='word_1_303' title='bbox 294 3007 474 3067; x_wconf 75' lang='lat' dir='ltr'>fuerit</span> <span class='ocrx_word' id='word_1_304' title='bbox 501 3009 582 3068; x_wconf 86' lang='lat' dir='ltr'>de</span> <span class='ocrx_word' id='word_1_305' title='bbox 605 3011 728 3069; x_wconf 83' lang='lat' dir='ltr'>hoe</span> <span class='ocrx_word' id='word_1_306' title='bbox 755 3011 918 3071; x_wconf 87' lang='lat' dir='ltr'>bello</span> <span class='ocrx_word' id='word_1_307' title='bbox 959 3010 1246 3072; x_wconf 87' lang='lat' dir='ltr'>iudicium</span> <span class='ocrx_word' id='word_1_308' title='bbox 1278 3018 1549 3071; x_wconf 82' lang='lat' dir='ltr'>senatus.</span> <span class='ocrx_word' id='word_1_309' title='bbox 1636 3008 1769 3069; x_wconf 89' lang='lat' dir='ltr'>Erit·</span> <span class='ocrx_word' id='word_1_310' title='bbox 1797 3005 1955 3070; x_wconf 87' lang='lat' dir='ltr'>enim</span> <span class='ocrx_word' id='word_1_311' title='bbox 1987 3016 2189 3069; x_wconf 83' lang='lat' dir='ltr'>statua</span> <span class='ocrx_word' id='word_1_312' title='bbox 2226 3008 2365 3084; x_wconf 75' lang='lat' dir='ltr'>ipsa</span> 
     </span>
     <span class='ocr_line' id='line_1_35' title="bbox 291 3089 2362 3168; baseline 0.001 -18"><span class='ocrx_word' id='word_1_313' title='bbox 291 3089 466 3150; x_wconf 84' lang='lat' dir='ltr'>testis</span> <span class='ocrx_word' id='word_1_314' title='bbox 506 3091 729 3151; x_wconf 88' lang='lat' dir='ltr'>bellum</span> <span class='ocrx_word' id='word_1_315' title='bbox 771 3100 889 3152; x_wconf 89' lang='lat' dir='ltr'>tam</span> <span class='ocrx_word' id='word_1_316' title='bbox 933 3110 1122 3168; x_wconf 83' lang='lat' dir='ltr'>grave</span> <span class='ocrx_word' id='word_1_317' title='bbox 1162 3092 1387 3167; x_wconf 78' lang='lat' dir='ltr'>ruisse,</span> <span class='ocrx_word' id='word_1_318' title='bbox 1437 3101 1506 3153; x_wconf 88' lang='lat' dir='ltr'>ut</span> <span class='ocrx_word' id='word_1_319' title='bbox 1546 3091 1725 3166; x_wconf 80' lang='lat' dir='ltr'>legati</span> <span class='ocrx_word' id='word_1_320' title='bbox 1780 3090 2054 3152; x_wconf 88' lang='lat' dir='ltr'>interitus</span> <span class='ocrx_word' id='word_1_321' title='bbox 2106 3090 2362 3154; x_wconf 82' lang='lat' dir='ltr'>honoris</span> 
     </span>
     <span class='ocr_line' id='line_1_36' title="bbox 292 3132 2359 3247; baseline 0.003 -18"><span class='ocrx_word' id='word_1_322' title='bbox 292 3171 640 3231; x_wconf 79' lang='lat' dir='ltr'>memoriam</span> <span class='ocrx_word' id='word_1_323' title='bbox 691 3185 1074 3237; x_wconf 75' lang='lat' dir='ltr'>consecutus</span> <span class='ocrx_word' id='word_1_324' title='bbox 1118 3180 1215 3238; x_wconf 88' lang='lat' dir='ltr'>sit.</span> <span class='ocrx_word' id='word_1_325' title='bbox 1304 3179 1410 3237; x_wconf 84' lang='lat' dir='ltr'>lv</span> <span class='ocrx_word' id='word_1_326' title='bbox 1466 3174 1528 3236; x_wconf 84' lang='grc'>8.</span> <span class='ocrx_word' id='word_1_327' title='bbox 1596 3132 1774 3247; x_wconf 70' lang='grc' dir='ltr'>ὃιιοά</span> <span class='ocrx_word' id='word_1_328' title='bbox 1805 3174 1859 3235; x_wconf 86' lang='lat' dir='ltr'>si</span> <span class='ocrx_word' id='word_1_329' title='bbox 1898 3176 2359 3237; x_wconf 78' lang='lat' dir='ltr'>excusationem</span> 
     </span>
     <span class='ocr_line' id='line_1_37' title="bbox 290 3252 2359 3335; baseline 0.003 -23"><span class='ocrx_word' id='word_1_330' title='bbox 290 3252 422 3312; x_wconf 83' lang='lat' dir='ltr'>Ser.</span> <span class='ocrx_word' id='word_1_331' title='bbox 453 3252 739 3327; x_wconf 77' lang='lat' dir='ltr'>Sulpicii,</span> <span class='ocrx_word' id='word_1_332' title='bbox 790 3265 1004 3328; x_wconf 78' lang='lat' dir='ltr'>patres</span> <span class='ocrx_word' id='word_1_333' title='bbox 1029 3258 1393 3335; x_wconf 88' lang='lat' dir='ltr'>conscripti,</span> <span class='ocrx_word' id='word_1_334' title='bbox 1440 3255 1764 3333; x_wconf 78' lang='lat' dir='ltr'>legationis</span> <span class='ocrx_word' id='word_1_335' title='bbox 1799 3259 2123 3320; x_wconf 74' lang='lat' dir='ltr'>obeundae</span> <span class='ocrx_word' id='word_1_336' title='bbox 2153 3274 2359 3319; x_wconf 82' lang='lat' dir='ltr'>recor·</span> 
     </span>
     <span class='ocr_line' id='line_1_38' title="bbox 289 3333 2475 3418; baseline 0.005 -25"><span class='ocrx_word' id='word_1_337' title='bbox 289 3333 422 3393; x_wconf 84' lang='lat' dir='ltr'>dari</span> <span class='ocrx_word' id='word_1_338' title='bbox 450 3335 796 3410; x_wconf 78' lang='lat' dir='ltr'>volueritis,</span> <span class='ocrx_word' id='word_1_339' title='bbox 827 3339 993 3399; x_wconf 84' lang='lat' dir='ltr'>nulla</span> <span class='ocrx_word' id='word_1_340' title='bbox 1021 3342 1318 3404; x_wconf 78' lang='lat' dir='ltr'>dubitatio</span> <span class='ocrx_word' id='word_1_341' title='bbox 1345 3342 1727 3418; x_wconf 84' lang='lat' dir='ltr'>relinquetur</span> <span class='ocrx_word' id='word_1_342' title='bbox 1755 3341 1901 3418; x_wconf 86' lang='lat' dir='ltr'>quin</span> <span class='ocrx_word' id='word_1_343' title='bbox 1932 3342 2173 3403; x_wconf 86' lang='lat' dir='ltr'>honore</span> <span class='ocrx_word' id='word_1_344' title='bbox 2196 3356 2359 3403; x_wconf 83' lang='lat' dir='ltr'>mor-</span> <span class='ocrx_word' id='word_1_345' title='bbox 2474 3382 2475 3389; x_wconf 33' lang='grc' dir='ltr'>ι</span> 
     </span>
     <span class='ocr_line' id='line_1_39' title="bbox 289 3412 2363 3503; baseline 0.005 -29"><span class='ocrx_word' id='word_1_346' title='bbox 289 3412 374 3475; x_wconf 87' lang='lat' dir='ltr'>tui</span> <span class='ocrx_word' id='word_1_347' title='bbox 404 3431 587 3489; x_wconf 81' lang='lat' dir='ltr'>quam</span> <span class='ocrx_word' id='word_1_348' title='bbox 620 3416 768 3488; x_wconf 81' lang='lat' dir='ltr'>vivo</span> <span class='ocrx_word' id='word_1_349' title='bbox 803 3420 1088 3483; x_wconf 82' lang='lat' dir='ltr'>iniuriam</span> <span class='ocrx_word' id='word_1_350' title='bbox 1115 3425 1372 3486; x_wconf 75' lang='lat' dir='ltr'>fecimus</span> <span class='ocrx_word' id='word_1_351' title='bbox 1402 3426 1762 3487; x_wconf 87' lang='lat' dir='ltr'>sarciamus.</span> <span class='ocrx_word' id='word_1_352' title='bbox 1846 3425 1980 3486; x_wconf 87' lang='lat' dir='ltr'>Vos</span> <span class='ocrx_word' id='word_1_353' title='bbox 2006 3423 2203 3499; x_wconf 89' lang='lat' dir='ltr'>enim,</span> <span class='ocrx_word' id='word_1_354' title='bbox 2252 3440 2363 3503; x_wconf 67' lang='lat' dir='ltr'>pn-</span> 
     </span>
    </p>
   </div>
   <div class='ocr_carea' id='block_1_3' title="bbox 2471 401 2486 1443">
    <p class='ocr_par' dir='ltr' id='par_1_3' title="bbox 2471 401 2486 1443">
     <span class='ocr_line' id='line_1_40' title="bbox 2471 401 2486 1443; baseline 0 0"><span class='ocrx_word' id='word_1_355' title='bbox 2471 401 2486 1443; x_wconf 95' lang='lat' dir='ltr'> </span> 
     </span>
    </p>
   </div>
   <div class='ocr_carea' id='block_1_4' title="bbox 2472 2449 2485 3328">
    <p class='ocr_par' dir='ltr' id='par_1_4' title="bbox 2472 2449 2485 3328">
     <span class='ocr_line' id='line_1_41' title="bbox 2472 2449 2485 3328; baseline 0 0"><span class='ocrx_word' id='word_1_356' title='bbox 2472 2449 2485 3328; x_wconf 95' lang='lat' dir='ltr'> </span> 
     </span>
    </p>
   </div>
  </div>
 </body>
</html>
