2514 3928
435 257 561 322 352
712 257 790 315 ιΝ
815 256 896 314 Μ.
927 254 1330 315 ΑΝτοΝιυΜ
1364 252 1646 313 οιιΑΤιο
1677 231 2097 313 ΡΗιιιΡΡιοᾹ
2128 255 2205 313 v.
2437 264 2501 317 οι

437 418 561 469 este
624 405 729 482 qui
774 423 960 483 quum
1001 406 1284 465 omnibus
1315 413 1410 465 est
1441 415 1565 465 tum
1594 401 1824 478 optimo
1867 404 2092 479 cuique
2131 405 2499 468 carissimus.

439 493 504 551 ln
534 490 654 550 hoc
684 505 833 587 spes
867 489 1163 550 libertatis
1198 487 1400 563 posita
1432 497 1554 548 est·
1611 489 1689 547 ab
1718 486 1840 547 hoc
1870 496 2123 563 accepta
2155 488 2279 547 iam
2308 490 2495 553 salus·

353 639 372 656 .
436 572 577 634 huic
602 573 820 633 summi
851 571 1119 634 honores
1154 581 1216 633 et
1243 572 1646 646 exquiruntur
1674 578 1736 631 et
1762 569 1959 646 parati
1984 579 2143 631 sunt.
2188 570 2295 632 50.
2326 572 2498 635 Cuius

436 658 619 732 igitur
651 656 1025 737 singularem
1055 655 1433 731 prudentiam
1472 654 1875 727 admiramur,
1928 653 2062 714 eius
2091 654 2410 716 stultitiam
2439 657 2499 718 ti-

359 775 364 778 -
436 746 715 801 memus?
769 738 924 813 Quid
954 740 1114 799 enim
1147 739 1391 799 stultius
1423 754 1608 813 quam
1640 736 1910 797 inutilem
1942 737 2313 813 potentiam,
2363 740 2501 800 invi·

432 823 650 884 diosas
685 840 871 900 opeS‚
902 822 1292 898 cupiditatem
1328 819 1680 881 dominandi
1705 822 2098 895 praecipitem
2125 829 2189 882 et
2216 821 2499 884 lubricam

438 907 740 968 anteferre
768 921 981 978 verae,
1024 904 1228 979 gravi,
1276 904 1513 966 solidae
1543 903 1817 979 gloriae?
1867 908 1963 963 An
1995 904 2114 964 hoc
2144 902 2307 966 vidit
2335 922 2500 981 puer,

436 990 489 1051 si
517 997 717 1051 aetate
748 988 1151 1064 processerit,
1196 1004 1317 1048 non
1351 987 1623 1048 videbit?
1676 995 1758 1049 At
1787 996 1885 1047 est
1915 987 2295 1062 quibusdam
2322 988 2501 1051 inimi·

439 1090 547 1136 cus
579 1071 935 1133 clarissimis
964 1080 1149 1146 atque
1184 1070 1431 1147 optimis
1467 1070 1724 1131 civibus.
1764 1071 1978 1131 Nullus
2005 1069 2124 1131 iste
2153 1070 2345 1133 timor
2376 1089 2502 1133 esse

435 1154 635 1217 debet.
715 1153 940 1216 Omnes
987 1155 1214 1217 Caesar
1250 1153 1596 1215 inimicitias
1642 1156 1733 1215 rei
1775 1154 2058 1229 publicae
2103 1156 2498 1217 condonavit:

434 1239 594 1298 hanc
637 1235 755 1298 sibi
804 1237 1068 1299 iudicem
1106 1236 1445 1312 constituit,
1507 1237 1669 1298 hanc
1719 1235 2189 1298 moderatricem
2244 1241 2499 1300 omnium

434 1323 852 1402 [consumunt]
885 1330 1071 1398 atque
1110 1323 1426 1383 sactorum.
1483 1320 1575 1381 lta
1600 1319 1758 1381 enim
1793 1321 1870 1381 ad
1906 1337 2033 1380 rem
2064 1320 2389 1395 publicam
2419 1339 2493 1382 ac

435 1405 656 1479 cessit,
686 1413 752 1466 ut
781 1421 915 1465 eam
952 1405 1367 1477 confirmaret,
1410 1419 1534 1464 non
1572 1413 1640 1465 ut
1665 1412 1983 1465 everteret.
2045 1403 2284 1465 Omnes
2318 1406 2496 1466 habet·

441 1486 716 1564 cognitos
739 1504 966 1549 sensus
994 1487 1427 1549 adolescentis.
1488 1486 1644 1548 Nihil
1676 1495 1771 1548 est
1797 1486 1884 1547 illi
1910 1503 1977 1546 re
2007 1486 2263 1562 publica
2294 1492 2493 1557 carius

434 1571 580 1632 nihil
613 1581 823 1633 vestra
850 1571 1208 1633 auctoritate
1249 1570 1530 1646 gravius,
1587 1571 1734 1630 nihil
1770 1571 2069 1631 bonorum
2110 1570 2397 1633 virorum
2430 1574 2496 1633 iu·

433 1655 596 1716 dicio
633 1654 935 1731 optatius,
965 1653 1112 1715 nihil
1142 1670 1289 1715 vera
1316 1654 1511 1730 gloria
1543 1653 1803 1714 dulcius.
1889 1653 1991 1715 51.
2036 1654 2234 1727 Quam
2272 1656 2359 1717 ob
2394 1673 2494 1716 reu

433 1740 512 1799 ab
541 1754 619 1798 eo
655 1753 780 1798 non
812 1738 996 1799 modo
1028 1737 1173 1797 nihil
1203 1739 1447 1811 timere,
1485 1738 1600 1798 sed
1636 1738 1868 1797 maiora
1902 1744 1962 1798 et
1990 1737 2254 1798 meliora
2293 1753 2498 1816 exspe

430 1829 597 1883 ctare
637 1820 904 1895 debetis,
962 1838 1165 1897 neque
1192 1821 1253 1882 in
1298 1837 1405 1894 eo,
1456 1820 1564 1896 qui
1589 1821 1668 1881 ad
1698 1821 1770 1881 D.
1798 1821 2050 1881 Brutum
2081 1821 2424 1884 obsidione
2449 1825 2499 1882 li-

431 1904 767 1967 berandum
813 1905 1127 1980 profectus
1170 1905 1277 1979 sit,
1335 1904 1549 1967 timere
1588 1920 1665 1964 ne
1693 1903 1985 1966 memoria
2022 1912 2278 1968 maneat
2312 1908 2500 1969 dome·

431 1986 569 2050 stici
599 1987 861 2060 doloris,
917 2005 1075 2064 quac
1104 1990 1245 2066 plus
1285 1990 1450 2065 apud
1478 2004 1618 2050 eum
1651 1987 1850 2064 possit
1881 2005 2062 2069 quam
2094 1991 2279 2051 salus
2313 1990 2502 2052 civita·

430 2072 528 2133 tis.
586 2073 847 2134 Audebo
889 2071 1069 2134 etiam
1108 2072 1397 2147 obligare
1420 2073 1604 2132 fidem
1633 2087 1860 2145 meam,
1906 2082 2112 2148 patres
2149 2074 2505 2150 conscripti,

430 2154 612 2217 vobis
651 2157 1009 2232 populoque
1041 2157 1317 2217 Romano
1352 2155 1567 2231 reique
1599 2155 1914 2231 publicae:
1997 2157 2170 2231 quod
2207 2160 2505 2232 profecto,

433 2255 620 2314 quum
643 2255 740 2298 me
778 2240 943 2300 nulla
964 2239 1058 2300 vis
1091 2249 1371 2313 cogeret,
1404 2241 1607 2300 facere
1634 2255 1757 2299 non
1789 2241 2078 2300 auderem
2109 2240 2504 2313 pertimesce·

427 2336 683 2394 remque
726 2322 787 2382 in
835 2323 1101 2382 maxima
1144 2338 1213 2382 re
1260 2324 1666 2399 periculosam
1712 2323 2063 2398 opinionem
2112 2325 2505 2386 temeritatis:

431 2403 751 2481 promitto,
788 2403 1052 2480 recipio,
1077 2406 1400 2481 spondeo,
1432 2415 1640 2482 patres
1674 2405 2036 2482 conscripti,
2078 2405 2142 2465 C.
2179 2406 2509 2469 Caesarem

427 2487 608 2549 talem
641 2503 890 2565 semper
918 2490 1049 2549 l'ore
1077 2489 1302 2563 civem,
1358 2490 1557 2566 qualis
1599 2489 1785 2551 hodie
1826 2491 1905 2551 sit
1947 2489 2337 2567 qualemque
2380 2509 2509 2553 eum

426 2570 692 2633 maxime
721 2573 879 2632 velle
908 2588 1051 2635 esse
1082 2581 1142 2635 et
1171 2581 1385 2650 optare
1419 2574 1735 2635 debemus,

544 2655 700 2716 XIX.
745 2654 847 2717 ⁵2.
890 2656 1059 2731 Quae
1089 2674 1275 2731 quum
1307 2659 1389 2718 ita
1427 2657 1576 2730 sint,
1612 2658 1690 2717 de
1722 2658 1983 2718 Caesare
2012 2656 2167 2718 satis
2203 2657 2342 2720 hoc
2370 2669 2512 2721 tem·

426 2755 579 2817 pore
607 2738 835 2802 dictum
864 2741 1124 2802 habebo.
1179 2740 1310 2800 Nec
1337 2757 1486 2802 vero
1518 2743 1596 2802 de
1625 2742 1691 2801 L.
1721 2740 2110 2817 Egnatuleio,
2162 2740 2511 2804 fortissimo

426 2831 489 2885 et
516 2823 1011 2887 constantissimo
1042 2824 1162 2885 civi
1192 2823 1691 2900 amicissimoque
1718 2825 1808 2884 rei
1838 2824 2151 2900 publicae,
2193 2825 2514 2888 silendum

423 2904 713 2968 arbitror-2
744 2909 858 2970 sed
879 2906 1264 2970 tribuendum
1287 2907 1693 2969 testimonium
1720 2907 1953 2970 virtutis
1976 2908 2271 2984 egregiae
2286 2955 2306 2983 ,
2347 2911 2514 2986 quod

424 2986 480 3049 is
509 2989 810 3064 legionem
841 3001 1115 3068 quartam
1145 2993 1224 3052 ad
1256 2991 1576 3057 Caesarem
1600 2991 1952 3063 adduxerit,
1992 3007 2152 3067 quae
2185 2994 2514 3068 praesidio

425 3073 813 3149 consulibus,
865 3075 1103 3138 senatui
1137 3077 1496 3152 populoque
1522 3077 1798 3137 Romano
1828 3075 2044 3151 reique
2078 3074 2391 3150 publicae
2427 3094 2514 3139 es-

426 3160 552 3228 set,
602 3156 683 3216 ob
724 3173 860 3217 eam
912 3175 1160 3221 causam
1201 3160 1480 3235 placere,
1533 3160 1619 3222 uti
1658 3160 1725 3219 L.
1766 3158 2126 3234 Egnatuleio
2171 3159 2514 3223 uienuium

426 3244 568 3298 ante
605 3237 937 3317 legitimum
968 3251 1210 3318 tempus
1240 3242 1632 3319 magistratus
1676 3251 1917 3318 petere,
1968 3258 2224 3320 capere,
2292 3261 2514 3321 gerere

423 3323 621 3382 liceat.
695 3324 764 3384 In
810 3340 968 3398 quo,
1010 3335 1221 3401 patres
1263 3326 1628 3402 conscripti,
1668 3343 1793 3387 non
1836 3334 2070 3389 tantum
2100 3334 2514 3395 commodun

421 3406 708 3550 tribuitur
732 3408 799 3467 L.
829 3408 1193 3482 Egnatuleio
1226 3417 1496 3529 quantus
1528 3410 1878 3473 honos.1n
1911 3412 2014 3474 tali
2047 3411 2211 3473 enim
2250 3432 2335 3476 re
2369 3416 2514 3477 sati.

423 3505 490 3549 es
544 3490 866 3549 nominari
