2514 3928
79 193 177 253 105
681 190 854 251 CAP.
887 198 1048 252 32-
1065 198 1154 252 34.
1201 195 1254 258 §-
1279 199 1546 254 78—84.
2031 189 2158 267 203

72 339 249 416 ficio,
295 342 412 402 sed
459 338 643 400 etiam
672 338 1137 400 benevolentiae
1182 340 1631 416 significatione
1674 341 1963 416 adligari·
2009 341 2157 403 nihil

68 439 256 500 porro
282 434 403 484 tam
434 422 861 496 inhumanum,
902 431 1023 483 tam
1045 421 1339 500 immane,
1382 432 1502 485 tam
1546 427 1742 486 serum
1772 441 1956 501 quam
1992 442 2157 486 com·

67 507 309 568 mittere
338 514 409 567 ut
429 504 733 567 beneficio
763 498 886 567 non
911 505 1111 567 dicam
1142 507 1463 583 indignus,
1502 509 1619 569 sed
1660 510 1858 571 victus
1892 524 2038 570 esse
2066 508 2153 569 vi-

69 591 281 651 deare.
367 586 471 650 82.
501 589 668 663 Quae
699 606 885 665 quum
913 590 998 650 ita
1029 589 1169 664 sint,
1198 589 1320 651 iam
1349 592 1763 664 succumbam,
1784 593 2155 666 Laterensis,

68 671 176 735 isti
203 681 308 734 tuo
343 671 605 746 crimini,
652 689 873 749 meque
906 673 967 734 in
999 690 1074 734 eo
1108 674 1283 749 ipso,
1327 673 1388 735 in
1434 690 1558 750 quo
1598 675 1749 734 nihil
1779 684 1982 750 potest
2010 692 2157 738 esse

73 755 358 830 nimium,
388 755 676 833 quoniam
705 758 789 818 ita
824 766 888 818 tu
914 758 1320 833 vissnimium
1345 756 1584 834 gratum
1615 774 1757 818 esse
1787 759 2152 830 concedam,

72 850 402 916 petamque
433 858 470 900 a
498 839 707 915 vobis,
746 841 1018 916 iudices,
1050 851 1114 904 ιιι
1141 859 1280 904 eum
1309 840 1614 903 beneficio
1647 841 2156 916 complectamini,

0 924 4 931 '
72 940 256 998 quem
285 923 388 998 qui
423 923 835 1001 reprehendit,
873 925 934 986 in
959 941 1035 987 eo
1059 926 1475 1002 reprehendit,
1509 925 1681 1001 quod
1713 933 1946 1000 gratum
1980 940 2155 1000 prae·

70 1014 164 1070 ter
193 1008 438 1085 modium
485 1008 651 1069 dicat
693 1024 857 1069 esse.
942 1010 1157 1085 Neque
1205 1011 1364 1070 enirn
1408 1010 1562 1070 illud
1600 1009 1683 1069 ad
1725 1007 2156 1087 negligendam

69 1107 265 1153 meam
297 1091 549 1166 gratiam
580 1092 765 1171 debet
793 1093 1017 1164 valere,
1051 1093 1217 1168 quod
1249 1092 1403 1153 dixit
1431 1093 1613 1166 idem,
1645 1110 1760 1154 vos
1786 1108 1902 1153 nec
1925 1107 2156 1152 noeen-

66 1183 163 1237 tes
193 1174 644 1249 neclitigiosos
674 1190 837 1247 esse,
868 1191 994 1248 quo
1027 1175 1230 1235 minus
1262 1191 1359 1235 me
1388 1176 1556 1250 apud
1588 1193 1703 1237 vos
1736 1177 1941 1236 valere
1972 1191 2157 1251 opor-

15 1279 18 1282 *
70 1265 259 1320 teret=
293 1256 645 1332 quasivero
670 1255 731 1314 in
760 1255 1025 1317 amicitia
1057 1273 1194 1317 mea
1229 1273 1351 1316 non
1376 1259 1531 1318 haec
1559 1258 1888 1333 praesidia,
1918 1258 2160 1332 siquae

68 1343 231 1402 forte
263 1348 406 1401 sunt
431 1338 491 1399 in
529 1355 658 1412 me,
702 1345 915 1419 parata
945 1354 1191 1413 semper
1218 1339 1431 1399 amicis
1461 1355 1605 1400 esse
1632 1339 1947 1400 maluerim
1975 1357 2157 1415 quam

69 1423 446 1486 necessaria.
530 1421 769 1482 Etenim
797 1438 913 1501 ego
949 1421 1027 1481 de
1054 1438 1151 1482 me
1180 1429 1410 1482 tantum
1444 1423 1644 1483 audeo
1674 1422 1910 1495 dicere,
1954 1423 2159 1482 amici-

69 1510 215 1569 tiam
243 1521 441 1567 meam
474 1505 774 1580 voluptati
801 1506 1078 1581 pluribus
1116 1521 1298 1580 quam
1333 1505 1645 1580 praesidio
1679 1505 1892 1576 fuisse,
1934 1520 2159 1581 meque

67 1590 465 1651 vehementer
497 1589 659 1650 vitae
694 1604 867 1651 meae
896 1591 1256 1665 poeniteret,
1291 1588 1345 1648 si
1374 1588 1436 1648 in
1466 1605 1603 1648 mea
1632 1586 2038 1649 familiaritate
2067 1590 2159 1648 ¹07

68 1691 184 1736 cus
216 1682 386 1736 esset
419 1673 645 1735 nemini
681 1671 799 1733 nisi
833 1672 1103 1753 litigioso
1134 1680 1241 1732 aut
1267 1674 1530 1734 nocenti.

192 1758 461 1818 XXXIV.
491 1756 595 1821 83.
626 1755 753 1817 Sed
784 1756 937 1817 haec
966 1755 1179 1817 nescio
1210 1750 1336 1831 quo
1379 1757 1565 1817 modo
1597 1758 1950 1851 frequenter
1976 1753 2037 1814 in
2062 1769 2160 1814 me

67 1840 472 1917 congessisti,
514 1856 792 1915 saneque
820 1842 881 1899 in
914 1844 990 1900 eo
1027 1841 1243 1900 creber
1274 1839 1473 1914 fuisti,
1515 1848 1576 1901 te
1609 1838 1898 1900 idcirco
1881 1856 1942 1899 ιιι
1972 1839 2156 1899 ludos

68 1940 324 1987 causam
353 1925 659 1986 coniicere
694 1923 989 2000 noluisse,
1020 1940 1097 1985 ne
1127 1940 1243 2001 ego
1277 1939 1414 1985 mea
1448 1921 1895 1986 consuetudine
1922 1920 2152 1999 aliquid

70 2008 153 2069 de
177 2006 370 2067 tensis
397 2006 859 2068 misericordiae.
877 2023 1065 2069 causa
1087 2008 1373 2083 dicerem,
1409 2008 1578 2084 quod
1604 2007 1664 2068 in
1693 2006 1831 2068 aliis
1854 2006 2157 2068 aedilibus

71 2098 217 2152 ante
245 2087 552 2151 fecissem.
634 2090 770 2170 Non
801 2090 945 2151 nihil
979 2091 1155 2167 egisti
1188 2092 1309 2154 hoc
1336 2092 1510 2153 loco=
1541 2108 1677 2151 nam
1709 2089 1853 2150 mihi
1882 2089 2158 2165 eripuisti

0 2182 3 2186 ’
73 2180 502 2250 ornamentum
533 2172 1052 2236 orationis-menet
1075 2175 1437 2248 deridebor,
1470 2174 1524 2236 si
1553 2173 1921 2235 mentionem
1951 2181 2158 2234 tensa-

69 2274 209 2319 rum
240 2257 466 2331 l’ecero,
500 2273 684 2331 quum
732 2265 794 2319 tu
815 2257 878 2318 id
901 2259 1325 2334 praedixerim
1379 2259 1513 2319 sine
1550 2257 1745 2319 tensis
1776 2265 1979 2317 autem
2005 2254 2156 2332 quid

70 2348 293 2418 potero
324 2339 573 2402 dicere?
605 2340 719 2401 Hie
765 2342 944 2402 etiam
989 2342 1284 2404 addidisti
1314 2358 1412 2402 me
1446 2342 1678 2403 idcirco
1709 2358 1848 2403 mea
1881 2342 2018 2417 lege
2049 2356 2157 2400 ex·

69 2424 212 2488 silio
256 2425 548 2487 ambitum
597 2424 919 2501 sanxisse,
960 2433 1026 2487 ut
1069 2425 1548 2489 miserabiliores
1590 2425 1873 2501 epilogos
1903 2439 2157 2500 possem

69 2510 300 2572 dicere.
345 2509 479 2571 Non
506 2508 683 2570 vobis
726 2506 969 2571 videtur
998 2525 1133 2570 cum
1159 2509 1367 2584 aliquo
1406 2507 1833 2582 declamatore,
1863 2524 1987 2568 non
2018 2522 2158 2567 cum

68 2591 300 2653 laboris
349 2600 412 2655 et
440 2581 571 2653 fori
599 2592 906 2669 discipulo
930 2592 1295 2670 disputare?
1346 2591 1447 2654 84.
1477 2592 1679 2653 Rhodi
1714 2590 1904 2663 enim,
1940 2588 2159 2663 inquit,
2234 2672 2237 2675 ἡ

69 2692 188 2751 ego
226 2692 350 2736 non
381 2676 494 2737 sui·
537 2693 633 2737 me
666 2676 794 2737 vult
827 2674 1052 2737 fuisse·
1099 2677 1213 2737 sed
1243 2674 1359 2749 fui,
1390 2675 1617 2751 inqu-it,
1652 2707 1736 2720 --
1778 2673 2063 2749 putabam
2094 2673 2156 2731 in

70 2758 375 2820 Vaccaeis
403 2759 704 2843 dicturum
735 2792 824 2805 --
851 2759 949 2821 bis
978 2762 1037 2819 in
1061 2759 1367 2838 Bithynia.
1433 2758 1501 2819 Si
1528 2760 1707 2819 locus
1737 2756 1923 2817 habet
1948 2771 2158 2831 repre·

70 2840 392 2904 hensionis
431 2838 645 2905 ansam
679 2843 986 2919 aliquam,
1045 2843 1259 2904 nescio
1304 2859 1412 2902 cur
1454 2837 1829 2903 severiorem
1869 2840 2155 2902 Nicaeam

67 2935 251 3003 putes
285 2944 466 3003 quam
492 2928 808 2989 Rhodum·
853 2927 907 2988 si
937 2928 1276 3003 spectanda
1301 2943 1491 2989 causa
1520 2934 1649 2999 est,
1681 2933 1743 2987 et
1768 2934 1835 2988 tu
1862 2925 1922 2986 in
1946 2925 2158 3004 Bithy-

69 3011 173 3071 nia
213 3027 450 3072 summa
502 3027 640 3072 cum
684 3010 978 3087 dignitate
1016 3011 1181 3073 fuisti
1223 3019 1286 3072 et
1320 3027 1451 3087 ego
1489 3009 1693 3072 Rhodi
1734 3027 1855 3072 non
1899 3010 2156 3071 minore.

70 3094 226 3155 Nam
261 3095 429 3170 quod
458 3096 517 3154 in
550 3112 625 3157 eo
657 3112 756 3156 me
785 3094 1268 3170 reprehendisti,
1313 3098 1481 3172 quod
1513 3094 1761 3156 nimium
1793 3096 2016 3156 multos
2049 3094 2155 3153 de-

69 3178 412 3251 fenderem,
446 3178 674 3240 utinam
704 3187 765 3242 ct
792 3187 885 3252 tu,
918 3178 1022 3254 qui
1049 3188 1229 3255 potes
1248 3226 1264 3254 ,
1292 3188 1353 3240 et
1419 3179 1645 3255 ceteri,
1687 3179 1791 3255 qui
1821 3177 2156 3253 defugiunt,

68 3262 299 3324 vellent
342 3277 441 3321 me
481 3263 693 3325 labore
731 3263 851 3324 hoc
887 3263 1125 3323 levare!
1171 3263 1296 3324 Sed
1336 3265 1405 3325 fit
1424 3273 1633 3325 vestra
1661 3260 2001 3337 diligentia,
2050 3258 2157 3334 qui

68 3344 277 3407 causis
308 3346 722 3422 ponderandis
756 3363 970 3409 omnes
1001 3347 1127 3407 l’ere
1155 3345 1525 3422 repudiatis,
1564 3354 1632 3407 ut
1659 3346 1740 3406 ad
1771 3360 1887 3405 nos
1921 3344 2156 3417 plerae-

68 3444 194 3505 que
227 3428 570 3506 confluant,
617 3431 722 3508 qui
752 3430 994 3503 miseris
1024 3439 1084 3492 et
1112 3428 1531 3490 laborantibus
1573 3441 1800 3501 negare
1828 3423 1975 3483 nihil
2004 3436 2156 3495 pos·

2416 2051 2498 2084 ι·
2397 1569 2514 1986 mittimini
2387 1081 2514 1514 ιῑῖιῐῑῑιιιιι

2385 2271 2514 2508 νἰ-,ῌιζιζιὶί
2391 2217 2492 2244 ἰ’
2393 2072 2500 2146 'U'

2383 2505 2472 2613 w
