2514 3928
271 256 349 314 53
962 248 1130 309 CAP.
1168 257 1330 310 1-4.
1361 254 1413 324 §-
1435 255 1640 308 2—10.
2213 249 2351 311 αττ

273 413 816 489 monumentisque
837 414 1281 475 decorandam!
1320 415 1514 488 Quum
1529 415 1607 474 M.
1630 415 1843 476 Cicero
1867 416 2034 492 apud
2052 422 2115 477 te
2133 416 2345 478 deren·

277 499 365 562 dit
386 499 572 561 alium
594 497 655 559 in
680 514 755 558 ea
781 500 1100 558 voluntate
1122 514 1244 559 non
1272 495 1485 568 fuisse,
1520 495 1579 558 in
1606 516 1730 574 qua
1752 515 1824 560 se
1857 498 2062 577 ipsum
2088 501 2345 562 confite·

278 590 377 643 tur
407 583 630 654 fuisse,
667 597 783 642 nec
814 587 951 642 tuas
990 580 1205 644 tacitas
1238 579 1646 658 cogitationes
1677 582 2022 646 extimescit
2051 600 2166 646 nec
2199 584 2348 660 quid

281 665 387 726 tibi
413 667 492 726 de
518 667 641 726 alio
663 663 933 726 audienti
959 665 1039 726 de
1062 682 1136 728 se
1156 665 1297 738 ipso
1321 670 1608 726 occurrat
1629 667 2004 728 reformidat.
2067 669 2162 729 111.
2188 668 2349 728 Vide

280 764 463 828 quam
486 765 607 811 non
631 750 1017 811 reformidem
1032 773 1060 806 2—
1079 751 1218 810 vide
1229 756 1479 824 ‘quanta
1504 749 1608 808 lux
1637 746 2006 812 liberalitatis
2031 760 2090 812 et
2112 750 2354 826 sapien·

171 850 180 853 ’
280 835 399 897 tiae
440 843 578 895 tuae
618 832 761 894 mihi
808 834 975 910 apud
1015 842 1072 895 te
1112 833 1334 895 dicenti
1378 833 1717 895 oboriaturz
1775 842 2067 910 quantum
2120 841 2357 909 potero,

281 934 440 981 *voce
472 919 855 991 contendam,
887 926 953 979 ut
989 918 1256 994 populus
1288 917 1406 980 hoc
1443 919 1755 979 Romanus
1787 918 2102 979 exaudiam
2131 915 2188 980 7.
2220 935 2358 978 sus·

286 1010 464 1080 cepto
487 1025 490 1029 ¹
513 1002 715 1073 bello,
751 1002 1007 1075 Caesar,
1048 1011 1224 1078 gesto
1281 1001 1460 1062 etiam
1499 1018 1577 1062 ex
1627 1012 1795 1078 parte
1825 1019 2072 1078 magna,
2104 1000 2270 1062 nulla
2301 999 2361 1060 vi

284 1094 554 1156 coactuS‚
580 1084 807 1146 iudicio
832 1101 904 1146 ac
929 1087 1238 1147 voluntate
1261 1086 1340 1145 ad
1369 1101 1444 1146 ea
1465 1103 1634 1147 arma
1666 1089 1981 1163 profectus
2012 1103 2168 1160 sum,
2201 1101 2362 1162 quae

285 1176 458 1231 erant
493 1177 737 1244 sumpta
767 1176 978 1230 contra
1007 1176 1085 1229 te.
1135 1169 1322 1244 Apud
1347 1185 1528 1245 quem
1562 1169 1741 1245 igitur
1768 1171 1888 1232 hoc
1922 1171 2105 1232 dico?
2130 1171 2360 1244 Nempe

288 1254 451 1329 apud
484 1268 641 1323 eum,
676 1251 798 1326 qui,
831 1269 1017 1328 quum
1045 1253 1164 1312 hoc
1199 1251 1404 1326 sciret,
1434 1258 1629 1312 tamen
1668 1271 1781 1326 me,
1812 1265 1951 1315 ante
1983 1272 2164 1330 quam
2197 1252 2365 1323 vidit,

286 1339 376 1397 rei
422 1334 702 1411 publicae
745 1334 1038 1395 reddidit.
1084 1334 1187 1411 qui
1230 1336 1312 1394 ad
1354 1351 1448 1395 me
1495 1352 1574 1395 ex
1603 1339 1888 1433 Aegypto
1926 1334 2154 1397 litteras
2185 1335 2364 1405 misit,

294 1429 357 1482 ut
389 1434 591 1479 essem
622 1417 782 1479 idem
818 1417 920 1492 qui
954 1417 1236 1480 fuissem·
1269 1417 1392 1494 qui,
1427 1435 1612 1493 quum
1642 1419 1777 1495 ipse
1800 1418 2209 1494 imperatorin
2242 1427 2367 1480 toto

293 1501 548 1578 imperio
582 1500 793 1578 populi
816 1500 1073 1562 Romani
1119 1519 1277 1562 unus
1307 1510 1505 1576 esset,
1547 1519 1690 1564 esse
1730 1519 1828 1563 me
1855 1505 2110 1564 alterum
2144 1518 2368 1577 passus

299 1595 418 1648 est=
462 1603 500 1646 a
547 1602 669 1662 quo
708 1586 823 1646 hoc
866 1585 1005 1661 ipso
1032 1586 1092 1646 C.
1125 1585 1323 1646 Pansa
1351 1583 1495 1645 mihi
1519 1585 1679 1647 hunc
1712 1585 1989 1647 nuntium
2027 1587 2371 1662 perferente

301 1685 637 1732 concessos
687 1669 890 1731 fasces
938 1671 1243 1732 laureatos
1295 1669 1492 1743 tenui,
1543 1671 1747 1746 quoad
1792 1671 2094 1732 tenendos
2134 1667 2370 1745 putavi·

301 1753 403 1830 qui
420 1755 563 1816 mihi
586 1762 713 1814 tum
727 1752 997 1826 denique
1015 1766 1087 1811 se
1100 1753 1364 1820 salutem
1387 1751 1627 1825 putavit
1640 1749 1924 1821 reddere
1953 1752 2007 1813 si
2030 1769 2166 1813 eam
2193 1750 2371 1812 nullis
2480 1730 2481 1733 ¹

301 1836 619 1913 spoliatam
652 1835 1021 1914 ornamentis
1053 1829 1348 1898 dedisset.
1411 1836 1472 1898 8.
1504 1836 1684 1912 Vide,
1719 1853 1971 1912 quaeso,
2002 1836 2260 1910 Tubero,
2291 1842 2375 1908 ut,

304 1919 404 1996 qui
435 1920 513 1981 de
548 1935 683 1981 meo
716 1921 875 1981 sacto
908 1936 1028 1983 non
1061 1919 1360 1995 dubitem,
1406 1919 1483 1981 de
1517 1919 1708 1996 Ltgat
1693 1939 1732 1982 11
1773 1936 1895 1982 non
1938 1922 2199 1983 audeam
2231 1935 2375 1980 con-

304 2002 475 2065 fiteri.
565 2006 769 2079 Atque
810 2004 961 2065 haec
1007 2014 1333 2079 propterea
1375 2005 1452 2065 de
1493 2021 1589 2064 me
1633 2004 1790 2078 dixi,
1832 2013 1898 2065 ut
1941 2004 2084 2066 mihi
2106 2004 2374 2076 .Tube10,

304 2102 489 2163 quum
519 2087 598 2145 de
628 2103 697 2147 se
726 2087 939 2146 eadem
970 2087 1254 2162 dicerem,
1287 2086 1661 2163 ignosceret:
1694 2088 1868 2151 cuius
1899 2105 2014 2165 ego
2043 2085 2379 2149 industriae

304 2168 659 2246 gloriaeque
702 2171 878 2231 faveo
929 2172 1020 2231 vel
1067 2180 1317 2247 propter
1361 2171 1767 2248 propinquam
1797 2172 2250 2248 cognationem,
2284 2169 2378 2230 vel

308 2253 473 2330 quod
522 2252 655 2313 eius
686 2252 928 2329 ingenio
956 2253 1299 2329 studiisque
1334 2255 1621 2330 delector,
1645 2258 1739 2317 vel
1767 2258 1933 2333 quod
1963 2257 2203 2317 laudem
2232 2255 2381 2313 ado-

249 2405 258 2408 *
309 2336 596 2398 lescentis
630 2335 959 2413 propinqui
982 2337 1263 2400 existimo
1289 2338 1468 2400 etiam
1491 2341 1571 2399 ad
1601 2357 1798 2401 meum
1829 2340 2091 2415 aliquem
2124 2340 2376 2399 fructum

306 2420 668 2482 redundare.
702 2420 760 2481 9.
788 2420 912 2482 Sed
944 2420 1060 2483 hoc
1093 2440 1322 2498 quaero
1340 2439 1361 2477 ε’
1398 2422 1545 2497 Quis
1572 2430 1742 2499 putat
1768 2440 1911 2485 esse
1934 2424 2163 2485 crimen
2189 2420 2383 2483 luisse

306 2505 367 2565 in
396 2504 649 2565 Africa?
674 2506 903 2580 Nempe
934 2506 1019 2579 is,
1052 2506 1155 2582 qui
1190 2513 1249 2568 et
1279 2506 1415 2582 ipse
1443 2506 1502 2567 in
1535 2508 1750 2568 eadem
1779 2507 1989 2568 Africa
2018 2522 2162 2568 esse
2193 2502 2385 2564 voluit

308 2597 368 2649 et
411 2588 779 2664 prohibitum
821 2606 891 2650 se
930 2607 967 2650 a
997 2589 1235 2666 Ligario
1279 2590 1582 2666 queritur,
1630 2598 1894 2653 etcerte
1926 2597 2137 2651 contra
2182 2588 2386 2666 ipsum

310 2672 636 2733 Caesarem
670 2681 766 2733 est
796 2689 1171 2748 congressus
1204 2682 1491 2735 armatus.
1558 2673 1714 2749 Quid
1745 2674 1922 2748 enim,
1952 2674 2213 2745 Tubero,
2246 2678 2385 2733 tuus

311 2756 411 2816 ille
441 2755 771 2817 destrictus
812 2756 872 2816 in
906 2755 1040 2818 acie
1070 2758 1417 2818 Pharsalica
1446 2758 1685 2834 gladius
1710 2758 1972 2835 agebat?
2014 2756 2190 2819 cuius
2232 2759 2388 2818 latus

309 2838 411 2900 ille
447 2856 655 2901 mucro
693 2841 980 2916 petebat?
1042 2840 1147 2915 qui
1173 2857 1395 2902 sensus
1427 2850 1555 2902 erat
1581 2859 1886 2902 armorum
1918 2849 2203 2903 tuorum?
2231 2856 2390 2917 quae

314 2931 415 2984 tua
457 2940 659 2999 mens,
693 2926 883 2999 oculi,
918 2940 1164 2994 manus
1210 2926 1393 2986 ardor
1421 2924 1646 2986 animi?
1687 2926 1834 3001 quid
1863 2926 2205 3001 cupiebas?
2244 2923 2393 3001 quid

314 3009 627 3082 optabas?
669 3006 857 3069 Nimis
901 3024 1125 3083 urgeo
1178 3008 1550 3071 commoveri
1591 3009 1832 3071 videtur
1871 3012 2270 3072 adolescens=
2312 3008 2392 3068 ad

313 3107 410 3151 me
440 3079 741 3153 revertam
794 3090 1058 3152 iisdem
1042 3110 1102 3152 tn
1131 3092 1316 3153 armis
1342 3094 1446 3152 sui.
1532 3094 1635 3152 IV.
1673 3092 1770 3155 10.
1807 3093 1961 3168 Quid
1995 3103 2199 3156 autem
2229 3090 2394 3153 aliud

314 3176 582 3250 egimus,
634 3174 907 3246 Tuber0,
966 3173 1085 3236 nisi
1125 3185 1191 3237 ut
1218 3177 1403 3252 quod
1444 3176 1543 3237 hic
1590 3186 1792 3252 potest
1838 3194 1957 3239 nos
2026 3180 2397 3254 possemus?

316 3258 583 3333 Quorum
608 3258 789 3335 1g1tur
820 3258 1179 3334 impunitam,
1221 3260 1478 3335 Caesar,
1525 3269 1665 3323 tuae
1709 3260 2066 3332 clementiae
2114 3263 2248 3321 laus
2282 3266 2394 3327 est,

317 3359 527 3403 eorum
560 3340 836 3419 ipsorum
860 3342 935 3401 ad
964 3343 1380 3405 crudelitatem
1412 3352 1468 3405 te
1498 3353 1678 3406 acuet
1707 3344 1944 3406 oratio?
1969 3340 2212 3417 Atque
2196 3358 2257 3400 tn
2282 3340 2399 3399 hac

319 3440 507 3485 causa
536 3442 659 3487 non
691 3424 838 3485 nihil
871 3424 1175 3501 equidem,
1203 3427 1462 3498 Tubem,
1496 3426 1674 3488 etiam
1705 3436 1887 3499 tuam,
1923 3424 2035 3487 sed
2061 3425 2246 3483 multo
2272 3437 2397 3479 ma-

318 3506 412 3581 gis
446 3510 632 3583 patris
657 3508 739 3571 tui
772 3509 1154 3584 prudentiam
1192 3509 1511 3583 desidero,
1545 3511 1717 3585 quod
1736 3509 1918 3568 homo
1943 3521 2130 3581 quum
2155 3500 2398 3576 ingenio
