2514 3928
196 124 324 186 106
459 124 564 185 DE
589 121 1029 185 PROVINCIIS
1062 120 1655 185 CONSULARIBUS
1689 120 1993 182 ORATIO.
2242 130 2280 186 8

184 276 421 349 micuS,
466 276 519 337 si
549 274 631 336 ita
661 274 875 347 vultiS‚
919 271 1179 348 homini,
1213 271 1449 334 amicus
1484 287 1661 345 esse,
1706 270 1863 335 sicut
1894 288 2139 348 semper
2170 272 2269 334 sui.

186 360 283 419 rei
323 359 609 435 publicae
653 358 873 418 debeo.
964 357 1068 418 20.
1099 356 1300 430 Quid?
1338 356 1391 418 si
1441 356 1614 431 ipsas
1645 354 1989 418 inimicitias
2025 358 2271 431 depono

191 443 281 502 rei
312 441 598 518 publicae
631 458 838 513 causa,
873 440 1015 517 quis
1043 457 1141 501 me
1170 441 1412 501 tandem
1444 440 1577 502 iure
1603 441 2057 515 reprehendet?
2081 457 2265 523 „prae-

180 528 398 588 sertim
436 543 623 602 quum
664 541 780 601 ego
825 523 1092 586 omnium
1136 540 1408 585 meorum
1439 523 1833 586 consiliorum
1863 532 2049 600 atque
2083 525 2271 585 sacto-

186 627 321 671 rum
364 611 651 685 exempla
692 625 941 684 semper
980 624 1059 669 ex
1103 624 1477 670 summorum
1533 607 1846 670 hominum
1900 608 2075 670 factis
2130 605 2274 669 mihi

183 694 542 755 censuerim
567 694 852 770 petenda.
904 693 1004 752 IX.
1028 695 1125 752 An
1153 708 1305 754 vero
1331 691 1536 753 Mille
1556 691 1848 766 Lepidus,
1873 693 1977 767 qui
2005 690 2103 752 bis
2126 708 2275 752 con·

195 779 293 839 sul
322 787 385 839 et
414 776 690 853 pontifex
724 776 1029 837 maximus
1062 775 1204 851 fuit,
1246 792 1368 836 non
1399 777 1599 838 solum
1639 774 1970 837 memoriae
2003 775 2273 837 testimo·

196 863 317 934 nio,
350 862 463 921 sed
500 860 679 922 etiam
703 859 1008 920 annalium
1034 857 1249 920 litteris
1283 868 1346 921 et
1375 860 1592 920 summi
1622 863 1845 935 poetae
1880 875 2035 921 voce
2062 859 2275 921 lauda-

182 954 292 1006 =tus
325 953 437 1015 est,
474 945 642 1020 quod
674 960 811 1003 curn
840 943 921 1002 Μ.
949 941 1165 1004 Fulvio
1197 943 1435 1019 collega
1457 988 1474 1019 ‚
1518 959 1640 1019 quo
1674 944 1777 1003 die
1811 959 2035 1004 censor
2060 951 2156 1005 est
2184 945 2272 1004 fa-

178 1037 330 1089 ‘ctus
347 1073 363 1100 ,
387 1027 635 1088 homine
657 1025 1075 1087 inimicissimo
1091 1072 1108 1100 ,
1141 1025 1201 1087 in
1234 1042 1454 1102 campo
1478 1025 1677 1089 statim
1705 1026 1885 1088 rediit
1914 1026 1975 1088 in
1999 1025 2269 1103 gratiam,

182 1121 260 1172 <ut
294 1127 617 1172 commune
646 1110 914 1172 officium
948 1126 1246 1172 censurae
1279 1109 1584 1171 communi
1614 1109 1819 1172 animo
1851 1127 1925 1171 ac
1957 1111 2271 1172 voluntate

176 1196 632 1255 defenderent?
673 1194 776 1257 21.
804 1197 1030 1271 Atque,
1059 1202 1126 1255 ut
1157 1202 1380 1266 vetera,
1427 1212 1587 1271 quae
1616 1203 1761 1256 sunt
1789 1194 2266 1264 innumerabilia,

176 1279 451 1352 mittam,
505 1287 649 1341 tuus
676 1285 869 1354 pater,
909 1277 1205 1355 Philippe,
1249 1294 1456 1340 nonne
1484 1295 1607 1340 uno
1651 1288 1926 1354 tempore
1966 1294 2103 1340 cum
2138 1279 2269 1338 suis

181 1360 639 1424 inimicissimis
673 1365 735 1423 in
764 1362 1019 1438 gratiam
1053 1361 1275 1423 rediit?
1314 1363 1537 1438 quibus
1566 1379 1703 1422 eum
1735 1362 2017 1423 omnibus
2052 1361 2269 1422 eadem

176 1462 291 1507 res
322 1448 570 1522 publica
591 1445 1024 1520 reconciliavit,
1056 1463 1218 1521 quae
1247 1445 1559 1507 alienarat.
1590 1445 1691 1508 22.
1714 1445 1904 1506 Multa
1924 1454 2266 1522 praeterea,

181 1532 358 1605 quod
390 1529 631 1593 intueor
674 1546 879 1592 coram
910 1530 1065 1590 haec
1099 1527 1324 1589 lumina
1352 1537 1533 1604 atque
1565 1538 1921 1591 ornamenta
1950 1528 2039 1590 rei
2069 1528 2267 1605 publi-

174 1629 319 1683 cae,
350 1614 414 1673 P.
445 1612 768 1674 Servilium
802 1621 862 1674 et
886 1613 967 1678 M.
1002 1613 1338 1673 Lucullum.
1400 1613 1639 1675 Utinam
1674 1613 1851 1674 etiam
1882 1613 1950 1674 1..
1978 1613 2263 1674 Lucullus
2291 1658 2296 1663 .

174 1696 309 1758 illic
333 1697 673 1757 adsideret!
720 1695 888 1769 Quae
919 1697 1161 1757 fuerunt
1188 1695 1536 1758 inimicitiae
1573 1699 1633 1757 in
1677 1696 1918 1758 civitate
1950 1695 2265 1773 graviores

180 1797 373 1854 *quam
420 1781 811 1841 Lucullorum
853 1788 1040 1855 atque
1081 1779 1367 1840 Servilii?
1420 1798 1574 1855 quas
1625 1781 1686 1842 in
1726 1779 1876 1840 viris
1919 1777 2266 1845 fortissimis

176 1880 307 1924 non
353 1863 552 1924 solum
594 1864 885 1924 exstinxit
924 1880 1027 1924 res
1073 1863 1320 1939 publica
1364 1865 1753 1942 dignitasque
1801 1863 2109 1940 ipsorum,
2152 1864 2262 1924 sed

171 1945 367 2008 -etiam
397 1947 472 2007 ad
509 1946 832 2009 amicitiam
857 1947 1486 2024 consuetudinemque
1508 1947 1791 2011 traduxit.
1822 1947 1975 2023 Quid
1993 1955 2023 2008 ἵ
2050 1947 2116 2022 Q.
2139 1947 2264 2008 Me·

182 2032 367 2092 tellus
399 2031 631 2106 Nepos,
682 2047 885 2092 nonne
934 2034 1152 2093 consul
1195 2032 1252 2091 in
1287 2034 1512 2108 templo
1542 2033 1707 2094 Iovis
1758 2032 1967 2108 optimi
1998 2031 2262 2105 maximi,

183 2124 500 2189 permotus
531 2132 716 2190 quum
747 2117 1104 2177 auctoritate
1133 2125 1341 2177 vestra
1368 2124 1492 2177 tum
1517 2116 1680 2178 illius
1702 2117 1765 2175 P.
1797 2116 2037 2175 Servilii
2067 2115 2261 2176 incre-

171 2198 354 2259 dibili
384 2197 679 2273 gravitate
709 2197 972 2273 dicendi,
1017 2200 1243 2261 absens
1274 2214 1518 2260 mecum.
1540 2216 1779 2262 summo
1813 2217 1928 2260 suo
1957 2198 2258 2260 beneficio

175 2281 366 2342 rediit
391 2281 453 2341 in
483 2279 735 2356 gratiam
756 2287 787 2339 ν
832 2284 928 2341 An
961 2299 1078 2359 ego
1114 2299 1368 2357 possum
1397 2284 1539 2345 huic
1568 2300 1713 2346 esse
1741 2281 2041 2357 inimicuS,
2084 2281 2263 2343 cuius

184 2364 434 2439 litteris,
479 2366 669 2438 fama,
724 2364 953 2426 nuntiis
997 2366 1382 2427 celebrantur
1414 2384 1597 2430 aures
1631 2366 1855 2428 cotidie
1885 2382 2058 2428 meae
2080 2365 2261 2426 novis

178 2446 535 2509 nominibus
561 2447 848 2524 gentium,
871 2447 1202 2523 nationum,
1231 2453 1553 2513 locorum?
1579 2450 1680 2512 23.
1710 2452 1939 2523 Ardeo,
1963 2449 2106 2510 mihi
2130 2465 2257 2509 cre-

179 2532 339 2606 dite,
394 2542 599 2608 patres
629 2530 979 2609 conscripti,
1014 2565 1101 2579 —
1135 2534 1195 2594 id
1241 2536 1409 2611 quod
1439 2536 1791 2596 vosmet-de
1820 2551 1917 2593 me
1953 2533 2260 2596 existima·

180 2614 260 2675 tis
303 2624 364 2677 et
391 2615 589 2677 facitis
618 2614 742 2692 ipsi
791 2650 863 2661 -
908 2615 1248 2679 incredibili
1293 2620 1561 2694 quodam
1605 2634 1814 2679 amore
1851 2618 2108 2693 patriae:
2155 2616 2258 2691 qui

179 2716 278 2758 me
308 2717 480 2762 amor
523 2708 584 2761 et
617 2699 946 2763 subvenire
970 2700 1113 2762 olim
1142 2699 1635 2777 impendentibus
1656 2701 1945 2778 periculis
1978 2699 2259 2762 maximis

171 2798 321 2843 cum
352 2783 741 2845 dimicatione
771 2785 990 2860 capitis
1031 2793 1092 2846 et
1122 2802 1396 2858 rursum,
1445 2805 1630 2861 quum
1675 2785 1878 2846 omnia
1922 2787 2043 2846 tela
2084 2782 2258 2845 undi-

184 2882 307 2940 que
349 2881 495 2933 esse
553 2866 783 2928 intenta
833 2869 893 2928 in
956 2867 1210 2943 patriam
1255 2868 1555 2942 viderem,
1602 2869 1809 2932 subire
1837 2868 2039 2945 coegit
2076 2877 2258 2941 atque

180 2948 470 3026 excipere
512 2966 700 3010 unum
751 2968 860 3026 pro
901 2951 1228 3012 universis.
1314 2952 1429 3014 Hic
1468 2969 1567 3015 me
1610 2970 1783 3016 meus
1812 2952 1872 3013 in
1903 2969 2031 3014 rem
2062 2950 2256 3029 publi-

180 3048 317 3091 cam
364 3032 604 3093 animus
648 3032 942 3109 pristinus
979 3050 1054 3095 ac
1097 3038 1386 3111 perennis
1427 3056 1564 3099 curn
1601 3038 1663 3099 C.
1696 3038 1959 3098 Caesare
2003 3034 2255 3107 reducit,

176 3114 552 3189 reconciliat,
583 3116 847 3180 restituit
875 3119 933 3178 in
963 3119 1236 3193 gratiam.

302 3197 404 3260 24.
434 3199 608 3273 Quod
639 3202 848 3265 volent
868 3202 1155 3278 denique,
1179 3203 1461 3266 homines
1483 3204 1860 3269 existimenta
1889 3202 2114 3266 nemini
2140 3218 2252 3276 ego

176 3297 433 3356 possum
464 3299 606 3344 esse
636 3285 796 3345 bene
827 3286 1080 3347 merenti
1115 3288 1193 3348 de
1226 3304 1295 3349 re
1320 3287 1565 3365 publica
1583 3305 1705 3350 non
1731 3287 1987 3355 amicus.
2031 3288 2105 3349 X.
2153 3286 2253 3347 Et·

165 3364 337 3424 enim
363 3365 414 3425 si
447 3365 543 3440 iis,
578 3367 683 3442 qui
711 3369 865 3429 haec
896 3369 1100 3430 omnia
1125 3369 1369 3433 flamma
1390 3389 1462 3433 ac
1486 3374 1646 3434 ferro
1678 3372 1884 3434 delere
1908 3373 2251 3441 voluerunt,
