2514 3928
341 272 467 337 288
784 268 934 329 pao
968 269 1175 328 REGE
1207 267 1592 328 οΕιοΤΑΒο
1625 256 1957 329 ORATIO,
2343 278 2424 333 64

338 420 394 480 in
429 417 680 495 proeliis
714 435 898 494 quam
934 417 995 478 in
1042 417 1365 494 promissis
1406 428 1467 478 et
1508 417 1630 477 fide
1680 416 2026 478 firmiorem.
2113 418 2204 479 Tu
2244 418 2422 481 illius

338 506 580 563 domum
614 500 795 576 inire,
833 510 895 562 tu
941 510 1115 563 vetus
1144 499 1477 576 hospitium
1521 517 1820 562 renovare
1856 498 2133 562 voluisti=
2185 510 2242 562 te
2273 501 2421 564 eius

336 586 397 646 di
429 593 684 662 penates
715 594 1113 660 acceperunt:
1144 592 1204 646 te
1236 583 1494 646 amicum
1526 593 1586 645 et
1618 585 1920 659 placatum
1948 581 2220 646 Deiotari
2243 586 2418 661 regis

336 684 481 729 arae
524 667 770 744 focique
811 667 1110 730 viderunt.
1196 667 1256 728 9.
1303 667 1497 742 Quum
1546 666 1723 728 facile
1748 665 1934 744 orari,
1981 667 2240 742 Caesar,
2289 678 2417 731 tum

335 750 525 813 semel
574 751 815 813 exorari
863 754 1051 813 soles.
1137 752 1328 812 Nemo
1372 767 1657 826 umquam
1700 758 1757 811 te
1800 749 2065 827 placavit
2103 749 2413 830 inimicus..

336 837 437 912 qui
475 838 630 897 ullas
662 835 975 896 resedisse
1011 834 1069 895 in
1104 844 1161 896 te
1190 832 1510 895 simultatis
1542 832 1832 909 reliquias
1867 834 2143 895 senserit.
2190 835 2417 910 Quam·

335 937 519 995 quam
549 917 646 980 cui
676 927 818 980 sunt
847 917 1155 978 inauditae
1187 934 1325 978 cum
1354 917 1638 979 Deiotaro
1658 917 1974 990 querellae
1990 924 2173 981 tuae?
2226 918 2418 979 Num-

336 1020 517 1079 quam
557 1009 621 1062 tu
665 1001 834 1062 illum
872 999 1245 1062 accusavisti
1277 1010 1341 1060 ut
1366 1000 1636 1075 hostem,
1669 1000 1781 1061 sed
1814 1008 1881 1061 ut
1906 999 2166 1061 amicum
2200 1002 2417 1063 officio

337 1103 550 1160 parum
583 1087 880 1159 sunctum,
924 1084 1090 1160 quod
1138 1082 1509 1159 propensior
1536 1082 1596 1143 in
1634 1083 1739 1144 Cn.
1770 1082 2042 1159 Pompeii
2085 1085 2419 1147 amicitiam
2498 1106 2499 1151 5

339 1169 555 1229 suisset
593 1183 774 1243 quarn
806 1166 863 1226 in
898 1177 1090 1228 tuam=
1128 1168 1224 1228 cui
1255 1176 1451 1227 tamen
1473 1164 1604 1242 ‚ipsi
1639 1166 1725 1228 rei
1760 1165 2000 1227 veniam
2030 1175 2088 1227 te
2124 1168 2419 1230 daturum

335 1250 526 1311 fuisse
567 1250 845 1322 dicebas,
895 1250 949 1310 si
981 1261 1102 1312 tum
1132 1249 1361 1312 auxilia
1387 1251 1710 1325 Pompeio,
1757 1253 1852 1311 vel
1895 1250 1947 1311 si
2000 1249 2183 1311 etiam
2217 1252 2413 1315 filium

334 1333 633 1406 misisset,
663 1334 799 1410 ipse
828 1333 1045 1394 aetatis
1074 1333 1476 1395 excusatione
1505 1350 1657 1394 usus
1692 1343 1876 1394 esset.
1966 1332 2065 1394 10.
2096 1335 2185 1396 lta
2222 1354 2419 1411 quum

333 1415 613 1478 maximis
655 1433 792 1478 eum
839 1418 1025 1483 rebus
1062 1417 1386 1491 liberares,
1426 1433 1791 1493 perparvam
1831 1416 2129 1477 amicitiae
2163 1420 2421 1494 culpam

332 1499 743 1577 relinquebas.
830 1503 1043 1577 ltaque
1090 1518 1209 1562 non
1254 1502 1450 1561 solum
1494 1501 1553 1560 in
1584 1517 1723 1561 eum
1753 1517 1873 1561 non
1905 1499 2420 1577 animadvertisti,

334 1585 446 1645 sed
478 1585 638 1644 omni
669 1594 832 1646 metu
865 1583 1214 1658 liberavisti,
1241 1581 1546 1660 hospitem
1572 1583 1894 1658 agnovisti,
1924 1599 2136 1659 regem
2159 1584 2420 1663 reliqui·
2500 1662 2501 1669 ἵ

298 1661 302 1665 ’
333 1667 428 1729 sti.
482 1668 697 1744 Neque
732 1667 891 1728 enim
923 1668 1022 1727 ille
1046 1666 1189 1727 odio
1216 1666 1301 1727 tui
1326 1683 1692 1742 progressus
1723 1675 1835 1742 est,
1866 1668 1979 1728 sed
2001 1684 2219 1728 errore
2246 1685 2412 1731 com--

333 1753 494 1812 muni
536 1754 751 1825 lapsus
793 1759 906 1814 est.
993 1751 1053 1810 Is
1097 1767 1236 1823 rex,
1283 1767 1463 1825 quem
1508 1758 1761 1811 senatus
1793 1751 1910 1812 hoc
1942 1750 2187 1811 nomine
2217 1769 2417 1829 saepe

332 1831 966 1894 honorificentissimis
1012 1831 1275 1894 decretis
1316 1834 1785 1908 appellavisset,
1835 1833 2068 1909 quique
2108 1833 2280 1895 illum
2319 1854 2412 1897 or·

332 1917 531 1977 dinem
564 1915 639 1976 ab
672 1916 1089 1978 adolescentia
1119 1916 1548 1992 gravissimum
1580 1915 2160 1994 sanctissimumque
2197 1918 2409 1981 duxis-

330 2007 442 2072 set,
476 1999 692 2060 iisdem
721 2001 908 2061 rebus
939 2009 1034 2061 est
1061 2000 1450 2076 perturbatus
1493 2001 1674 2062 homo
1710 2000 2081 2076 longinquus
2105 2011 2166 2063 et
2196 2001 2409 2064 alieni·

330 2100 504 2158 gena,
540 2083 760 2158 quibus
785 2100 898 2144 nos
927 2082 987 2144 in
1024 2083 1224 2145 media
1254 2102 1324 2145 rc
1346 2082 1590 2159 publica
1619 2082 1742 2146 nati
1765 2101 2133 2161 semperque
2158 2087 2413 2149 versati.

333 2169 435 2225 lV.
479 2165 577 2228 11.
614 2167 805 2242 Quum
835 2166 1073 2228 audiret
1103 2176 1354 2229 senatus
1385 2165 1819 2230 consentientIs
1851 2169 2211 2231 auctoritate
2240 2186 2415 2231 arma

329 2259 569 2325 sumpta
588 2258 797 2326 [esse]‚
820 2249 1205 2326 consulibus,
1237 2251 1655 2327 praetoribuS,
1685 2250 1940 2313 tribunis
1970 2251 2189 2328 plebis,
2223 2253 2411 2315 nobis

330 2331 800 2406 imperatoribus
828 2350 954 2393 rem
986 2333 1289 2408 publicam
1322 2335 1766 2395 defendendam
1789 2335 2008 2408 datam,
2040 2337 2411 2399 movebatur

328 2414 529 2476 animo
570 2423 631 2476 et
664 2415 756 2476 vir
798 2415 937 2477 huic
967 2416 1222 2491 imperio
1255 2417 1664 2480 amicissimus
1701 2419 1778 2479 de
1807 2420 2003 2481 salute
2030 2419 2249 2496 populi
2283 2422 2411 2482 Ro·

328 2496 486 2558 mani
518 2497 987 2574 extimescebat,
1031 2499 1090 2561 in
1137 2519 1257 2577 qua
1302 2501 1481 2562 etiam
1527 2519 1700 2563 suam
1730 2518 1873 2566 esse
1902 2503 2200 2565 inclusam
2237 2502 2410 2565 vide-

327 2582 448 2643 bat.
536 2583 600 2644 In
653 2600 889 2644 summo
938 2593 1133 2645 tamen
1185 2584 1399 2648 timore
1442 2585 1882 2662 quiescendum
1925 2585 2042 2647 sibi
2072 2603 2217 2648 esse
2246 2586 2411 2648 arbi·

330 2666 612 2728 trabatur.
681 2668 944 2729 Maxime
974 2685 1122 2730 vero
1154 2669 1540 2744 perturbatus
1570 2677 1693 2745 est,
1730 2678 1792 2731 ut
1819 2669 2053 2731 audivit
2111 2671 2411 2732 consules

331 2765 407 2809 ex
452 2750 622 2814 Italia
660 2749 1017 2828 profugisse
1072 2769 1413 2828 omnesque
1475 2754 1834 2814 consulares
1873 2789 1956 2799 —
2010 2752 2101 2814 sic
2142 2753 2308 2814 enim
2353 2753 2412 2815 ei

328 2832 718 2896 nuntiabatur
743 2870 845 2913 -—,
864 2844 1147 2898 cunctum
1173 2845 1469 2909 senatum,
1488 2845 1673 2898 totam
1688 2837 1916 2898 Italiam
1932 2836 2213 2899 effusam.
2242 2836 2406 2898 Tali·

324 2927 439 2981 bus
500 2922 661 2981 enim
718 2922 946 2982 nuntiis
1007 2931 1067 2982 et
1110 2922 1462 2984 rumoribus
1517 2922 1772 2997 patebat
1826 2922 1905 2979 ad
1955 2920 2257 2980 orientem
2306 2938 2405 2980 via

325 3019 443 3065 nec
489 3003 594 3065 ulli
660 3004 789 3065 veri
831 3004 1397 3081 subsequebantur.
1480 3003 1637 3066 Nihil
1672 3003 1774 3065 ille
1816 3003 1896 3064 de
1930 3001 2410 3065 condicionibus

325 3087 474 3162 tuis,
520 3087 666 3148 nihil
713 3091 791 3150 de
820 3088 1021 3150 studio
1061 3087 1432 3149 concordiae
1461 3096 1521 3149 et
1551 3086 1756 3163 paciS,
1794 3086 1938 3147 nihil
1969 3086 2048 3147 de
2081 3083 2408 3161 conspira-

325 3169 491 3232 tione
536 3169 824 3233 audiebat
868 3180 1167 3232 certorum
1215 3170 1522 3233 hominum
1566 3179 1776 3232 contra
1820 3168 2172 3246 dignitatem
2213 3178 2408 3230 tuam.

326 3254 495 3326 Quae
539 3271 725 3329 quum
768 3254 849 3314 ita
884 3262 1121 3326 essent,
1172 3261 1370 3315 tamen
1420 3270 1619 3329 usque
1663 3271 1737 3315 eo
1783 3269 1852 3314 se
1881 3252 2099 3325 tenuit,
2125 3251 2341 3327 quoad
2369 3267 2411 3312 a

322 3338 432 3395 Cn.
461 3335 751 3412 Pompeio
776 3337 854 3397 ad
883 3353 1020 3398 eum
1044 3337 1221 3413 legati
1245 3337 1602 3413 litteraeque
1627 3343 1941 3398 venerunt.
1988 3334 2085 3397 12.
2115 3336 2411 3411 Ignosce,

321 3416 597 3494 ignosce,
639 3419 883 3495 Caesar,
911 3418 965 3482 si
991 3419 1122 3482 eius
1161 3420 1270 3481 viri
1297 3420 1637 3483 auctoritati
1675 3438 1784 3481 rex
1820 3418 2145 3482 Deiotarus
2187 3417 2410 3494 cessit,

323 3517 502 3575 quem
518 3519 633 3563 nos
648 3520 860 3566 omnes
877 3503 1067 3566 secuti
1084 3522 1299 3567 sumus
1313 3527 1327 3562 ε
1342 3505 1420 3565 ad
1438 3521 1617 3580 quem
1635 3520 1820 3579 quum
1837 3503 1896 3563 di
1920 3511 2102 3579 atque
2118 3500 2413 3563 homines
