2514 3928
207 140 286 204 52
808 139 957 200 PRO
992 139 1055 203 P.
1090 138 1356 200 SESTIO
1389 130 1693 202 ORATIO.

207 291 292 354 rei
334 293 634 369 publicae.
708 293 839 353 Non
889 309 963 352 ea
993 301 1090 353 est
1125 291 1462 368 medicina,
1510 311 1695 369 quum
1726 309 1916 353 sanae
1949 293 2101 368 parti
2141 311 2269 355 cor·

208 375 377 453 poris
420 377 778 451 scalpellum
820 375 1143 443 adhibetur
1181 385 1373 451 atque
1425 376 1723 451 integrae:
1776 376 2129 437 carnificina
2179 384 2275 439 est

208 461 324 521 ista
367 469 428 521 et
469 460 830 521 crudelitas=
881 459 938 519 ei
980 460 1299 520 medentur
1347 458 1434 518 rei
1479 459 1791 534 publicae,
1842 461 1943 534 qui
1976 470 2272 522 exsecant

207 553 444 620 pestem
475 544 740 620 aliquam
775 553 1078 617 tamquam
1109 552 1400 604 strumam
1436 543 1716 604 civitatis,

377 625 520 689 136.
565 626 691 688 Sed
725 636 789 688 ut
816 636 1149 688 extremum
1184 627 1406 688 habeat
1434 627 1662 702 aliquid
1691 626 1888 688 oratio
1921 644 2088 701 mea,
2121 640 2181 690 et
2209 639 2274 691 ut

207 728 322 788 ego
360 720 500 773 ante
536 710 782 772 dicendi
815 712 996 771 finem
1028 711 1240 770 faciam
1275 727 1453 785 quam
1488 728 1601 771 vos
1631 727 1726 771 me
1759 720 1877 772 tam
1908 721 2132 773 attente
2163 729 2271 773 au-

208 796 447 871 diendi,
488 797 851 856 concludam
895 794 1042 855 illud
1084 795 1161 853 de
1193 794 1584 870 optimatibus
1613 811 1950 871 eorumque
1984 795 2269 872 principi-

206 882 322 940 bus
366 896 441 940 ac
469 877 558 940 rei
592 880 874 955 publicae
907 878 1372 951 defensoribuS,
1411 896 1679 954 vosque,
1710 878 2169 956 adolescenteS,
2210 892 2272 941 et

209 962 313 1039 qui
356 963 594 1023 nobiles
635 963 818 1036 estiS,
862 963 940 1022 ad
976 961 1272 1022 maiorum
1305 971 1647 1023 vestrorum
1676 962 2070 1025 imitationem
2106 963 2270 1025 exci-

206 1047 378 1119 tabo,
428 1054 489 1108 et
529 1046 635 1121 qui
676 1046 921 1123 ingenio
965 1063 1040 1106 ac
1088 1045 1303 1107 virtute
1344 1046 1714 1119 nobilitatem
1760 1046 2022 1122 potestis
2052 1063 2271 1108 conse·

210 1131 344 1207 qui,
376 1131 456 1190 ad
487 1146 620 1190 eam
652 1131 977 1205 rationem,
1023 1129 1080 1190 in
1116 1146 1237 1206 qua
1266 1132 1432 1190 multi
1468 1129 1747 1193 homines
1780 1133 1922 1192 novi
1953 1133 2270 1192 ethonore

206 1225 265 1276 et
291 1215 483 1289 gloria
513 1213 869 1287 floruerunt,
903 1213 1290 1276 cohortabor.
1354 1213 1492 1277 137.
1536 1216 1703 1276 Haec
1726 1224 1821 1277 est
1841 1233 1963 1276 una
1984 1215 2097 1285 via,
2123 1212 2268 1275 mihi

205 1297 468 1372 credite,
513 1308 575 1360 et
618 1300 820 1360 laudis
862 1306 922 1359 et
951 1296 1260 1373 dignitatis
1293 1307 1355 1360 et
1380 1297 1664 1360 honorisz
1704 1316 1740 1359 a
1782 1299 1958 1360 bonis
1991 1298 2140 1359 viris
2171 1314 2266 1359 sa·

209 1382 514 1458 pientibus
557 1390 617 1444 et
657 1383 816 1444 bene
858 1391 1073 1444 natura
1111 1382 1456 1445 constitutis
1486 1382 1720 1443 laudari
1751 1392 1811 1443 et
1838 1382 2035 1457 diligi,
2077 1398 2269 1444 nosse

205 1465 669 1543 discriptionem
683 1463 945 1528 civitatis
970 1466 1353 1527 amaioribus
1383 1466 1609 1529 nostris
1640 1465 2094 1542 sapientissime
2122 1482 2267 1527 con·

206 1551 505 1624 stitutam,
540 1550 643 1628 qui
682 1567 867 1627 quum
897 1566 1108 1625 regum
1136 1558 1500 1626 potestatem
1537 1567 1655 1611 non
1689 1550 1998 1621 tulissent,
2031 1549 2115 1611 ita
2142 1566 2267 1609 ma·

206 1632 496 1708 gistratus
538 1650 778 1695 annuos
820 1642 1208 1707 creaverunt,
1257 1642 1325 1696 ut
1367 1633 1689 1695 consilium
1729 1643 1980 1694 senatus
2022 1633 2114 1694 rei
2155 1649 2263 1708 pu-

209 1716 404 1777 blicae
438 1726 886 1793 praeponerent
914 1717 1383 1794 sempiternum,
1428 1717 1842 1793 deligerentur
1883 1726 2083 1779 autem
2115 1717 2173 1777 in
2207 1718 2264 1776 id

207 1799 525 1861 consilium
554 1801 630 1862 ab
654 1800 944 1863 universo
970 1803 1200 1877 populo
1219 1802 1547 1878 aditusque
1574 1799 1631 1860 in
1655 1800 1822 1862 illum
1846 1817 2146 1862 summum
2171 1816 2267 1860 or-

207 1884 407 1943 dinem
437 1884 702 1945 omnium
731 1885 955 1946 civium
983 1885 1318 1947 industriae
1342 1902 1416 1946 ac
1448 1884 1646 1947 virtuti
1680 1893 1936 1960 pateret:
1989 1895 2267 1946 senatum

206 1967 291 2029 rei
318 1968 600 2043 publicae
622 1971 960 2046 custodem,
986 1970 1349 2046 praesidem,
1387 1978 1900 2046 propugnatorem
1925 1970 2266 2031 collocave-

205 2061 373 2113 runt:
403 2051 584 2113 huius
615 2053 849 2114 ordinis
880 2054 1238 2116 auctoritate
1265 2055 1349 2115 uti
1378 2053 1767 2130 magistratus
1797 2062 1857 2115 et
1888 2053 2063 2129 quasi
2094 2051 2240 2113 mini

206 2147 369 2197 stros
413 2136 758 2212 gravissimi
803 2138 1042 2199 consilii
1077 2155 1220 2199 esse
1249 2139 1604 2199 voluerunt:
1636 2146 1914 2199 senatum
1945 2146 2145 2199 autem
2174 2135 2266 2212 ip-

206 2236 342 2281 sum
386 2219 797 2295 proximorum
856 2222 1135 2283 ordinum
1189 2222 1579 2296 splendorem
1635 2222 2026 2295 confirmare,
2068 2219 2268 2296 plebis

207 2303 539 2364 libertatem
571 2312 631 2364 et
658 2307 983 2367 commoda
1012 2304 1166 2367 tueri
1195 2314 1383 2381 atque
1415 2321 1643 2380 augere
1669 2308 2014 2366 voluerunt.

371 2387 579 2448 val.
628 2387 766 2451 138.
810 2389 976 2449 Haec
1008 2389 1113 2465 qui
1149 2405 1261 2462 pro
1295 2389 1448 2450 virili
1484 2398 1653 2465 parte
1696 2389 2061 2460 defendunt,
2108 2388 2265 2462 opti·

205 2479 610 2547 matessunt,
642 2472 1083 2549 cuiuscumque
1111 2480 1255 2533 sunt
1283 2471 1542 2533 ordinis=
1576 2473 1676 2548 qui
1707 2481 1905 2534 autem
1936 2469 2269 2548 praecipue

204 2555 336 2617 suis
388 2555 730 2617 cervicibus
781 2566 942 2618 tanta
986 2556 1191 2616 munia
1231 2565 1419 2632 atque
1445 2572 1571 2618 rem
1602 2556 1906 2633 publicam
1945 2554 2266 2628 sustinent,

205 2640 264 2700 hi
291 2657 536 2717 semper
565 2640 750 2702 habiti
782 2650 925 2702 sunt
952 2640 1329 2718 optimatium
1361 2638 1693 2716 principes,
1722 2648 2005 2702 auctores
2033 2645 2094 2699 et
2120 2654 2267 2699 con·

205 2737 555 2786 servatores
604 2724 884 2787 civitatis.
946 2725 1101 2785 Huic
1148 2724 1458 2785 hominum
1503 2722 1714 2799 generi
1748 2725 1971 2797 fateor,
2012 2729 2079 2783 ut
2125 2729 2266 2783 ante

205 2806 366 2880 dixi,
395 2808 1068 2880 multos-adversarios,
1100 2806 1401 2881 inimicoS,
1435 2806 1682 2868 invidos
1717 2823 1879 2880 esse,
1908 2808 2092 2865 multa
2126 2821 2267 2881 pro·

206 2889 351 2966 poni
383 2890 682 2966 pericula,
728 2894 949 2954 multas
995 2892 1203 2953 inferri
1234 2890 1519 2963 iniurias,
1566 2907 1823 2966 magnos
1852 2906 1995 2951 esse
2023 2889 2267 2963 experi-

207 2974 407 3034 undos
442 2983 504 3035 et
531 2974 891 3037 subeundos
924 2977 1197 3038 labores:
1235 2975 1349 3035 sed
1378 2974 1526 3036 mihi
1555 2974 1755 3035 omnis
1785 2975 1978 3036 oratio
2010 2980 2107 3034 est
2127 2986 2266 3034 cum

204 3057 455 3133 virtute,
484 3074 605 3118 non
639 3073 778 3118 cum
807 3058 1073 3131 desidia,
1108 3075 1242 3119 cum
1276 3058 1582 3135 dignitate,
1616 3075 1739 3119 non
1767 3074 1906 3120 cum
1937 3058 2262 3132 voluptate,

205 3157 343 3201 cum
385 3140 593 3218 iis,qui
626 3157 696 3202 se
726 3142 989 3218 patriae,
1032 3142 1294 3219 quisuis
1323 3142 1593 3213 civibuS,
1629 3141 1733 3217 qui
1760 3140 1954 3215 laudi,
2002 3140 2106 3217 qui
2134 3140 2265 3215 glo-

205 3224 351 3298 riae,
382 3240 538 3300 non,
580 3224 685 3301 qui
720 3241 936 3287 somno
967 3234 1029 3287 et
1060 3224 1360 3288 conviviis
1395 3234 1457 3287 et
1484 3224 1874 3292 delectationi
1902 3232 2079 3286 natos
2110 3221 2266 3284 arbi-

206 3316 454 3370 trantur.
517 3308 667 3368 Nam
710 3307 765 3370 si
807 3309 913 3385 qui
955 3308 1370 3385 voluptatibus
1412 3310 1718 3372 ducuntur
1760 3317 1821 3370 et
1859 3325 1930 3370 se
1981 3305 2266 3369 vitiorum

207 3390 512 3454 illecebris
554 3400 614 3453 et
656 3391 1075 3470 cupiditatium
1102 3391 1420 3455 lenociniis
1464 3392 1858 3460 dediderunt.
1909 3390 2135 3453 missos
2179 3390 2267 3452 ra-
