2514 3928
203 192 333 259 474
409 259 424 267 ἢ
460 193 538 252 IN
569 191 651 255 M.
684 189 1087 252 ANTONlUM
1112 188 1397 252 ORATIO
1429 189 1852 251 PHILIPPICA
1879 190 2047 252 XIV.
2212 201 2315 257 170

206 352 480 423 quartam
510 343 706 417 illam,
751 359 913 419 quae
952 342 1165 404 relicto
1191 343 1463 404 Antonio
1506 358 1577 404 se
1607 341 1750 404 olim
1780 357 1923 405 cum
1950 342 2187 405 Martia
2226 345 2314 405 le-

203 431 385 505 gione
419 426 760 503 coniunxit,
809 435 871 488 et
910 425 1260 504 septimam,
1311 443 1469 503 quae
1500 424 1829 488 constituta
1870 443 1953 488 ex
1983 428 2314 489 veteranis

202 514 411 576 docuit
443 511 564 573 hoc
595 509 832 587 proelio
865 511 1154 575 militibus
1197 509 1303 586 iis,
1347 512 1450 588 qui
1483 510 1766 571 Caesaris
1808 511 2130 573 beneficia
2174 528 2313 574 ser·

202 603 487 676 vassent‚
525 603 778 658 senatus
812 595 1149 672 populique
1176 594 1438 655 Romani
1472 611 1681 656 carum
1710 611 1935 657 nomen
1967 611 2146 657 esse.
2197 595 2315 658 His

202 680 412 757 viginti
444 680 820 754 cohortibuS,
850 682 1017 742 nullo
1049 677 1344 755 equitatu,
1374 678 1605 750 Hirtius
1636 678 1774 755 ipse
1803 679 2085 756 aquilam
2121 698 2313 757 quar·

199 774 296 826 tae
329 763 593 840 legionis
638 780 824 839 quum
869 763 1150 837 inferret,
1201 782 1325 838 qua
1355 764 1579 825 nullius
1611 765 1984 839 pulcriorem
2017 766 2315 841 speciem

200 848 585 924 imperatoris
627 849 1012 924 accepimus,
1050 864 1187 909 cum
1228 846 1425 909 tribus
1455 845 1707 909 Antonii
1735 847 2095 923 legionibus
2131 849 2313 925 equi·

199 941 449 1009 tatuque
480 930 798 1004 conflixit,
837 932 1179 1008 hostesque
1208 932 1515 1005 nefarios,
1546 931 1687 993 huic
1717 932 1885 993 lovis
1915 933 2151 1009 optimi
2180 951 2312 995 ma·

196 1015 344 1077 ximi
425 1014 771 1091 ceterisque
815 1016 1075 1078 deorum
1102 1015 1531 1077 immortalium
1561 1016 1834 1091 templis,
1877 1016 2057 1077 urbis
2104 1019 2310 1093 tectis,

196 1098 456 1161 libertati
489 1098 702 1176 populi
723 1099 1013 1174 Romani,
1058 1109 1306 1162 nostrae
1337 1098 1497 1161 vitae
1528 1098 1940 1176 sanguinique
1974 1100 2309 1163 imminen-

195 1192 288 1244 tes
324 1184 686 1259 prostravit,
721 1183 905 1255 rudit,
938 1183 1191 1259 occidit,
1223 1193 1288 1246 ut
1316 1200 1456 1246 cum
1482 1184 1813 1246 admodum
1838 1183 2085 1270 pauciS,
2120 1194 2306 1248 nocte

196 1276 420 1342 tectuS,
467 1276 631 1329 metu
660 1267 1047 1343 perterritus,
1090 1269 1389 1366 princeps·
1422 1269 1722 1330 latronum
1755 1269 2014 1346 duxque
2048 1268 2303 1345 sugerit.

195 1351 241 1411 Ο
284 1353 480 1413 solem
530 1350 735 1428 ipsum
777 1352 1229 1425 beatissimum,
1286 1350 1421 1428 qui,
1481 1361 1621 1413 ante
1673 1369 1857 1428 quam
1905 1370 1977 1415 se
2018 1354 2302 1428 abderet,

193 1436 397 1498 stratis
428 1436 836 1498 cadaveribus
873 1436 1316 1513 parricidarum
1347 1453 1489 1498 cum
1521 1435 1736 1512 paucis
1771 1436 2119 1514 fugientem
2152 1436 2303 1500 vidit

191 1518 561 1582 Antonium!
652 1519 753 1583 28.
789 1522 883 1579 An
918 1538 1063 1582 vero
1098 1520 1426 1597 quisquam
1461 1519 1760 1582 dubitabit
1789 1523 2118 1597 appellare
2153 1523 2299 1582 Cae-

194 1620 396 1664 sarem
430 1603 905 1680 imperatorem?
988 1607 1181 1666 Aetas
1218 1604 1352 1667 eius
1389 1614 1555 1666 certe
1582 1604 1660 1664 ab
1695 1604 1813 1665 hac
1845 1606 2166 1668 sententia
2197 1623 2298 1667 ne-

192 1686 414 1748 minem
451 1686 807 1763 deterrebit,
844 1689 1092 1764 quando
1124 1688 1372 1765 quidem
1403 1688 1625 1750 virtute
1654 1690 1976 1764 superavit
2007 1698 2294 1752 aetatem.

198 1774 284 1831 Ac
319 1770 465 1832 mihi
497 1788 746 1847 semper
796 1787 872 1833 eo
915 1773 1147 1833 maiora
1186 1772 1488 1834 beneficia
1530 1773 1592 1833 C.
1625 1772 1907 1834 Caesaris
1954 1775 2097 1836 visa
2135 1783 2294 1847 sunt,

197 1873 313 1930 quo
337 1856 537 1916 minus
561 1864 736 1918 erant
755 1856 832 1918 ab
847 1855 1169 1918 aetateilla
1188 1857 1590 1932 postulanda=
1623 1857 1722 1918 cui
1746 1874 1937 1933 quum
1962 1856 2291 1934 imperium

192 1939 524 2013 dabamuS,
564 1941 784 2003 eodem
826 1949 1103 2017 tempore
1145 1939 1327 2002 etiam
1357 1957 1536 2017 spem
1571 1941 1707 2003 eius
1741 1939 2009 2003 nominis
2053 1942 2291 2005 desere·

192 2024 444 2083 bamus:
504 2022 672 2095 quod
717 2039 902 2097 quum
950 2030 1047 2082 est
1090 2030 1496 2098 consecutus,
1581 2020 2015 2082 auctoritatem
2060 2019 2296 2083 decreti

191 2105 389 2167 nostri
419 2106 606 2166 rebus
644 2105 839 2180 gestis
872 2107 1002 2166 suis
1046 2105 1491 2181 comprobavit.
1586 2103 1701 2164 Hic
1729 2119 1880 2179 ergo
1914 2103 2295 2166 adolescens

194 2187 441 2249 maximi
471 2188 688 2262 animi,
730 2197 797 2250 ut
826 2187 1147 2249 verissime
1183 2187 1395 2250 scr-ibit
1421 2185 1684 2260 HirtiuS,
1721 2194 1926 2249 castra
1962 2188 2293 2249 multarum

192 2270 503 2347 legionum
542 2270 756 2347 paucis
790 2271 1145 2334 cohortibus
1187 2280 1415 2334 tutatus
1462 2281 1558 2332 est
1591 2271 2069 2347 secundumque
2112 2287 2293 2346 proe-

195 2354 337 2416 lium
380 2355 543 2417 l'ecit.
630 2355 720 2416 lta
766 2355 942 2417 trium
987 2358 1423 2432 imperatorum
1468 2354 1682 2430 populi
1731 2353 1994 2416 Romani
2049 2353 2291 2429 virtute,

196 2437 487 2513 consilio,
533 2437 819 2500 felicitate
869 2457 992 2501 uno
1044 2439 1144 2500 die
1199 2439 1354 2501 locis
1406 2437 1685 2514 pluribus
1738 2456 1839 2500 res
1891 2438 2147 2514 publica
2198 2448 2289 2500 est

193 2532 578 2586 conservata.
678 2522 781 2582 XI.
826 2522 928 2585 29.
991 2525 1272 2585 Decern‘o
1316 2522 1500 2600 igitur
1547 2539 1762 2584 eorum
1806 2521 1985 2585 trium
2038 2521 2285 2583 nomine

194 2606 640 2683 quinquafflnta
696 2606 932 2670 dierum
994 2607 1522 2684 supplicationesz
1582 2623 1838 2680 causaS,
1911 2615 1980 2668 ut
2036 2606 2285 2667 honori·

192 2691 609 2754 ficentissimis
645 2691 857 2752 verbis
900 2690 1201 2767 consequi
1239 2701 1524 2770 potuero,
1545 2691 1921 2767 complectar
1960 2689 2103 2766 ipsa
2149 2706 2287 2751 sen-

193 2775 399 2838 tentia.

315 2860 427 2921 Est
464 2868 668 2923 autem
708 2857 856 2923 fidei
908 2857 1285 2936 pietatisque
1349 2866 1598 2920 nostrae
1646 2859 1963 2930 declarare
2023 2855 2285 2918 fortissi-

190 2944 306 3004 mis
352 2942 642 3007 militibus
687 2960 872 3021 quam
905 2959 1209 3005 memores
1245 2941 1440 3006 simus
1477 2957 1791 3019 quamque
1823 2939 1998 3018 grati.
2092 2940 2284 3016 Quam

192 3026 272 3086 ob
320 3043 450 3088 rem
505 3028 814 3103 promissa
856 3036 1069 3090 nostra
1107 3034 1297 3105 atque
1333 3044 1443 3102 ea,
1500 3042 1661 3102 quae
1721 3023 2068 3102 legionibus
2120 3024 2281 3087 bello

192 3111 477 3171 confecto
512 3113 840 3175 tributuros
863 3130 981 3175 nos
1010 3111 1481 3189 spopondimus,
1512 3109 1816 3172 hodierno
1853 3117 2107 3171 senatus
2136 3125 2278 3170 con·

193 3192 354 3251 sulto
383 3195 743 3255 renovanda
777 3211 1039 3258 censeo·
1090 3212 1362 3272 aequum
1403 3202 1501 3257 est
1531 3194 1694 3255 enim
1742 3193 2023 3266 militum,
2069 3190 2277 3254 talium

191 3273 578 3349 praesertim,
631 3277 929 3339 honorem
975 3278 1290 3355 coniungi.
1372 3278 1478 3340 30.
1519 3278 1728 3354 Atque
1765 3276 2027 3351 utinam,
2067 3284 2277 3352 patres

191 3354 554 3430 conscripti,
600 3359 837 3421 civibus
880 3360 1166 3424 omnibus
1209 3365 1456 3426 solvere
1497 3360 1678 3424 nobis
1723 3358 1996 3437 praemia
2033 3359 2277 3423 licerett

194 3451 559 3511 quamquam
618 3457 733 3502 nos
778 3458 881 3517 ea,
937 3459 1098 3519 quae
1154 3444 1579 3522 promisimuS,
1644 3445 1925 3508 studiose
1972 3444 2280 3506 cumulata
