2514 3928
182 192 321 230 xzvx
659 173 1051 226 PROOEMIUM
1086 172 1418 225 EDITIONIS
1455 170 1822 224 SECUNDAE.

161 313 403 378 Madvigii
450 314 736 363 coniectura
781 310 933 360 edidi.
1002 311 1058 360 In
1101 310 1242 360 libris
1297 321 1375 359 est
1426 310 1642 359 decumis
1692 311 2052 372 imperatorum
2092 326 2248 375 pecu-

163 383 309 432 niam,
364 382 410 440 ἓ.
437 382 519 431 31.
558 380 634 430 At
666 384 814 430 erunt
848 379 912 427 (18
930 377 1173 443 Madvigii
1198 379 1486 427 coniectura
1510 387 1602 436 est,
1642 375 1754 425 libri
1789 375 1979 427 habent
2013 379 2251 428 aderunt.

164 445 288 512 Cap.
316 449 394 498 12.
431 449 478 508 ξ.
505 449 586 498 33.
640 445 825 510 scripsi
876 446 940 495 de
993 444 1233 509 Madvigii
1288 445 1563 502 sententia:
1626 442 1758 501 Nec,
1815 461 1963 510 quam
2015 446 2101 495 diu
2149 460 2255 495 non

163 515 488 565 amicissimus
518 515 636 564 mihi
667 514 940 576 Pompeius
977 512 1094 574 fuit,
1138 525 1233 576 pro
1279 511 1519 575 vulgato:
1582 509 1739 571 Quam
1773 512 1862 561 diu
1893 537 1963 548 —-
1996 528 2096 562 non
2130 514 2254 561 ami·

163 583 388 632 cissimus
429 581 548 632 milti
589 597 689 631 non
730 580 1000 644 Pompeius
1039 580 1157 640 fuit.
1230 576 1354 644 Cap.
1384 581 1463 628 13.
1499 578 1546 638 §-
1573 578 1655 628 37.
1692 578 1846 627 verba
1879 585 1981 629 tam
2016 581 2252 638 insoleyis,

163 663 380 710 quorum
415 647 551 698 nulla
583 647 690 698 fere
723 649 996 696 auctoritas
1033 647 1084 695 in
1119 646 1260 695 libris
1299 655 1400 710 est,
1447 644 1609 694 delevi
1648 653 1765 694 ante
1807 646 2099 697 vei-bartam
2128 662 2251 710 per·

162 732 370 766 versum.
441 715 566 781 Cap.
605 716 683 766 15.
728 715 776 775 ὃ.
802 716 884 764 42.
924 713 1170 778 praemiis
1213 727 1278 762 ac
1311 715 1549 764 memoria
1584 712 1648 760 (18
1682 711 1926 778 Madvigii
1962 714 2251 762 coniectura

165 794 260 833 est.
329 783 386 830 In
420 781 562 832 libris
597 781 783 848 legitur
813 783 1056 845 praemiis
1090 782 1163 830 ad
1194 781 1496 830 memoriam.
1568 777 1690 843 Gap.
1718 780 1797 829 16.
1833 780 1882 840 §-
1906 783 1990 833 43.
2036 781 2100 829 (18
2133 794 2254 828 vera

163 850 327 914 Jeepii
363 851 652 899 coniectura
686 865 827 899 mera
861 851 972 897 laus
1005 848 1213 912 reposui
1250 861 1345 911 pro
1380 848 1509 896 mira
1544 849 1671 899 lau-3.
1728 846 1852 895 Mox
1886 848 2250 911 imprudentem

163 917 228 966 de
263 915 445 965 Halmii
478 917 766 982 suspitione
801 915 934 964 edidi
972 929 1064 979 pro
1098 916 1421 978 prudentem,
1468 913 1607 975 quod
1654 914 1704 961 in
1749 913 1891 963 libris
1929 923 2024 964 est.
2092 915 2141 974 ἓ.
2166 916 2250 963 44.

165 999 193 1032 8
235 983 376 1033 libris
429 984 537 1033 eius
587 995 704 1032 ante
756 983 908 1031 verba
959 982 1012 1032 in
1059 997 1184 1032 novo
1233 996 1423 1044 qenere
1466 980 1660 1030 addidi.
1731 978 1854 1045 Cap.
1884 982 1965 1031 17.
2013 982 2060 1042 §-
2084 983 2169 1033 46.
2225 996 2253 1030 8

161 1050 405 1099 librorum
440 1051 692 1115 vestigiis,
729 1051 783 1098 in
819 1050 1004 1111 quibus
1041 1060 1118 1099 est
1150 1054 1206 1098 ut
1239 1050 1376 1098 servi
1405 1049 1486 1098 vel
1517 1055 1634 1096 ante
1667 1049 2049 1107 condemnetur,
2088 1048 2253 1097 edidi:

163 1118 238 1167 At
272 1118 369 1167 hoc
402 1120 550 1167 etiam
584 1124 731 1182 optat
764 1121 940 1175 miser,
988 1123 1065 1174 ut,
1111 1117 1159 1165 si
1202 1117 1283 1165 vel
1324 1117 1681 1165 condemnetur
1724 1130 1758 1163 a
1800 1116 1966 1173 vobis,
2010 1117 2085 1164 ita
2118 1115 2255 1165 bona

166 1191 382 1234 veneant
425 1194 515 1236 etc.
562 1200 656 1249 pro
703 1198 790 1247 eo,
838 1183 975 1245 quod
1013 1182 1166 1247 vulgo
1204 1182 1486 1248 legebatur:
1546 1182 1623 1232 At
1665 1182 1758 1231 hoc
1799 1183 1948 1232 etiam
1980 1187 2149 1245 optat,
2195 1186 2253 1231 ut

163 1253 521 1303 condemnetur
555 1269 588 1301 a
620 1253 788 1302 vobis.-
826 1253 900 1301 ita
934 1251 1068 1301 bona
1102 1255 1318 1300 veneant
1341 1260 1431 1301 etc.
1492 1248 1541 1309 ἓ.
1565 1250 1647 1299 47.
1684 1249 1748 1298 (18
1771 1248 2016 1314 Madvigii
2046 1258 2252 1298 senteu-

165 1321 234 1368 tia
259 1328 337 1367 est
361 1321 630 1384 scriptum:
661 1321 827 1383 fidem,
854 1335 998 1384 quam
1021 1318 1114 1368 tibi
1135 1319 1270 1375 dedi,
1294 1318 1539 1381 praestiti
1556 1330 1653 1380 pro
1676 1315 1909 1381 vulgato:
1940 1317 2091 1379 fidem
2108 1331 2256 1382 quam

164 1387 308 1449 potui
340 1386 431 1436 tibi
458 1388 714 1450 praestiti.
784 1382 963 1437 Paullo
1002 1396 1121 1451 post
1166 1384 1219 1435 C.
1259 1384 1430 1434 Curtio
1474 1384 1538 1432 dc
1572 1383 1814 1448 Madvigii
1858 1384 2126 1442 sententia,
2165 1383 2253 1445 qui

164 1452 341 1503 Curtio
379 1456 673 1518 proposuit,
712 1453 847 1503 edidi
881 1467 974 1518 pro
1009 1455 1096 1517 qui
1117 1453 1175 1501 id
1190 1453 1417 1514 fecisset.
1467 1450 1516 1511 §-
1541 1451 1625 1501 48.
1665 1451 1793 1500 Nam
1828 1465 1921 1515 pro
1950 1451 2062 1500 Iam
2090 1461 2167 1499 est
2189 1451 2253 1500 de

165 1519 349 1569 Halmii
386 1530 435 1570 et
466 1523 760 1572 intercludit
791 1534 885 1585 pro
920 1520 1131 1570 includit
1165 1518 1228 1567 de
1251 1518 1483 1567 Lambini
1520 1519 1808 1567 coniectura
1841 1519 2123 1582 repositum
2158 1527 2255 1570 est.

302 1590 356 1636 In
418 1584 671 1648 oratione,
737 1601 869 1651 quae
921 1587 1175 1647 sequitur,
1231 1586 1542 1645 Miloniana,
1590 1585 1656 1634 ad
1701 1598 1855 1647 quam
1899 1584 2251 1649 corrigendam

171 1655 373 1706 udhibui
418 1656 571 1703 etiam
615 1654 734 1703 bina
776 1655 1051 1717 specimina
1094 1653 1495 1703 observationum
1548 1653 1621 1702 ad
1664 1651 1923 1702 Ciceronis
1974 1655 2252 1703 orationem

172 1721 496 1773 Milonianam
533 1721 666 1769 edita
701 1735 731 1769 a
766 1718 916 1773 Lud.
955 1718 1166 1784 Lange
1212 1719 1395 1770 Gissac
1437 1732 1571 1768 anno
1608 1719 1876 1783 superiore
1910 1719 2070 1779 edita,
2118 1734 2254 1768 nunc

166 1786 371 1848 quidem
406 1786 564 1835 multa
597 1802 628 1835 a
664 1800 745 1837 me
778 1795 970 1835 mutata
1007 1800 1106 1835 non
1145 1796 1291 1845 sunt,
1329 1796 1410 1846 ut,
1456 1786 1504 1836 si
1538 1785 1625 1835 illa
1661 1786 1838 1837 omitto
1875 1801 2006 1849 quae
2039 1786 2105 1836 ad
2139 1801 2250 1836 ver-

164 1853 345 1902 borum
369 1853 743 1904 collocationem
768 1855 1022 1919 pertinent
1045 1863 1131 1903 aut
1166 1853 1328 1903 solam
1361 1852 1605 1903 librorum
1629 1853 1979 1904 auctoritatem
2003 1862 2249 1918 spectant,

166 1920 290 1969 haec
324 1919 427 1970 fere
462 1921 560 1970 hoc
593 1920 706 1972 loco
743 1921 1183 1973 commemoranda
1217 1935 1333 1971 esse
1356 1919 1638 1973 videantur.
1688 1919 1811 1986 Gap.
1837 1920 1885 1971 5.
1923 1921 1972 1983 §-
1999 1922 2079 1972 14.
2118 1935 2254 1971 nunc

166 1989 370 2048 quidem
406 2004 481 2048 88,
519 2004 651 2050 quae
686 1991 737 2038 in
772 1989 913 2038 libris
951 1988 1187 2054 leguntur
1221 1987 1391 2048 verba,
1428 2003 1593 2053 paene
1615 1989 1812 2053 integra
1834 1987 2034 2052 reliqui,
2072 2004 2252 2051 quam·

165 2069 318 2115 quam
352 2066 681 2121 persanatum
715 2056 881 2106 locum
917 2056 1144 2105 nondum
1180 2070 1296 2106 esse
1335 2055 1605 2121 profiteor,
1652 2055 1743 2105 sed
1777 2055 1901 2105 illud
1936 2070 2037 2105 una
2069 2057 2249 2117 fatcor,

167 2137 251 2180 ea,
301 2138 431 2184 quae
464 2124 530 2173 de
561 2123 661 2173 hoc
694 2123 805 2173 loco
842 2140 871 2173 8
906 2124 1248 2189 grammaticis
1292 2122 1559 2188 proposita
1597 2131 1745 2182 sunt,
1789 2123 1912 2172 mihi
1946 2122 2113 2174 adhuc
2148 2137 2251 2174 non

166 2191 291 2239 satis
325 2189 526 2243 fecisse.
599 2188 722 2256 Cap.
752 2194 831 2244 11.
872 2192 920 2253 §-
946 2193 1027 2245 23.
1083 2191 1267 2256 scripsi
1321 2192 1464 2255 isque
1516 2197 1596 2240 est
1640 2192 1970 2255 praepositus
2021 2191 2085 2240 dc
2128 2205 2244 2241 con·

166 2256 356 2306 iectura
404 2272 514 2307 mea
558 2272 652 2322 pro
697 2272 784 2316 eo,
831 2258 971 2321 quod
1006 2269 1083 2309 est
1117 2259 1168 2307 in
1203 2258 1347 2308 libris
1383 2260 1523 2323 isque
1553 2260 1895 2322 praepositus.
1967 2256 2140 2322 Vulgo
2175 2264 2257 2310 est

168 2332 289 2387 post
330 2327 661 2388 praepositus
707 2326 956 2375 adiectum
1002 2326 1202 2389 legitur.
1277 2323 1400 2389 Cap.
1429 2327 1509 2374 12.
1556 2325 1604 2385 §-
1630 2323 1713 2375 33.
1772 2325 1943 2390 Atque
1982 2341 2084 2390 per
2110 2361 2122 2376 .
2151 2363 2164 2378 .
2193 2366 2205 2379 .
2232 2359 2247 2376 .

167 2392 360 2455 recepi,
408 2406 539 2456 quae
583 2392 733 2441 verba
777 2391 1015 2456 leguntur
1058 2393 1196 2457 apud
1253 2391 1572 2442 Scholiasten
1629 2391 2048 2455 Ambrosianum,
2101 2391 2252 2442 omisi

166 2467 334 2507 autem
380 2458 508 2511 Sex.
555 2469 673 2509 ante
717 2458 881 2510 Clodii
926 2474 1135 2517 nomen,
1187 2461 1332 2509 cuius
1376 2460 1650 2523 vestigium
1684 2458 1823 2523 apud
1860 2458 2252 2517 Quinctilianum

169 2523 259 2573 IX.
306 2527 356 2585 2,
402 2528 487 2577 45.
535 2527 723 2576 nullum
769 2538 863 2577 est.
936 2525 1058 2592 cap.
1087 2528 1165 2577 15.
1204 2528 1251 2588 ξ.
1278 2529 1362 2577 39.
1418 2527 1603 2590 scripsi
1650 2539 1807 2574 nunc:
1865 2526 1955 2591 qui
1996 2544 2140 2592 quum
2184 2528 2249 2577 de

166 2607 239 2642 me
276 2594 526 2645 decretum
563 2595 768 2659 Capuae
798 2596 1009 2659 fecisset
1042 2608 1137 2660 pro
1172 2594 1409 2659 vulgato:
1471 2594 1557 2658 qui
1598 2609 1743 2659 quum
1788 2595 2041 2644 decretum
2075 2595 2140 2644 de
2173 2609 2256 2644 me

170 2659 375 2724 Capuae
428 2664 579 2725 fecit,
637 2661 898 2713 meliorum
956 2662 1198 2712 librorum
1256 2660 1543 2711 auctoritati
1591 2660 1880 2710 obsecutuS.
1971 2659 2253 2710 Potuerunt

168 2726 301 2775 enim
347 2743 449 2778 non
493 2730 657 2780 solum
704 2729 1113 2781 condicionaliter
1155 2728 1282 2777 haec
1315 2728 1439 2786 dici,
1486 2742 1660 2776 verum
1696 2726 1845 2776 etiam
1878 2727 2125 2793 temporis
2163 2729 2246 2777 ha·

166 2791 272 2842 bita
314 2796 526 2849 ratione.
597 2796 718 2863 Cap.
746 2798 824 2849 16.
863 2799 911 2859 §-
935 2799 1019 2847 42.
1068 2796 1252 2861 scripsi
1296 2809 1455 2844 nunc:
1515 2796 1612 2846 sed
1652 2795 1804 2845 etiam
1853 2795 2065 2846 obscure
2123 2812 2263 2860 quae

167 2863 386 2924 copitari
415 2870 643 2926 possunt,
680 2865 915 2924 timemus,
950 2879 1211 2922 rumorem,
1246 2862 1471 2925 fabulam
1500 2861 1701 2925 falsam,
1734 2864 1920 2924 fictam,
1957 2864 2110 2913 levem
2125 2878 2254 2926 per-

166 2927 500 2979 horrescimus
534 2940 655 2988 etc.‚
703 2931 887 2992 quibus
933 2931 986 2980 in
1033 2930 1197 2979 verbis
1246 2928 1555 2995 optimorum
1607 2928 1850 2978 librorum
1902 2928 2253 2979 auctoritatem

167 3004 370 3044 secutus
407 3010 538 3047 sum.
608 2997 799 3046 Verum
843 3008 1008 3047 tamen
1056 2997 1308 3062 suspicari
1347 3010 1625 3061 possumus
1668 3009 1701 3045 a
1745 2994 1989 3046 Cicerone
2030 2995 2257 3046 fortasse

168 3059 284 3108 olim
323 3061 570 3127 scriptum
606 3062 792 3115 fuisse:
852 3081 1098 3116 rumorem
1132 3067 1310 3123 levem,
1341 3063 1567 3127 fabulam
1595 3065 1765 3125 fictam
1800 3063 2250 3126 perhorrescimus.

169 3125 410 3177 Conferas
456 3130 603 3178 ctiam
657 3145 738 3191 ea,
785 3146 915 3194 quae
959 3131 1155 3181 Klixius
1206 3146 1369 3196 nuper
1410 3128 1689 3196 disputavit
1731 3128 1781 3178 in
1830 3129 2261 3193 Zeitschriftsi’lr

167 3195 262 3243 das
310 3195 993 3263 Gymnasialwesen·(Berol.
1041 3199 1213 3261 1865.)
1257 3213 1311 3263 p.
1348 3200 1412 3249 66
1445 3212 1524 3259 sq.
1595 3194 1718 3261 Gap.
1741 3199 1821 3247 17.
1868 3197 1915 3258 ἓ.
1939 3199 2025 3249 46.
2076 3198 2163 3263 qui
2195 3198 2262 3248 id

167 3261 229 3308 ab
266 3261 460 3312 Halmio
496 3266 668 3330 accepi
711 3280 805 3330 pro
849 3266 1058 3331 vulgato
1104 3266 1204 3330 qui.
1275 3266 1333 3314 In
1376 3263 1517 3313 libris
1560 3263 1852 3313 melioribus
1889 3266 2013 3329 quid
2042 3263 2249 3328 legitur.

167 3327 293 3392 Cap.
320 3330 404 3379 24.
441 3330 488 3391 §.
516 3333 597 3382 64.
636 3333 735 3380 iam
771 3332 1174 3398 interpunctione
1210 3332 1436 3397 paullum
1471 3339 1661 3382 mutata
1708 3332 1879 3381 domus
1912 3331 1966 3382 in
1999 3333 2126 3382 clivo
2150 3330 2261 3381 Ca·
