2514 3928
96 287 169 342 81
700 278 865 338 CAP.
898 285 1063 340 13-—
1076 286 1159 341 16.
1193 285 1244 345 s.
1280 286 1347 342 37
1369 313 1439 325 -—
1458 288 1550 341 η
2045 277 2173 343 379

97 439 225 490 tum
253 427 339 488 rei
368 426 647 502 publicae
664 473 680 501 ,
713 425 1115 489 clarissimum
1137 438 1592 491 monumentum
1617 429 1973 493 clementiae
2001 449 2171 494 suae.

97 510 319 571 Gravis
363 510 463 570 illa
505 511 745 571 fortuna
785 510 999 587 populi
1039 510 1329 585 Romani,
1363 528 1553 588 grave
1587 514 1791 580 tatum.
1876 513 2170 592 Pompeio

99 595 263 656 enim
293 593 488 669 patre,
525 594 693 669 quod
721 594 978 671 imperio
1007 593 1221 670 populi
1252 595 1512 656 Romani
1541 598 1743 657 lumen
1776 597 1916 672 ruit,
1945 600 2169 661 exstin-

97 686 200 740 cto
243 677 595 739 interfectus
640 686 737 739 est
779 676 971 754 patris
1016 675 1357 760 simillimus
1388 678 1572 740 iilius.
1657 678 1761 741 40.
1804 680 1932 742 Sed
1971 683 2173 744 omnia

95 760 243 822 mihi
267 761 548 823 videntur
571 760 823 822 deorum
854 759 1281 821 immortalium
1308 760 1536 823 iudicio
1574 762 1819 839 expiata
1841 763 1987 825 Sex.
1999 765 2172 826 Pom·

97 844 244 922 peio
272 846 362 906 rei
391 845 674 921 publicae
704 853 1090 907 conservato.
1158 844 1292 906 xv„
1340 845 1533 920 Quam
1562 847 1643 909 ob
1673 863 1922 908 causam
1953 848 2172 909 iustam

95 936 285 1006 atque
328 945 607 1005 magnam
651 937 711 990 et
753 929 922 1006 quod
962 927 1551 1004 periculosissimum
1583 930 1760 991 civile
1789 930 2026 993 bellum·
2048 948 2172 993 ma-

93 1011 452 1088 ximumque
485 1012 852 1076 humanitate
888 1020 949 1074 et
976 1014 1277 1089 sapientia
1306 1029 1420 1075 sua
1447 1014 1527 1074 Μ.
1553 1014 1827 1092 Lepidus
1849 1016 1927 1075 ad
1958 1030 2173 1091 pacem

96 1095 620 1172 concordiamque
649 1097 980 1170 convertit,
1010 1103 1262 1159 senatus
1294 1100 1640 1160 consultum
1669 1099 1764 1159 his
1792 1099 1996 1159 verbis
2029 1115 2172 1160 cen-

95 1195 209 1241 seo
241 1179 773 1256 perscribendum
805 1180 999 1255 Quum
1022 1197 1060 1240 a
1079 1179 1856 1259 M-Lepido,.imperatore,
1883 1183 2174 1260 pontifice

96 1264 395 1337 maximo,
427 1279 617 1339 saepe
651 1278 905 1324 numero
933 1279 1036 1323 res
1066 1264 1313 1340 publica
1340 1270 1403 1341 et
1428 1265 1586 1326 bene
1621 1275 1682 1327 et
1717 1266 1970 1327 feliciter
1996 1275 2170 1342 gesta

95 1346 206 1420 sit,
249 1348 642 1423 populusque
673 1347 990 1407 Romanus
1029 1346 1394 1409 intellexerit
1433 1349 1487 1409 ei
1530 1348 1899 1410 dominatum
1939 1350 2172 1424 regium

96 1432 362 1491 maxime
406 1429 766 1506 displicere,
814 1446 1126 1506 quumque
1167 1429 1302 1491 eius
1337 1447 1556 1506 opera,
1606 1433 1854 1505 virtute,
1913 1432 2170 1494 consilio

96 1512 520 1589 singularique
579 1515 899 1575 clementia
952 1521 1013 1575 et
1058 1515 1525 1576 mansuetudine
1567 1516 1792 1576 bellum
1851 1514 2172 1577 acerbissi-

97 1614 265 1658 mum
304 1597 483 1658 civile
511 1596 591 1660 sit
616 1597 1004 1670 restinctum,
1065 1595 1171 1658 41.
1207 1597 1560 1673 Sextusque
1581 1597 1946 1674 Pompeius,
1980 1597 2172 1660 Gnaei

97 1679 296 1754 filiuS‚
329 1681 620 1756 Magnus,
653 1680 834 1743 huius
860 1680 1091 1742 ordinis
1125 1681 1488 1743 auctoritate
1519 1682 1597 1743 ab
1638 1682 1825 1743 armis
1865 1682 2172 1743 discesse-

95 1763 174 1826 rit
214 1771 275 1825 et
317 1782 354 1824 a
391 1763 475 1825 Μ.
503 1764 773 1841 Lepido,
821 1764 1219 1842 imperatore,
1270 1765 1559 1841 pontifice
1588 1763 1883 1838 maximo,
1938 1781 2174 1826 summa

94 1857 347 1910 senatus
393 1848 735 1926 populique
773 1847 1032 1911 Romani
1076 1851 1388 1909 voluntate
1437 1848 2026 1918 civitati‚restitutus
2077 1848 2174 1922 sit,

93 1939 376 1995 senatum
405 1934 826 2010 populumque
846 1932 1186 1996 Romanum
1224 1949 1339 2010 pro
1369 1931 1652 1995 maximis
1688 1930 2088 2010 plurimisque
2110 1931 2167 1993 in

92 2032 227 2077 rem
259 2015 563 2092 publicam
585 2017 666 2077 M.
680 2016 895 2094 Lepidi
924 2016 1151 2078 meritis
1179 2033 1460 2092 magnam
1490 2035 1664 2093 spem
1693 2017 1754 2077 in
1778 2016 1911 2078 eius
1936 2018 2171 2089 virtute,

91 2101 458 2162 auctoritate
476 2145 492 2173 ,
523 2100 806 2161 felicitate
830 2116 1132 2176 reponere
1161 2099 1302 2172 otii,
1340 2100 1543 2177 pacis,
1575 2101 1965 2173 concordiae,
1994 2100 2159 2160 liber·

93 2182 272 2257 tatiS,
303 2182 562 2259 eiusque
586 2182 646 2245 in
677 2200 804 2244 rem
828 2183 1134 2259 publicam
1164 2183 1512 2246 meritorum
1543 2193 1820 2246 senatum
1851 2183 2167 2260 populum·

93 2283 224 2342 que
253 2268 591 2329 Romanum
620 2283 950 2329 memorem
993 2269 1153 2340 sore,
1201 2268 1382 2344 eique
1409 2277 1670 2331 statuam
1701 2276 2050 2345 equestrem
2084 2266 2169 2327 in·

90 2358 371 2411 auratam
411 2349 470 2410 in
513 2350 730 2412 rostris
764 2359 868 2412 aut
910 2368 1033 2428 quo
1078 2351 1199 2412 alio
1248 2351 1388 2412 loco
1417 2352 1477 2411 in
1508 2354 1640 2413 foro
1679 2353 1860 2412 vellet
1885 2368 1962 2411 ex
1990 2350 2171 2412 huius

88 2431 333 2496 ordinis
371 2436 671 2496 sententia
701 2435 882 2496 statui
911 2435 1177 2511 placere.
1253 2434 1368 2509 Qui
1397 2435 1628 2510 honoS‚
1665 2443 1868 2512 patres
1901 2433 2170 2496 conscri-

87 2515 212 2595 pti,
267 2516 414 2578 mihi
458 2518 760 2580 maximus
804 2518 1043 2580 videtur
1083 2520 1374 2595 primum,
1432 2518 1576 2595 quia
1626 2520 1827 2580 iustus
1875 2525 1998 2579 est=
2048 2533 2172 2578 non

85 2600 258 2662 enim
304 2602 505 2663 solum
542 2602 722 2663 datur
747 2610 1003 2678 propter
1029 2618 1203 2678 spem
1230 2611 1569 2678 temporum
1600 2602 2010 2676 reliquorum,
2061 2599 2173 2658 sed

87 2700 210 2761 pro
255 2684 651 2761 amplissimis
696 2685 924 2747 meritis
964 2686 1267 2762 redditur,
1310 2702 1425 2748 nec
1452 2702 1602 2747 vero
1634 2683 1920 2760 cuiquam
1951 2696 2174 2758 possu-

85 2784 233 2829 mus
267 2784 745 2831 commemorare
783 2768 947 2831 hunc
981 2768 1281 2830 honorem
1308 2787 1346 2831 a
1377 2778 1595 2830 senatu
1623 2768 1907 2829 tributum
1949 2763 2172 2827 iudicio

86 2860 350 2914 senatus
381 2853 584 2915 soluto
618 2862 679 2914 et
707 2853 920 2914 libero.

83 3009 90 3015 .
221 2937 378 2997 XVI.
419 2934 525 2997 42.
571 2935 769 2997 Venio
814 2937 894 2997 ad
927 2936 988 2999 C.
1022 2937 1375 3009 Caesarem,
1421 2944 1626 3011 patres
1658 2929 2023 3009 conscripti,
2068 2929 2174 3008 qui

88 3017 220 3078 nisi
254 3017 499 3091 ruisset,
533 3021 672 3095 quis
703 3028 975 3082 nostrum
1009 3035 1156 3081 esse
1184 3019 1534 3097 potuisset?
1584 3017 1933 3079 Advolabat
1959 3017 2041 3077 ad
2072 3032 2172 3078 ur-

87 3103 238 3162 bem
267 3118 305 3161 a
327 3103 658 3166 Brundisio
687 3103 872 3166 homo
894 3102 1473 3180 impotentissimus,
1503 3102 1731 3163 ardens
1761 3101 1936 3173 odio,
1969 3097 2172 3160 animo

84 3184 391 3255 hostili‚in
423 3203 638 3249 omnes
672 3187 907 3261 bonoS‚
938 3203 1076 3248 cum
1097 3185 1408 3260 exercitu,
1441 3185 1765 3247 Antonius.
1813 3183 1969 3258 Quid
1992 3181 2174 3243 huius

85 3268 391 3330 audaciae
435 3278 497 3332 et
545 3269 769 3332 sceleri
807 3277 1049 3346 poterat
1093 3270 1368 3347 opponi?
1439 3269 1721 3331 Nondum
1771 3268 1934 3328 ullos
1982 3267 2174 3325 duces

91 3351 501 3427 habebamuS,
556 3369 678 3415 non
726 3353 973 3429 copiast
1033 3354 1262 3415 nullum
1305 3360 1438 3414 erat
1477 3350 1799 3413 consilium
1846 3347 2168 3423 publicum,

92 3436 260 3495 nulla
292 3433 572 3498 libertast
603 3437 844 3498 dandae
874 3437 1150 3499 cervices
1179 3444 1353 3498 erant
1381 3433 1716 3496 crudelitati
1747 3428 2045 3490 nefariae=
2083 3426 2172 3484 fu-

91 3534 236 3595 gam
284 3519 727 3594 quaerebamus
773 3536 1020 3595 omnes,
1069 3535 1230 3596 quae
1270 3517 1410 3596 ipsa
1454 3516 1685 3577 exitum
1725 3527 1849 3572 non
1892 3505 2171 3567 habebat„
