2514 3928
327 281 479 363 242-
780 281 932 344 PRO
979 283 1045 341 Τ.
1081 277 1319 340 ANNIO
1361 279 1652 341 MILONE
1698 279 2431 341 ORAT10.1s

321 450 506 526 quod
528 456 593 509 te
615 446 804 509 alunt
824 447 1130 524 eripuisse
1162 463 1198 507 e
1227 447 1429 507 domo
1446 455 1519 507 et
1536 463 1614 506 ex
1653 445 1871 506 mediis
1904 443 2090 506 armis
2119 443 2432 521 turbaque

329 538 632 595 nocturna
664 541 978 613 tamquam
999 522 1337 592 Palladium
1365 524 1713 600 sustulisse,
1752 536 1821 591 ut
1840 531 2231 613 praeclarum
2252 526 2428 590 vide·

330 617 474 679 licet
495 622 729 693 munus
752 624 943 691 atque
964 610 1453 676 instrumentum
1463 614 1809 675 tribunatus
1831 614 1911 674 ad
1936 609 2226 688 aliquem,
2246 610 2304 673 si
2319 629 2424 673 na·

330 709 465 762 ctus
484 704 680 771 esses,
716 716 821 776 qul
832 705 940 761 tuo
958 690 1216 761 arbitrio
1224 696 1601 759 tribunatum
1615 704 1877 774 gereret,
1907 696 2163 758 deferre
2170 704 2426 772 posses.

330 790 536 861 Atque
565 800 806 861 per..
834 828 849 844 .
907 787 1004 843 An
1029 782 1222 843 huius
1232 775 1334 842 ille
1357 782 1531 858 legis,
1566 797 1753 857 quam
1776 780 2028 842 Clodius
2053 796 2090 840 a
2117 794 2189 841 se
2210 778 2429 841 inven-

329 877 450 928 tam
477 866 801 944 gloriatur,
830 864 1218 927 mentionem
1219 867 1431 926 faeere
1453 880 1645 926 ausus
1669 870 1842 926 esset
1861 860 2008 925 vivo
2020 862 2267 934 Milone,
2295 880 2424 925 non

330 951 527 1013 dicam
566 951 868 1011 consule?
916 946 1024 1009 De
1051 935 1331 1010 nestrum
1363 943 1523 1009 enim
1555 946 1826 1010 omnium
2062 956 2207 1009 non
2217 944 2431 1007 audeo

339 1026 527 1093 ιόιιιιιι
557 1016 786 1090 dicere.
872 1028 1093 1088 Videte
1124 1026 1274 1102 quid
1311 1043 1386 1087 ea
1420 1026 1547 1088 vitii
1572 1028 1674 1086 lex
1706 1026 1984 1089 habitura
2002 1022 2207 1098 fuerit,
2243 1025 2421 1087 cuius

337 1113 685 1188 periculosa
712 1106 890 1172 etiam
913 1111 1318 1185 reprehensio
1350 1119 1461 1171 est.
1510 1109 1583 1171 Et
1610 1108 1856 1187 aspexit
1883 1114 1980 1173 me
1994 1108 2128 1170 illis
2168 1109 2417 1186 quidem

335 1195 550 1267 oculis,
568 1195 815 1270 quibus
845 1200 984 1255 tum
998 1194 1254 1267 solebat,
1297 1207 1482 1269 quum
1513 1193 1803 1254 omnibus
1824 1192 2030 1255 omnia
2055 1191 2417 1256 minabatur.

334 1277 542 1339 Movet
565 1293 662 1339 me
688 1273 933 1375 quippe
939 1278 1142 1338 lumen
1166 1276 1408 1339 curiae!
1440 1276 1594 1336 xm.
1619 1276 1831 1350 Quid?
1841 1284 1905 1338 tu
1928 1290 2027 1337 me
2052 1277 2159 1338 tlbi
2179 1274 2420 1359 iratum,

337 1360 555 1436 Sexte,
584 1368 798 1437 putaS,
839 1359 1014 1422 cuius
1038 1369 1103 1423 ιιι
1129 1358 1612 1421 inimicissimum
1651 1361 1839 1423 multo
1889 1360 2204 1422 crudeIIus
2234 1326 2420 1421 etiam

338 1440 620 1521 poenitus
659 1452 761 1519 eS,
806 1460 989 1522 quam
1035 1450 1182 1506 erat
1201 1442 1602 1506 humanitatis
1641 1456 1816 1505 meae
1843 1444 2158 1520 postulare
2177 1450 2207 1503 ι
2235 1444 2324 1504 Τιι
2350 1444 2416 1504 Ρ.

337 1526 529 1590 Clodii
561 1536 878 1603 cruentum
908 1526 1176 1589 cadaver
1191 1525 1435 1589 eiecisti
1465 1528 1678 1601 domo,
1710 1534 1774 1589 ιιι
1806 1525 1867 1587 in
1899 1526 2211 1603 publicum
2239 1527 2411 1588 abie—

340 1611 489 1675 ciSti,
526 1621 592 1674 ιιι
613 1611 943 1689 spoliatum
978 1610 1362 1693 imaginibuS,
1393 1610 1727 1687 exsequiis
1760 1626 2004 1687 pompa,
2040 1609 2414 1687 laudatione,

338 1690 771 1758 infelicissimis
794 1692 975 1775 lignis
1000 1693 1486 1764 semiustilatum,
1505 1696 1827 1756 nocturnis·
1843 1693 2097 1755 canibus
2112 1692 2412 1755 dilanian-

337 1772 480 1840 duni
523 1776 846 1854 reliquisti.
917 1772 1067 1851 Qua
1093 1794 1171 1838 re
1210 1775 1329 1838 etsi
1355 1776 1587 1838 nefarie
1623 1777 1837 1851 fecisti,
1865 1776 2087 1852 tamen,
2119 1776 2411 1853 quoniam

335 1860 395 1920 in
431 1876 570 1921 meo
601 1859 847 1921 inimico
875 1858 1288 1922 crudelitatem
1320 1860 1758 1937 exprompsisti
1788 1858 1968 1934 tuam,
1986 1861 2254 1922 laudare
2282 1878 2413 1923 non

339 1948 614 2023 possum,
648 1932 842 2005 irasci
861 1940 1028 2005 certe
1051 1961 1173 2006 non
1201 1944 1422 2006 debeo.

460 2025 565 2088 34.
595 2027 909 2107 [Audisti-s,
948 2027 1200 2105 iudices,
1250 2031 1559 2105 quamam
1574 2027 1772 2091 Clodii
1805 2027 2171 2109 *interfluant
2210 2027 2414 2089 occidi

334 2109 651 2174 Milonem·
637 2151 651 2167 .
683 2108 1020 2173 convertite
1041 2112 1281 2174 animos
1310 2113 1475 2173 nunc
1509 2109 1782 2173 vicissim
1802 2113 1895 2173 'ad'
1916 2111 2222 2173 Milonem.
2246 2110 2417 2185 ‘Quid

334 2188 580 2256 Milonis
616 2194 1195 2257 intererat'interllci
1229 2195 1548 2258 Clodium?
1587 2195 1745 2271 Quid
1779 2199 1910 2257 erat
1948 2203 2059 2257 eur
2097 2195 2242 2255 Milo
2288 2210 2413 2255 non

335 2277 535 2338 dicam
561 2275 920 2353 admitteret,
953 2279 1067 2339 sed
1097 2287 1335 2355 optaret
1357 2284 1391 2339 ἲ
1408 2279 1492 2325 -’-
1514 2277 1809 2340 obstabat
1828 2279 1889 2338 in
1918 2291 2031 2356 spe
2054 2278 2417 2340 consulatus

334 2361 543 2420 Miloni
568 2357 838 2422 Clodius.
882 2397 966 2407 —-
1004 2363 1086 2423 At
1123 2378 1200 2424 eo
1241 2367 1624 2439 repugnante
1665 2362 1879 2438 fiebat,
1920 2361 2101 2423 immo
2152 2376 2301 2422 vero
2336 2377 2417 2422 eo

337 2444 521 2504 fiebat
553 2443 779 2517 magis,
839 2461 954 2506 nec
1005 2462 1111 2506 me
1165 2445 1571 2536 suffragatore
1612 2444 1883 2507 meliore
1902 2445 2184 2520 utebatur
2225 2460 2415 2519 quam

336 2526 569 2589 Clodio.
647 2528 906 2590 Valebat
932 2530 1099 2606 apud
1125 2544 1254 2602 vos,
1286 2528 1553 2606 iudices,
1568 2519 1818 2592 Ml'onis
1850 2535 1999 2605 erga·
2027 2541 2125 2589 me
2154 2543 2418 2604 remque

337 2610 639 2686 publicam
674 2612 1027 2674 meritorum
1068 2611 1388 2686 memoria,
1445 2609 1729 2673 valebant
1767 2611 1987 2698 preces
2026 2620 2089 2673 et
2122 2612 2416 2673 lacrimae

337 2689 634 2770 nostrae,
653 2693 879 2770 quibus
911 2713 1027 2773 ego
1057 2704 1182 2758 tum
1205 2709 1328 2757 vos
1359 2695 1615 2757 mil-llice
1632 2695 1871 2757 moveri
1894 2695 2262 2769 sentiebam,
2278 2696 2415 2756 sed

336 2780 475 2854 plus
505 2781 690 2841 multo
731 2781 975 2843 valebat
1009 2781 1434 2878 periculorum
1450 2777 1933 2858 ‘impendentium
1970 2778 2168 2841 timor.
2258 2777 2416 2853 Quis

335 2861 494 2922 enim
538 2872 668 2925 erat
716 2864 939 2927 civium
982 2864 1096 2940 qui
1132 2863 1259 2923 sibi
1291 2865 1549 2924 solutam
1577 2861 1639 2923 P.
1665 2862 1858 2924 Clodii
1898 2871 2245 2939 praeturam
2274 2861 2423 2923 sine

301 2944 601 3006 -m‘aximo
646 2953 847 3007 rerum
888 2949 1211 3009 novarum
1220 2954 1393 3007 metu
1432 2947 1848 3046 proponeret?
1889 2946 2176 3008 solutam
2192 2947 2414 3007 antem

336 3027 467 3087 fore
491 3025 829 3104 videbatis,
861 3028 980 3090 nisi
1008 3028 1256 3090 essetis
1284 3032 1538 3104 consul,
1588 3028 1705 3107 qui
1721 3035 1860 3092 eam
1879 3031 2138 3092 auderet
2164 3035 2414 3107 posset-

336 3123 455 3184 que
485 3110 925 3187 constringere.
1010 3113 1162 3173 Eum
1193 3111 1492 3175 Milonem
1533 3129 1722 3177 unum·
1764 3119 1915 3176 esse
1934 3129 2127 3193 quum
2146 3111 2426 3175 sentiret

334 3192 663 3254 universus
688 3195 954 3270 populus
983 3180 1336 3273 Romanus»,
1369 3197 1506 3274 quis
1539 3198 1845 3260 dubitaret
1860 3193 2183 3273 suffragio
2195 3209 2314 3258 suo
2348 3211 2428 3257 sei

335 3282 530 3350 metu,
569 3275 846 3352 periculo
886 3294 1015 3338 rem
1055 3279 1361 3355 publicam
1394 3282 1655 3343 liberare
1673 3285 1731 3341 5
1745 3285 1830 3344 At
1861 3297 2043 3357 nune,
2054 3279 2285 3341 Clodio
2318 3294 2412 3340 re

335 3366 531 3432 moto,
561 3357 804 3420 usitatis
831 3359 952 3421 iam
980 3364 1166 3425 rebus
1182 3364 1544 3427 enitendum
1566 3369 1679 3427 est'
1674 3363 1931 3439 Miloni,
1959 3372 2031 3426 ut
2049 3371 2293 3425 tueatur
2325 3362 2427 3423 di·

335 3440 618 3517 &nitatem
661 3451 865 3504 suam.
907 3444 1232 3522 singularis
1266 3447 1380 3509 illa
1411 3456 1480 3509 et
1512 3447 1675 3510 ¹·huic
1698 3449 1821 3510 uni
1845 3451 2155 3509 concessa
2191 3445 2426 3522 gloria

337 3543 496 3602 quae
537 3525 762 3589 cotidie
806 3528 1139 3605 augebatur
1176 3515 1528 3608 frangendis
1570 3521 1873 3593 furoribus
1908 3529 2247 3603 ClodianiS,
2290 3528 2427 3589 iam
