2514 3928
145 243 269 300 173
874 234 1040 295 CAP.
1068 245 1201 334 ⁵,·‘
1214 209 1267 297 ι.
1309 240 1362 301 s.
1393 240 1653 295 12—19.
2136 232 2254 297 471

152 397 458 463 tempore
507 385 690 448 totius
742 384 925 447 huius
977 386 1230 449 sceleris
1287 385 1428 445 sons
1475 383 1801 459 aperietur.
1901 381 2004 446 16.
2048 385 2260 461 ltaque

152 471 227 531 P.
273 473 618 550 ApuleiuS,
675 470 957 532 tribunus
1015 470 1245 546 plebis,
1319 483 1591 529 meorum
1646 467 1917 529 omnium
1973 468 2261 532 consilio·

157 571 310 616 rum
345 553 882 629 periculorumque
915 551 1035 611 iam
1066 550 1210 612 inde
1239 568 1278 611 a
1322 550 1646 613 consulatu
1680 568 1817 612 meo
1857 548 2067 629 testiS,
2115 568 2259 615 con·

162 636 371 712 sciuS,
404 635 675 710 adiutor,
707 636 983 697 dolorem
1014 636 1173 695 ferre
1202 650 1327 695 non
1357 636 1555 711 potuit
1585 634 1817 696 doloris
1848 633 1995 695 mei.
2027 637 2261 700 contio-

163 738 319 783 nem
370 719 583 780 habuit
634 717 957 780 maximam
1012 720 1242 816 populo
1286 720 1565 781 Romano
1617 735 1805 780 unum
1857 727 2043 794 atque
2097 720 2261 783 idem

167 805 501 866 sentiente.
588 804 657 875 In
712 819 835 879 qua
885 801 1170 865 contione
1221 819 1405 875 quum
1461 818 1561 863 me
1609 819 1721 877 pro
1771 819 2011 863 summa
2052 813 2264 865 nostra

171 886 618 970 coniunctione
650 894 713 947 et
740 886 1139 948 familiaritate
1170 884 1431 947 liberare
1469 883 1809 961 suspitione
1847 885 2103 948 fascium
2132 891 2260 948 vel-

172 976 293 1046 let,
340 988 464 1032 una
490 986 648 1033 voce
694 977 933 1032 cuncta
956 969 1163 1033 contio
1194 968 1528 1030 declaravit
1565 967 1711 1030 nihil
1739 985 1882 1031 esse
1923 987 1963 1030 a
1999 987 2097 1031 me
2132 989 2262 1032 um-

175 1073 370 1133 quam
403 1055 484 1115 de
515 1071 583 1114 re
614 1039 858 1130 publica
896 1053 1014 1115 uisi
1044 1054 1273 1129 optime
1304 1052 1650 1129 cogitatum.
1734 1053 1881 1115 Post
1905 1053 2065 1116 hanc
2096 1055 2262 1115 habi·

172 1150 304 1203 tam
349 1137 694 1200 contionem
734 1138 976 1199 duabus
1024 1137 1298 1199 tribusve
1331 1135 1499 1197 horis
1544 1136 1910 1213 optatissimi
1952 1138 2146 1202 nuntii
2203 1149 2263 1202 et

175 1225 417 1292 litterae
464 1229 786 1283 venerunt=
837 1230 906 1285 ιιι
949 1221 1110 1283 idem
1161 1219 1296 1281 dies
1342 1238 1465 1281 non
1513 1221 1698 1282 modo
1745 1219 2125 1297 iniquissima
2168 1241 2264 1285 me

178 1306 415 1368 invidia
446 1305 745 1379 liberarit,
790 1308 902 1367 sed
934 1306 1115 1366 etiam
1158 1303 1554 1365 celeberrima
1583 1305 1795 1381 populi
1825 1306 2085 1367 Romani
2125 1322 2261 1381 gra·

179 1393 474 1453 tutatione
507 1389 765 1452 auxerit.
939 1437 948 1448 .

310 1472 410 1537 17.
455 1476 623 1535 Haec
668 1471 1039 1549 interposui,
1084 1481 1290 1547 patres
1336 1471 1698 1549 conscripti,
1745 1490 1866 1535 non
1896 1481 2016 1535 tam
2049 1479 2115 1533 ut
2150 1489 2260 1548 pro

181 1576 281 1621 me
313 1558 581 1619 dicerem
612 1587 699 1604 -—-
726 1559 884 1617 male
918 1556 1079 1617 enim
1112 1572 1353 1618 mecum
1383 1565 1694 1633 ageretur,
1738 1555 1791 1616 si
1814 1572 2045 1634 parum
2080 1556 2258 1617 vobis

183 1659 388 1705 essem
420 1644 552 1704 sine
575 1640 939 1703 defensione
970 1649 1263 1716 purgatus
1290 1674 1403 1711 —-,
1441 1658 1619 1716 quam
1649 1648 1717 1700 ut
1745 1641 2049 1715 quosdam
2081 1639 2261 1701 nimis

183 1726 389 1788 ieiuno
421 1726 623 1788 animo
648 1734 709 1786 et
730 1731 991 1801 angusto
1019 1741 1352 1797 monerem,
1376 1725 1440 1784 id
1464 1724 1630 1800 quod
1650 1740 1896 1799 semper
1916 1724 2056 1800 ipse
2081 1725 2260 1785 fecis·

188 1827 334 1883 sem,
370 1810 452 1872 uti
484 1808 911 1871 excellentium
936 1807 1156 1870 civium
1180 1807 1459 1871 virtutem
1482 1807 1815 1870 imitatione
1840 1808 2103 1884 dignam,
2136 1824 2260 1869 non

188 1892 413 1955 invidia
449 1902 748 1971 putarent.
834 1892 1097 1967 Magnus
1127 1901 1223 1954 est
1252 1891 1314 1953 in
1355 1908 1422 1953 re
1455 1891 1698 1968 publica
1732 1908 2019 1969 campus,
2068 1895 2262 1953 ut'sa·

188 1978 425 2055 pienter
467 1978 673 2038 dicere
720 1978 980 2038 Crassus
1036 1977 1302 2050 solebat,
1357 1976 1558 2038 multis
1606 1985 1857 2053 apertus
1910 1992 2128 2038 cursus
2181 1976 2262 2036 ad

190 2063 447 2122 laudem.
532 2063 665 2121 VII.
703 2061 943 2123 Utinam
976 2058 1222 2136 quidem
1252 2060 1338 2121 illi
1359 2058 1669 2136 priucipes
1701 2058 1990 2133 viverent,
2030 2059 2135 2136 qui
2165 2076 2262 2120 me

192 2153 332 2222 post
363 2160 562 2205 meum
600 2147 1012 2218 consulatum,
1057 2162 1243 2220 quum
1271 2143 1345 2204 iis
1384 2142 1522 2220 ipse
1566 2144 1878 2216 cederem,
1925 2143 2260 2219 principem

192 2246 308 2290 non
342 2225 524 2290 inviti⁴
544 2227 856 2290 videbant!
931 2229 1065 2289 Hoc
1096 2245 1243 2291 vero
1289 2237 1562 2303 ternpore
1592 2228 1650 2287 in
1682 2235 1846 2288 tanta
1874 2225 2084 2303 inopia
2115 2242 2261 2289 con·

191 2311 473 2373 stantium
504 2320 564 2373 et
607 2311 845 2373 sortium
876 2312 1288 2374 consularium
1323 2329 1444 2388 quo
1481 2327 1578 2371 me
1611 2312 1823 2373 dolore
1854 2311 2036 2387 'adfici
2067 2311 2262 2371 credi-

190 2395 297 2471 tis,
337 2414 520 2472 quum
558 2395 713 2457 alios
744 2397 901 2458 male
941 2395 1200 2472 sentire,
1245 2395 1405 2458 alios
1449 2395 1595 2455 nihil
1638 2396 1883 2456 omnino
1917 2411 2132 2457 curare
2172 2393 2262 2456 vi·

192 2479 391 2554 deam,
438 2479 593 2541 alios
624 2496 839 2559 parum
876 2487 1229 2541 constanter
1260 2477 1319 2540 in
1353 2487 1647 2556 suscepta
1679 2496 1868 2540 causa
1901 2494 2262 2554 permanere

193 2560 672 2640 sententiamque
715 2580 891 2625 suam
930 2580 1054 2623 non
1097 2580 1342 2639 semper
1371 2563 1623 2625 utilitate
1652 2562 1741 2624 rei
1782 2562 2095 2639 publicae,
2148 2563 2264 2624 sed

191 2654 312 2707 tum
357 2664 498 2723 spe„
547 2657 671 2709 tum
714 2647 933 2709 timore
961 2646 1310 2708 moderari?
1396 2647 1496 2710 18.
1541 2647 1718 2721 Quod
1755 2645 1809 2707 si
1839 2645 1976 2721 quis
2008 2647 2086 2706 de
2117 2661 2262 2707 con-

191 2730 453 2792 tentione
482 2730 864 2808 principatus
895 2732 1159 2805 laborat,
1195 2747 1356 2806 quae
1387 2732 1552 2791 nulla
1599 2745 1744 2792 esse
1774 2730 1987 2802 debet,
2032 2728 2258 2791 stultis-

192 2811 338 2879 sime
387 2815 552 2889 t‘acit,
602 2814 655 2875 si
701 2812 862 2876 vitiis
907 2832 1043 2877 cum
1093 2814 1315 2876 virtute
1365 2813 1706 2874 contendit=
1757 2821 1824 2874 ut
1854 2812 2030 2873 'enim
2075 2828 2263 2874 cursu

194 2914 432 2973 cursuS,
468 2897 559 2960 sic
587 2897 647 2958 in
676 2897 823 2958 viris
861 2899 1117 2961 sortibus
1150 2896 1342 2959 virtus
1371 2897 1590 2960 virtute
1626 2904 1966 2972 superatur.
2055 2898 2174 2970 Tu,
2206 2895 2260 2957 si

193 2998 303 3056 ego
341 2982 417 3042 de
447 2999 513 3042 re
548 2981 1054 3059 publicaoptime
1093 2981 1380 3057 sentiam,
1422 2990 1490 3043 ut
1536 2999 1633 3042 me
1663 2982 1906 3055 vincaS,
1949 2980 2089 3057 ipse
2120 2997 2260 3056 pes-

194 3065 339 3127 sime
379 3064 653 3126 senties?
694 3072 829 3140 aut,
863 3066 915 3127 si
949 3068 1026 3126 ad
1070 3081 1168 3127 me
1196 3066 1500 3127 bonorum
1529 3081 1897 3127 concursum
1928 3063 2060 3126 fieri
2089 3063 2259 3125 vide-

191 3146 309 3220 bis,
339 3149 412 3210 ad
444 3158 503 3210 te
531 3147 846 3225 improbos
877 3149 1206 3211 invitabis?
1267 3150 1499 3211 Nollem
1520 3195 1538 3224 ,
1576 3150 1834 3248 primum
1859 3147 1951 3209 rei
1982 3147 2262 3225 publicae

111 3273 115 3276 «
194 3248 399 3306 causa,
433 3232 656 3303 deinde
686 3232 866 3294 etiam
896 3232 1203 3308 dignitatis
1232 3242 1392 3294 tuae.
1463 3232 1586 3294 Sed
1618 3232 1672 3293 si
1704 3232 2081 3309 principatus
2115 3247 2258 3308 age-

192 3322 375 3388 retur,
429 3332 609 3392 quem
653 3333 986 3413 numquam
1032 3315 1337 3393 expetivi,
1394 3315 1539 3393 quid
1597 3317 1842 3378 tandem
1897 3315 2042 3376 mihi
2090 3321 2259 3381 esset

192 3399 491 3475 optatius?
533 3400 662 3475 Ego
693 3399 853 3461 enim
884 3399 1060 3461 malis
1090 3399 1408 3462 sententiis
1431 3399 1595 3461 vinci
1624 3417 1745 3462 non
1773 3415 2047 3475 possum,
2076 3396 2256 3459 bonis

192 3480 432 3545 forsitan
475 3481 713 3560 possim
757 3492 819 3545 et
862 3483 1135 3545 libenter.
1223 3481 1326 3546 19.
1378 3485 1545 3544 Haec
1591 3485 1885 3559 populum
1919 3484 2258 3543 Romanum
