2514 3928
699 966 787 1048 Μ.
844 964 1116 1047 TULLII
1170 963 1595 1047 CICERONIS

339 1105 587 1202 PRO
676 1108 766 1202 P·
857 1104 1337 1202 SES'rto
1434 1105 1966 1202 ORATIO.

403 1455 951 1515 ARGUMENTUM
978 1453 1310 1514 VETERlS
1343 1452 1908 1513 ENARRATORIS.

264 1591 322 1641 1³.
350 1588 544 1640 Sestius
569 1587 909 1636 amicissimus
935 1586 1462 1650 familiarissimasque
1491 1585 1747 1636 Ciceronis
1774 1583 1870 1635 fuit
1895 1587 1946 1634 in
1975 1586 2197 1653 collegio

124 1660 438 1710 tribunorum
463 1657 552 1722 pL,
584 1658 669 1719 qui
695 1656 898 1706 fuerunt
919 1659 975 1709 Ρ.
999 1654 1212 1706 Lentulo
1232 1655 1501 1722 Spinthere
1527 1655 1585 1714 Q.
1609 1653 1813 1703 Metello
1836 1653 2033 1720 Nepote
2058 1650 2195 1708 cos's.

125 1726 278 1794 [anno
299 1743 353 1793 p.
382 1743 433 1777 u.
458 1742 504 1779 c.
533 1724 698 1791 6921.
754 1726 1012 1776 Obstinate
1037 1726 1194 1790 igitur
1223 1735 1272 1776 et
1301 1726 1347 1774 is
1373 1741 1487 1774 sese
1518 1724 1778 1774 dediderat
1808 1725 1861 1773 in
1892 1738 2195 1774 consensum

123 1798 277 1862 partis
310 1797 445 1855 eius,
494 1797 581 1857 qui
618 1795 916 1860 dignitatem
947 1809 1092 1843 suam
1122 1795 1189 1844 M.
1224 1794 1387 1845 Tullio
1421 1795 1686 1843 restituere
1716 1795 2020 1859 gestiebant.
2093 1792 2193 1843 Sed

121 1867 253 1916 enim
283 1866 340 1915 P.
375 1863 550 1914 Clodio
580 1872 894 1931 repugnante
929 1873 978 1913 et
1013 1865 1352 1928 conspiratam
1385 1863 1626 1913 seditiose
1661 1861 2036 1913 multitudinem
2073 1878 2194 1912 con·

120 1941 378 2001 gregante,
415 1948 476 1982 ne
503 1935 615 1996 quis
644 1934 729 1986 isti
756 1931 823 1983 ad
851 1933 1187 1983 revocandum
1211 1933 1503 1984 Ciceronem
1533 1933 1739 1983 daretur
1767 1932 1992 1993 effectus,
2024 1931 2092 1984 ad
2118 1932 2193 1982 di·

121 2005 439 2054 micationem
473 2018 632 2065 usque
661 2017 953 2068 processum
981 2011 1084 2066 est,
1123 2013 1177 2051 ut
1206 2005 1264 2053 P.
1291 2001 1487 2054 Sestius
1518 2004 1823 2068 gravissime
1852 2010 1902 2052 et
1930 2017 2092 2068 paene
2118 2002 2188 2052 le-

120 2073 286 2122 taliter
309 2072 603 2121 vulneratus
630 2068 769 2135 [vide
793 2070 944 2120 huius
971 2072 1135 2135 ipsius
1164 2072 1408 2121 orationis
1431 2086 1545 2135 cap.
1572 2070 1640 2123 37
1665 2086 1743 2135 sq.
1771 2080 1820 2121 et
1842 2070 2098 2123 Ciceronis
2121 2073 2194 2121 ad

118 2141 180 2203 Q.
213 2141 432 2202 fratrem
467 2142 783 2202 epistolarum
814 2139 902 2192 lib.
936 2141 996 2191 ΙΙ.
1030 2155 1113 2205 ep.
1141 2139 1192 2193 3.
1230 2142 1279 2201 S.
1305 2138 1388 2206 6.]
1426 2141 1711 2191 necessario
1746 2149 2013 2207 cogeretur
2041 2142 2191 2190 etiam

118 2214 233 2275 ipse
259 2217 560 2259 armatorum
589 2224 790 2259 manum
820 2208 1197 2274 gladiatoriam,
1235 2209 1373 2271 quod
1399 2208 1646 2260 Miloiam
1679 2210 1892 2271 fecerat,
1931 2209 2192 2272 adhibere,

114 2278 372 2343 praesidii
404 2275 598 2326 scilicet
630 2280 820 2343 gratia:
859 2278 933 2326 sic
964 2279 1098 2326 enim
1129 2279 1296 2342 potuit
1326 2278 1485 2337 effici,
1519 2287 1575 2328 ut
1605 2280 1879 2338 actionem,
1917 2294 2068 2342 quam
2099 2292 2192 2342 pro

111 2347 282 2397 Tullio
314 2347 629 2405 instituerat,
665 2348 927 2399 obtineret.
1001 2347 1269 2409 Postquam
1301 2354 1469 2395 tamen
1502 2346 1672 2397 Cicero
1706 2349 1769 2399 ab
1806 2347 1990 2397 exsilio
2023 2347 2191 2405 rediit,

112 2429 360 2465 accusare
396 2415 460 2463 de
493 2414 546 2463 vi
578 2414 631 2466 P.
664 2414 869 2465 Clodius
898 2412 1118 2464 Sestium
1149 2416 1318 2480 coepit
1355 2416 1584 2465 immisso
1618 2416 1757 2466 velut
1785 2417 2017 2482 principe
2056 2415 2188 2466 dela-

111 2485 270 2533 tionis
299 2482 369 2533 M.
409 2483 725 2533 Albinovano
763 2492 810 2533 et
839 2484 1183 2533 testimonium
1222 2486 1421 2534 dicente
1457 2487 1515 2538 P.
1544 2486 1777 2535 Vatinio:
1826 2495 1883 2536 nt
1911 2486 2010 2535 hoc
2047 2499 2192 2550 prae-

111 2554 271 2617 cipue
317 2552 516 2601 crimini
561 2554 731 2615 daret,
783 2554 919 2615 quod
961 2567 1326 2618 supergressus
1372 2554 1575 2604 civilem
1619 2554 1828 2605 modum
1872 2556 2192 2620 rogationem

108 2635 264 2670 suam
294 2635 394 2671 non
436 2621 685 2682 aequitate
721 2622 1054 2685 persuaserit,
1102 2622 1193 2671 sed
1229 2623 1384 2671 armis
1421 2624 1709 2674 obtinuerit.
1782 2621 1876 2672 Cui
1913 2631 2195 2688 opponetur

107 2689 268 2738 huius
304 2689 445 2738 motli
477 2704 508 2737 a
540 2687 779 2738 Cicerone
816 2690 1047 2739 defensio
1082 2703 1175 2755 per
1208 2691 1500 2753 qualitatem
1532 2692 1724 2756 speciei
1766 2691 1983 2756 duplicis
2028 2723 2182 2741 .....

116 2792 800 2808 ....................
877 2757 1004 2808 Nam
1045 2757 1314 2808 relativum
1342 2759 1441 2809 hcc
1470 2762 1587 2817 erit,
1636 2761 1767 2809 iuste
1805 2766 1853 2809 et
1894 2760 2073 2809 merito
2102 2758 2193 2806 ha-

106 2827 288 2876 buisse
324 2833 642 2875 armatorum·
671 2827 925 2891 praesidia
960 2828 1017 2880 P.
1055 2825 1304 2892 Sestium,
1349 2836 1405 2878 ut
1436 2828 1703 2879 Clodianos
1739 2830 1957 2892 impetus
2000 2828 2064 2877 ab
2105 2824 2190 2874 illa

101 2895 470 2954 dimicatione,
508 2908 659 2957 quam
697 2897 865 2946 facere
898 2906 1165 2960 coeperat,
1210 2898 1550 2948 submoveret.
1619 2897 1750 2946 Illud
1786 2911 1907 2946 vero
1942 2896 2012 2945 ad
2051 2909 2193 2945 com-

97 2964 469 3027 pensationem
499 2962 741 3023 refertur,
773 2978 868 3028 pro
896 2966 1031 3013 bona
1057 2980 1211 3014 causa
1242 2974 1293 3015 et
1322 2967 1398 3016 rei
1429 2968 1660 3031 publicae
1692 2966 2002 3028 necessaria,
2039 2965 2192 3015 etiam

98 3033 150 3080 si
184 3038 422 3086 armatos
451 3031 710 3096 habuerit,
759 3032 1061 3097 impunitum
1105 3048 1218 3083 esse
1254 3035 1466 3101 debere,
1514 3050 1672 3099 quum
1700 3035 1826 3083 bene
1856 3035 2094 3083 meritum
2128 3033 2198 3082 de

97 3099 277 3149 salute
327 3100 525 3165 patriae
569 3101 733 3149 civem
772 3102 967 3151 restitui
1005 3101 1155 3152 vellet
1197 3106 1422 3153 omnium
1473 3104 1675 3154 favente
1717 3117 1985 3156 consensu.
2055 3101 2197 3150 Hanc

93 3168 270 3233 igitur
305 3168 537 3218 eamdem
571 3184 776 3219 causam
803 3170 1010 3235 plurimi
1042 3171 1397 3229 defenderunt,
1429 3173 1481 3221 in
1514 3174 1628 3235 quis
1661 3170 1756 3220 fuit
1788 3171 1847 3230 Q.
1873 3171 2191 3224 Hortensius,

97 3237 167 3285 Μ.
213 3236 468 3295 Crassus,
509 3237 576 3287 C.‘
597 3239 824 3288 Licinius
856 3237 1065 3298 Calvus,
1111 3240 1343 3303 partibus
1379 3241 1509 3290 inter
1543 3256 1597 3289 se
1630 3240 1943 3302 distributis,
1979 3239 2106 3299 quas
2138 3236 2208 3283 in·

92 3306 319 3370 agendo
351 3313 627 3358 tuerentur.
698 3308 870 3370 Itaque
891 3307 1084 3357 Tullius
1114 3322 1175 3357 ea
1199 3311 1478 3372 peroravit,
1515 3323 1644 3372 quae
1675 3308 1775 3356 sibi
1798 3308 2003 3357 fuerant.
2030 3304 2196 3367 expli·

91 3375 296 3433 canda,
332 3389 445 3432 nec,
476 3382 532 3424 ut
557 3376 784 3440 plerique
807 3375 1033 3425 arbitrati
1060 3382 1195 3440 sunt,
1229 3387 1376 3426 extra
1404 3391 1606 3426 causam
1640 3382 1850 3440 vagatus
1877 3380 1979 3423 est:
2017 3383 2208 3442 quam--

93 3443 179 3491 vis
220 3443 371 3492 enim
411 3444 636 3496 sciamus
678 3478 828 3510 ......
849 3478 1311 3495 ..............
1366 3443 1524 3494 multa
1559 3444 1845 3492 Ciceronem
1886 3440 1967 3505 vel
2005 3440 2190 3488 iratum

88 3511 174 3559 vel
214 3511 486 3562 dolentem
521 3512 584 3562 de
615 3514 938 3577 passionibus
975 3511 1084 3561 suis
1121 3511 1250 3561 ultra
1282 3526 1444 3575 paene
1475 3526 1627 3574 quam
1662 3526 1745 3559 res
1773 3512 2192 3581 posceret-exag-

86 3594 288 3643 gerare
323 3580 560 3640 solitum,
600 3589 767 3629 tamen
785 3617 800 3640 ‚
839 3579 976 3643 quod
1009 3579 1094 3628 hic
1137 3580 1334 3642 prolixa
1366 3580 1583 3638 quadam
1613 3573 2041 3640 turbuientissimi·
2063 3575 2216 3639 tem-ff

84 3650 245 3712 poris
291 3649 642 3713 descriptione
677 3648 890 3698 multum
910 3647 1194 3698 voluminis
1229 3651 1474 3704 occupat,
1510 3643 1612 3689 no'n
1642 3634 1965 3685 mediocriter
1994 3628 2210 3671 videtur*

182 3733 313 3777 c1c.
347 3718 422 3781 ll.
487 3730 540 3785 3,
1750 3700 1785 3754 Ῑ
