2514 3928
729 144 1120 198 PROOEMIUM
1154 145 1484 197 EDITIONIS
1524 145 1892 199 SECUNDAE.
2182 166 2360 203 xxxix

252 277 443 336 blicae.
481 295 789 346 quamquam
825 284 938 334 aliis
977 281 1232 333 Ciceronis
1269 282 1395 332 locis
1433 282 1700 334 Ablativus
1736 286 1788 334 in
1825 284 1977 335 simili
2015 300 2169 336 causa
2208 289 2361 351 poni-

259 355 370 404 zur,
408 358 465 396 ut
497 350 548 397 in
585 350 735 413 epist.
769 351 888 402 XV.
924 354 976 404 4.
1013 352 1060 411 5.
1091 353 1169 400 11.
1207 354 1259 399 in
1316 350 1464 400 Catil.
1500 351 1584 403 111.
1630 352 1677 401 6.
1725 351 1776 414 5.
1815 354 1894 403 15.
1951 352 2032 401 lV.
2075 354 2151 402 10.
2188 353 2237 415 5.
2274 356 2356 407 20.

256 413 376 463 Hoc
411 415 545 464 euim
578 416 691 466 loco
726 419 932 468 verbum
980 418 1247 467 decernere
1289 429 1378 466 aut
1421 419 1753 478 constituere,
1808 419 1946 480 quod
1986 420 2039 469 in
2082 419 2183 470 illis
2226 418 2358 469 locis

262 481 510 542 habetur,
556 498 660 534 non
705 485 1025 550 adiungitur,
1072 484 1164 534 sed
1209 499 1302 550 per
1346 484 1574 534 Genetivi
1619 500 1766 535 usum
1802 486 1902 536 alio
1939 487 2161 548 quodam
2197 488 2354 537 modo

260 567 346 602 res
384 551 637 601 declarata
670 562 761 606 est.
836 551 958 617 Cap.
985 555 1037 603 6!
1070 553 1118 613 5.
1147 554 1227 605 12.
1268 566 1401 601 nunc
1436 552 1639 616 scripsi,
1676 568 1777 615 quo
1814 553 2006 603 ducunt
2037 554 2185 602 etiam
2211 554 2352 603 libris

252 622 311 669 si
345 635 439 670 sua
472 621 683 669 consilia
716 636 823 670 caan
856 623 942 670 illo
979 621 1324 671 coniunxisset
1367 634 1462 684 pro
1505 621 1554 669 si
1596 626 1685 668 tua
1728 622 1940 671 consilia
1972 637 2080 669 cum
2112 623 2196 670 illo
2232 637 2352 672 con·

258 688 510 749 iuna-eris,
547 703 706 750 eaque
740 691 992 753 scriptura
1026 688 1173 736 etiam
1210 688 1324 737 sola
1357 687 1639 737 sententiae
1672 687 2056 737 accommodata
2077 695 2171 736 est.
2226 686 2352 754 cap.

261 755 310 804 7.
345 755 391 814 5.
419 755 496 803 15.
545 769 572 802 e
607 756 719 805 cod.
757 754 1103 808 Gemblacensi
1136 757 1186 806 vi
1219 762 1419 806 terrere
1453 768 1550 820 pro
1585 756 1798 805 interire
1831 756 2069 818 reposui,
2115 754 2169 803 id
2214 754 2353 816 quod

257 821 522 886 Zumptius
559 831 608 872 et
642 833 766 888 post
810 837 924 873 enm
955 822 1247 887 ‚Madvigius
1294 824 1585 872 coniectura
1626 822 1900 872 adsecutus
1947 830 2070 870 erat.
2139 819 2264 886 Cap.
2299 821 2351 873 8.

253 890 307 949 5.
336 891 415 938 18.
468 901 599 938 nunc
644 892 759 955 ipse
801 905 1010 953 quoque
1051 905 1220 940 omnes
1265 900 1381 940 ante
1423 891 1706 940 ordines-e
1749 889 1861 943 cod.
1908 887 2210 937 Taurinensi
2255 902 2352 954 pa-

254 955 522 1020 limpsesto
571 956 731 1006 adieci
778 969 827 1008 et
871 958 1046 1007 eadem
1088 959 1387 1008 auctoritate
1440 972 1552 1022 cap.
1593 960 1670 1010 11.
1709 957 1756 1018 5.
1781 958 1861 1007 19.
1907 954 2208 1022 quaerebam
2252 968 2351 1019 pro

251 1023 569 1088 requirebam
605 1025 763 1075 edidi.
831 1025 878 1085 5.
906 1026 989 1079 20.
1026 1024 1285 1088 Epicureo
1322 1039 1455 1074 nunc
1490 1025 1680 1088 scripsi
1715 1037 1808 1089 pro
1845 1024 2076 1087 Epicuro
2113 1031 2163 1071 et
2194 1022 2351 1070 verba

252 1106 320 1138 ac
353 1093 551 1140 crotala
585 1092 764 1140 delevi.
836 1089 958 1156 Cap.
986 1093 1066 1141 10.
1108 1091 1158 1154 5.
1184 1094 1266 1143 22.
1305 1092 1458 1141 verba
1492 1106 1556 1141 ne
1592 1098 1691 1140 tum
1725 1093 1937 1156 quidm,
1976 1090 2029 1139 id
2065 1088 2205 1152 quod
2240 1090 2348 1138 iam

258 1158 307 1204 in
346 1158 511 1220 prima
545 1157 769 1206 editione
802 1171 917 1205 mea
948 1156 1193 1217 feceram,
1226 1159 1416 1211 retraxi
1451 1157 1517 1206 ad
1550 1157 1728 1206 ultima
1770 1158 2013 1207 enuntiati
2047 1157 2201 1206 verba
2231 1156 2348 1219 sor-

255 1229 413 1270 tunae
447 1229 611 1270 rotam
641 1223 1046 1286 pertimescebat.
1114 1223 1161 1282 5.
1180 1225 1263 1272 23.
1309 1224 1496 1287 scripsi
1539 1238 1673 1270 nuuc
1716 1230 1766 1273 et
1808 1226 1860 1272 in
1905 1231 2025 1287 toqa
2060 1228 2349 1286 praetexta

262 1301 355 1352 pro
392 1286 445 1337 in
479 1294 598 1350 toqa
629 1295 928 1352 praetexta.
971 1294 1022 1337 et
1054 1287 1238 1352 legitur
1271 1290 1319 1336 in
1359 1289 1530 1347 libris,
1578 1303 1883 1349 quamquam
1927 1303 2031 1337 non
2073 1303 2167 1338 suo
2210 1289 2346 1341 loco,

263 1354 385 1418 Cap.
415 1356 495 1403 11.
537 1354 587 1416 5.
615 1357 699 1405 24.
736 1369 872 1404 nunc
905 1357 1019 1419 ipse
1054 1369 1256 1416 quoque
1298 1355 1514 1405 Vibellio
1549 1355 1755 1419 reposui
1788 1368 1882 1418 pro
1906 1354 2136 1404 Iubellio.
2189 1356 2236 1416 5.
2261 1358 2346 1404 25.

254 1429 563 1471 revocarant
595 1421 660 1471 de
696 1421 929 1470 Lambini
963 1421 1249 1470 coniectura
1286 1431 1363 1471 est
1397 1435 1491 1486 pro
1524 1427 1844 1473 revocarunt.
1918 1419 2040 1484 Cap.
2067 1421 2145 1469 12.
2184 1421 2237 1483 5.
2259 1423 2345 1472 27.

253 1490 506 1547 lutulente,
545 1504 734 1554 quaeso
771 1487 956 1552 legitur
988 1499 1162 1552 aperte
1195 1490 1336 1553 apud
1370 1488 1624 1540 Donatum
1660 1489 1727 1537 ad
1761 1488 1982 1537 Terentii
2015 1487 2148 1536 Eun.
2183 1488 2268 1538 111.
2296 1490 2347 1546 5,

255 1558 320 1614 7.,
357 1555 491 1604 unde
524 1555 627 1604 iam
662 1556 717 1604 in
756 1557 926 1621 priore
961 1556 1181 1607 editione
1213 1571 1518 1622 receperam.
1580 1554 1774 1606 Nomen
1817 1555 2123 1604 adiectivum
2158 1555 2210 1603 in
2238 1554 2348 1602 eius

255 1623 392 1670 modi
442 1621 568 1671 locis
620 1623 772 1672 etiam
827 1622 946 1672 alibi
999 1623 1166 1672 solum
1212 1623 1452 1683 habetur,
1508 1632 1565 1673 ut
1599 1638 1643 1677 c.
1680 1622 1765 1672 31.
1804 1622 1853 1685 5.
1881 1623 1963 1682 78.
2003 1636 2044 1671 c.
2072 1623 2153 1671 36.
2189 1622 2236 1682 5.
2261 1621 2344 1671 89.

248 1690 303 1749 5.
327 1690 407 1738 28.
445 1703 579 1737 nuuc
611 1697 683 1747 ut,
722 1690 862 1751 quod
897 1700 1028 1739 certe
1061 1705 1496 1755 supervacaneum
1532 1699 1626 1751 est,
1663 1690 1807 1740 uncis
1833 1689 2157 1738 circumdedi.
2219 1686 2345 1752 Cap.

252 1759 334 1808 13.
373 1756 420 1819 5.
446 1758 530 1807 30.
566 1772 630 1807 ac
661 1762 828 1807 tamen
862 1758 925 1807 de
960 1757 1210 1808 Wunderi
1253 1759 1543 1809 coniectura
1587 1768 1690 1817 est,
1736 1757 1851 1806 libri
1893 1756 2080 1806 habent
2122 1756 2219 1806 bac
2262 1763 2345 1804 ta·-

246 1839 376 1873 men.
447 1823 569 1889 Cap.
616 1826 697 1874 14.
735 1825 784 1885 5.
828 1827 908 1875 31.
943 1827 997 1875 in
1029 1827 1284 1876 maledieti
1316 1825 1523 1890 scripsit
1557 1824 1814 1888 Halmius,
1852 1823 1965 1874 libri
1998 1825 2050 1872 in
2086 1824 2341 1871 omittunt.

252 1888 376 1954 Cap.
405 1893 483 1941 15.
522 1892 568 1952 5.
604 1894 685 1942 33.
746 1892 1107 1956 profectionis,
1155 1893 1294 1954 quod
1330 1894 1518 1942 omittit
1549 1892 1662 1942 cod.
1698 1891 2026 1941 Taurinensis
2061 1890 2343 1955 palimpse-

252 1968 390 2015 stus‚
445 1960 590 2008 un'cis
644 1958 967 2011 circumdedi.
1040 1959 1090 2023 5.
1124 1963 1205 2011 34.
1251 1958 1696 2026 consularibusque
1732 1976 1760 2009 e
1794 1958 1908 2011 cod.
1945 1958 2195 2008 Vaticano
2243 1966 2338 2017 est,

251 2025 409 2089 vulgo
446 2041 541 2090 que
579 2027 826 2078 omissum
862 2037 963 2087 est,
1008 2028 1228 2088 itemque
1269 2028 1452 2076 sactum
1491 2038 1568 2077 est
1602 2029 1750 2077 etiam
1787 2029 1840 2075 in
1874 2025 2042 2074 verbis
2079 2023 2338 2086 sequenti-

248 2093 379 2155 bus,
438 2093 488 2141 in
545 2093 727 2155 quibus
781 2101 1188 2160 servatoremque
1232 2110 1297 2144 ex
1351 2096 1527 2145 eodem
1589 2094 1715 2144 libro
1770 2094 2051 2158 repositum
2110 2102 2188 2139 est
2244 2103 2339 2153 pro

240 2167 575 2211 servatorem.
648 2158 772 2225 Cap.
807 2163 888 2211 37.
937 2162 984 2222 5.
1019 2164 1102 2211 40.
1170 2164 1398 2212 inventus
1454 2178 1509 2212 es
1559 2162 1659 2210 iam
1710 2160 1932 2219 restitui,
1989 2169 2046 2207 ut
2094 2156 2341 2206 librorum·

245 2228 524 2276 auctoritas
573 2228 823 2293 postulat,
870 2242 963 2292 pro
1000 2244 1055 2278 es
1089 2232 1344 2289 inventus,
1390 2229 1528 2291 quod
1574 2230 1838 2294 superiore
1870 2237 2100 2290 tempore
2135 2240 2198 2272 ex
2233 2234 2336 2272 nno

242 2294 362 2343 cod.
399 2294 683 2344 Erfurtensi
718 2310 1024 2360 receperam,
1096 2296 1220 2361 Cap.
1260 2299 1339 2347 19.
1383 2298 1432 2357 5.
1464 2297 1548 2345 44.
1610 2299 1709 2346 duo
1761 2296 1915 2351 duces
1972 2292 2182 2357 reposui
2239 2302 2338 2354 pro

234 2363 376 2411 duos
429 2362 581 2412 duces
631 2373 683 2411 et
731 2363 1037 2423 infrenatum
1091 2364 1275 2427 scripsi
1327 2377 1422 2429 pro
1476 2366 1772 2427 infirmatum
1824 2378 1851 2411 e
1903 2358 2017 2409 cod.
2064 2358 2335 2407 Vaticano.

243 2427 370 2491 Cap.
398 2429 481 2477 20.
527 2429 575 2489 5.
601 2430 683 2481 45.
740 2431 804 2480 de
846 2432 1109 2480 acerrimis
1151 2430 1374 2480 hostibus
1413 2445 1510 2496 pro
1555 2431 1619 2481 de
1661 2428 1968 2479 meten-imis
2012 2424 2235 2475 hostibus
2272 2436 2337 2470 ex

240 2495 425 2544 eodem
460 2494 587 2545 libro
626 2505 720 2548 est.
793 2495 842 2558 5.
865 2498 950 2548 46.
987 2498 1050 2545 de
1084 2511 1202 2546 vera
1237 2498 1480 2547 librorum
1525 2499 1779 2563 scriptura
1821 2495 2032 2543 edoctus
2075 2493 2180 2540 iam
2215 2505 2336 2539 con-

236 2566 450 2611 stitutas
484 2573 607 2627 post
638 2564 946 2613 certissimas
982 2565 1150 2613 omisi.
1224 2564 1274 2627 5.
1298 2568 1381 2615 47.
1417 2566 1471 2613 in
1506 2567 1672 2614 verbis
1708 2578 1809 2613 non
1842 2573 2147 2626 coqnoscere
2179 2557 2338 2608 homi·

237 2644 353 2685 nes,
391 2644 491 2678 non
525 2645 828 2693 cognoscere
863 2633 1000 2695 leges
1027 2643 1119 2682 etc.
1158 2645 1259 2681 non
1297 2640 1469 2697 potest
1503 2632 1724 2684 dubitari
1758 2630 1880 2691 quin
1917 2627 2064 2691 plura
2097 2624 2250 2673 verba
2287 2631 2338 2672 et

232 2696 528 2744 exciderint
563 2707 610 2745 et
645 2707 834 2746 mutata
869 2699 998 2757 siut,
1045 2713 1146 2760 qua
1191 2699 1254 2748 de
1301 2715 1356 2748 rc
1390 2708 1522 2749 recte
1556 2698 1846 2762 Madvigius
1881 2692 2191 2757 disputavit,
2236 2691 2334 2739 etsi

235 2764 355 2812 eius
417 2765 812 2813 correctionibus
866 2765 1030 2813 iocum
1076 2768 1171 2813 iam
1228 2777 1462 2816 sanatum
1515 2782 1631 2817 esse
1682 2777 1784 2813 non
1832 2761 2086 2812 existimo,
2165 2755 2332 2808 Etiam

239 2830 399 2879 verba
454 2830 581 2879 haec
637 2848 735 2881 non
790 2838 1039 2896 senatum,
1103 2850 1203 2884 non
1269 2836 1516 2885 civitatem
1583 2847 1709 2883 sana
1768 2844 1880 2880 esse
1938 2841 2042 2877 non
2091 2834 2330 2892 possunt.

234 2894 496 2961 Suspicor
539 2898 663 2947 haec
704 2899 856 2948 verba
904 2898 1021 2949 olim
1069 2902 1145 2949 sic
1196 2902 1387 2966 scripta
1428 2900 1617 2950 fnisse:
1676 2914 1776 2949 non
1818 2909 2123 2962 cognoscere
2174 2897 2328 2970 leges.

238 2979 346 3014 non
378 2973 586 3014 senatus
618 2969 862 3028 consulta,
901 2979 949 3015 et
983 2966 1068 3016 illa
1103 2968 1273 3027 verba,
1312 2983 1443 3029 quae
1478 2982 1611 3016 nunc
1648 2966 1885 3031 leguntur
1918 2970 2166 3016 senatum,
2214 2960 2334 3007 civi·

236 3037 397 3080 tatem
433 3046 461 3080 e
493 3031 624 3081 male
658 3032 908 3082 intellecto
944 3035 1248 3098 compendio
1284 3050 1328 3083 s.
1365 3051 1410 3083 c.
1449 3044 1558 3084 orta
1594 3048 1732 3092 esse,
1775 3042 1835 3081 ut
1876 3032 2002 3082 haec
2050 3030 2167 3079 olim
2212 3038 2331 3073 sen·-

238 3099 401 3146 tentia
434 3097 595 3150 fnisse
628 3100 883 3149 videatur:
947 3099 1078 3160 Quia
1121 3109 1199 3149 est
1242 3103 1386 3151 aliud
1413 3101 1629 3164 furere?
1682 3116 1783 3153 non
1826 3112 2130 3165 cognoscere
2175 3093 2329 3142 homi·
2375 3156 2390 3162 -

238 3167 369 3215 nes?
444 3165 657 3216 Gravius
704 3167 799 3217 Itoc
841 3173 918 3216 est
961 3182 1060 3216 non
1102 3181 1407 3231 coquoscere
1452 3171 1613 3231 leae-3,
1674 3184 1774 3218 non
1830 3173 2035 3217 senatus
2079 3160 2325 3212 consulta·

232 3226 522 3282 Praecessit
557 3234 714 3282 enim:
776 3249 921 3298 quam
956 3236 1146 3297 leqem?
1202 3235 1340 3298 quod
1370 3241 1577 3284 senatus
1609 3235 1917 3285 consultum?
1986 3232 2087 3280 Sed
2122 3223 2330 3289 singula

234 3300 353 3357 quis
392 3300 443 3346 in
482 3300 593 3348 eius
628 3300 769 3349 modi
804 3301 929 3349 locis
965 3310 1227 3364 praestare
1262 3301 1465 3365 potest?
1540 3301 1661 3364 Cap.
1697 3304 1779 3350 22.
1825 3302 1872 3361 5.
1896 3300 1980 3348 48.
2019 3298 2168 3344 verba
2201 3304 2330 3355 par-
