2514 3928
275 224 406 288 280
857 225 1003 286 PRO
1039 223 1106 298 Q.
1143 224 1459 286 LIGARIO
1493 224 1798 286 ORATIO.
2300 238 2391 292 ⁵6

278 381 403 447 tuo,
438 372 615 434 liceat
646 374 850 437 multis
878 373 1013 435 aliis
1045 391 1274 436 carere.
1366 375 1622 449 Quando
1654 376 1772 437 hoc
1804 377 2128 455 quisquam
2171 394 2251 438 ex
2291 387 2379 454 te,

281 457 536 528 Caesar,
579 456 844 533 audivit,
890 467 996 519 aut
1036 465 1139 519 tua
1169 457 1316 534 quid
1347 458 1512 520 aliud
1548 476 1715 520 arma
1739 461 2059 522 voluerunt
2089 460 2206 521 nisi
2236 478 2275 521 a
2313 471 2382 522 te

281 539 707 601 contumeliam
737 542 1142 617 propulsare?
1186 542 1343 616 Quid
1390 543 1513 618 egit
1554 550 1694 604 tuus
1736 542 1997 605 invictus
2029 544 2372 619 exercituS,

279 622 398 684 nisi
420 632 487 685 ut
509 640 687 686 suum
708 623 805 686 ius
829 633 1097 688 tueretur
1125 633 1187 686 et
1217 624 1568 707 dignitatem
1601 634 1806 688 tuam?
1838 627 2036 701 Quid?
2057 636 2139 702 tu,
2171 645 2376 703 quum

258 723 498 784 pacem
532 724 674 769 esse
702 708 1019 785 cupiebas,
1054 708 1195 770 idne
1226 711 1474 784 agebas,
1508 717 1574 771 ut
1605 709 1711 770 tibi
1739 727 1875 771 cum
1912 710 2247 785 sceleratiS,
2286 728 2373 771 an

279 801 348 853 ut
378 804 514 853 cum
544 792 726 854 bonis
756 791 993 853 civibus
1023 792 1419 855 conveniret?
1460 791 1556 855 19.
1585 793 1731 853 Mihi
1764 810 1942 870 vero,
1975 794 2222 868 Caesar,
2259 804 2374 856 tua

279 873 338 936 in
388 892 485 937 me
531 875 797 937 maxima
839 875 1052 936 merita
1093 883 1255 936 tanta
1298 885 1461 938 certe
1507 893 1629 938 non
1663 876 2042 953 viderentur,
2071 878 2125 939 si
2154 894 2253 937 me
2300 885 2371 939 ut

281 959 643 1021 sceleratum
674 977 711 1020 a
743 968 801 1021 te
831 967 1259 1020 conservatum
1291 969 1584 1035 putarem.
1674 960 1804 1035 Quo
1834 961 2029 1023 *modo
2057 971 2260 1023 autem
2303 970 2371 1023 tu

280 1045 362 1105 de
382 1060 450 1104 re
482 1043 727 1118 publica
754 1043 913 1103 bene
943 1041 1190 1103 meritus
1220 1060 1431 1118 esseS,
1483 1060 1668 1120 quum
1699 1052 1788 1106 tot
1815 1046 2155 1106 sceleratos
2185 1044 2366 1106 ineo-

280 1128 422 1189 lumi
468 1126 759 1202 dignitate
807 1141 950 1187 esse
997 1125 1348 1189 voluisses?
1395 1126 1826 1189 Secessionem
1857 1137 1920 1190 tu
1955 1129 2116 1189 illam
2145 1127 2359 1189 existi·

281 1208 543 1284 mavisti,
575 1211 816 1284 Caesar,
849 1209 1035 1285 initio,
1066 1227 1188 1272 non
1218 1211 1462 1284 bellum,
1493 1227 1697 1287 neque
1724 1210 1946 1273 hostile
1977 1211 2204 1286 odium,
2242 1212 2366 1273 sed

282 1294 460 1355 civile
490 1291 832 1369 discidium,
863 1294 1141 1370 utrisque
1171 1293 1560 1371 cupientibus
1599 1311 1724 1356 rem
1756 1291 2062 1372 publicam
2102 1296 2367 1369 salvam,

281 1379 394 1441 sed
436 1378 649 1454 partim
684 1376 977 1452 consiliis,
1005 1378 1228 1456 partim
1254 1377 1470 1441 studiis
1506 1395 1544 1439 a
1566 1379 1871 1439 communi
1902 1377 2152 1440 utilitate
2181 1378 2362 1439 aber·

281 1461 574 1525 rantibus.
659 1460 1003 1538 Pfincipum
1031 1463 1292 1538 dignitas
1336 1469 1466 1523 erat
1507 1478 1703 1538 paene
1740 1479 1879 1538 par,
1920 1478 2044 1523 non
2089 1478 2200 1537 par
2234 1463 2361 1523 l'or-

282 1555 449 1609 tasse
479 1563 722 1621 eorum,
771 1548 877 1622 qui
916 1547 1360 1622 sequebanturz
1397 1561 1586 1607 causa
1617 1554 1739 1607 tum
1770 1545 1973 1618 dubia,
2016 1546 2183 1620 quod
2225 1554 2363 1606 erat

282 1629 511 1707 aliquid
533 1632 594 1691 in
625 1637 881 1706 utraque
903 1639 1076 1705 parte
1101 1630 1269 1705 quod
1295 1626 1539 1705 probari
1562 1636 1806 1705 possen
1842 1645 2003 1690 nunc
2032 1627 2249 1690 melior
2278 1645 2358 1689 ea

283 1712 611 1775 iudicanda
639 1720 752 1787 est,
787 1729 967 1788 quam
1002 1713 1183 1776 etiam
1208 1714 1268 1773 di
1296 1714 1675 1774 adiuverunt.
1766 1712 2018 1788 Cognita
2052 1729 2199 1774 vero
2230 1712 2355 1773 cle-

286 1798 507 1858 mentia
530 1805 632 1858 tua
663 1794 802 1871 quis
843 1813 963 1856 non
1006 1812 1141 1856 eam
1171 1795 1483 1857 victoriam
1513 1798 1760 1872 probet,
1795 1795 1856 1857 in
1899 1810 2023 1871 qua
2060 1795 2357 1858 occiderit

284 1895 457 1941 nemo
490 1877 607 1940 nisi
636 1888 903 1940 armatus
918 1886 967 1938 2.
2044 1904 2054 1919 ·

402 1963 532 2023 Vll.
557 1962 657 2025 20.
687 1962 810 2024 Sed
837 1973 901 2024 ιιι
935 1961 1203 2026 omittam
1228 1980 1609 2026 communem
1640 1982 1909 2042 eausam,
1932 1963 2247 2026 veniamus
2269 1963 2353 2023 ad

282 2056 565 2111 nostram.
656 2048 863 2108 Utrum
910 2047 1153 2111 tandem
1193 2047 1506 2109 existimas
1548 2047 1784 2109 facilius
1828 2047 2048 2121 fuisse,
2090 2047 2352 2121 Tubero,
2486 2047 2487 2098 l

282 2130 579 2209 Ligarium
626 2148 707 2192 ex
751 2128 961 2191 Africa
1002 2130 1170 2192 exire
1217 2148 1296 2191 an
1336 2148 1449 2193 vos
1491 2130 1557 2193 in‘
1606 2130 1876 2193 Africam
1922 2149 2044 2193 non
2101 2129 2354 2190 venire?

281 2214 733 2285 poteramusne,
765 2211 1023 2289 inquies,
1058 2232 1243 2290 quum
1268 2223 1523 2277 senatus
1555 2214 1942 2277 censuisset?
1972 2213 2037 2275 Si
2075 2230 2173 2274 me
2203 2230 2348 2275 con·

279 2296 460 2373 sulis,
497 2300 664 2360 nullo
701 2298 905 2358 modo.
993 2297 1120 2358 Sed
1149 2307 1348 2359 tamen
1376 2297 1680 2375 Ligarium
1715 2307 1965 2361 senatus
1994 2296 2153 2358 idem
2186 2299 2348 2371 lega-

279 2388 465 2442 verat.
553 2383 757 2455 Atque
804 2381 905 2442 ille
935 2396 1013 2441 eo
1056 2388 1331 2457 tempore
1357 2380 1585 2457 paruit,
1627 2399 1815 2458 quum
1857 2397 2071 2457 parere
2111 2379 2349 2442 senatui

277 2479 536 2525 necesse
562 2473 722 2525 eratz
783 2480 900 2526 vos
943 2471 1090 2529 tunc
1120 2464 1443 2542 paruistis,
1499 2485 1687 2543 quum
1726 2464 1933 2544 paruit
1970 2481 2186 2538 nemo,
2242 2462 2347 2537 qui

278 2547 485 2610 noluit.
573 2547 985 2624 Reprehendo
1029 2548 1255 2626 igitur?
1293 2547 1539 2609 Minime
1587 2566 1754 2611 vero.
1842 2549 2054 2625 Neque
2084 2545 2242 2608 enim
2278 2546 2347 2605 li-

274 2631 398 2694 cuit
426 2631 599 2695 aliter
632 2641 838 2694 vestro
870 2632 1109 2709 generi,
1130 2632 1388 2705 nomini,
1422 2631 1708 2703 familiae,
1755 2630 2135 2707 disciplinae.
2223 2630 2347 2690 Sed

272 2717 391 2777 hoc
419 2734 542 2778 non
572 2717 1003 2792 concedo,*ut,
1050 2716 1275 2794 quibus
1308 2717 1493 2777 rebus
1521 2716 1858 2791 gloriemini
1887 2716 1948 2776 in
1979 2714 2187 2788 vobis,
2213 2729 2348 2773 eas-

269 2801 409 2863 dem
445 2802 507 2862 in
530 2799 667 2862 aliis
700 2799 1182 2876 reprehendatis.
1267 2798 1370 2863 21.
1409 2798 1745 2861 Tuberonis
1776 2816 1914 2861 sors
1945 2796 2225 2859 coniecta
2253 2806 2349 2857 est

271 2899 349 2944 ex
381 2892 633 2945 senatus
670 2885 983 2957 consulto,
1026 2901 1212 2960 quum
1265 2883 1401 2959 ipse
1428 2899 1551 2945 non
1585 2883 1864 2956 adesset,
1915 2881 2131 2942 morbo
2162 2879 2340 2941 etiam

273 2965 687 3042 impediretur.
777 2966 1082 3029 Statuerat
1125 2983 1447 3028 excusare.
1535 2966 1703 3027 Haec
1745 2982 1861 3041 ego
1906 2963 2053 3027 novi
2099 2971 2349 3040 propter

273 3065 487 3110 omnes
550 3047 1072 3123 necessitudines,
1137 3066 1298 3125 quae
1342 3048 1487 3124 mihi
1524 3059 1669 3111 sunt
1718 3066 1856 3110 eum
1892 3050 1957 3110 L.
1989 3048 2342 3109 Tuberone=

269 3131 438 3193 domi
489 3148 611 3192 una
654 3131 903 3204 eruditi,
949 3130 1194 3194 militiae
1233 3134 1734 3207 contubernales,
1783 3140 1924 3209 post
1971 3132 2242 3204 adfines,
2285 3127 2342 3189 in

269 3215 433 3278 omni
463 3212 731 3288 denique
762 3213 885 3275 vita
915 3214 1273 3277 familiaresz
1303 3233 1587 3292 magnum
1609 3218 1789 3277 etiam
1821 3215 2148 3287 vinculum,
2181 3212 2345 3289 quod

267 3297 485 3358 iisdem
538 3294 756 3359 studiis
800 3312 1045 3372 semper
1098 3298 1191 3360 usi
1236 3316 1472 3362 sumus.
1558 3299 1700 3361 Seio
1745 3298 1926 3375 igitur
1965 3299 2346 3359 Tuberonem

268 3379 434 3442 domi
461 3395 707 3440 manere
739 3378 1044 3445 voluisse=
1087 3383 1200 3443 sed
1235 3382 1318 3444 ita
1351 3384 1600 3460 quidam
1632 3383 1881 3460 agebat,
1911 3382 1996 3444 ita
2016 3381 2118 3442 rei
2151 3378 2345 3457 publi-

267 3477 378 3522 cae
407 3461 857 3524 sanctissimum
880 3480 1101 3526 nomen
1135 3466 1520 3543 opponebat.
1549 3476 1631 3539 ut,
1661 3465 1843 3528 etiam
1880 3466 1933 3525 si
1960 3464 2135 3527 aliter
2162 3461 2343 3526 senli-
