2514 3928
29 342 102 396 55
659 333 825 391 CAP.
861 340 1123 393 15—18.
1168 338 1514 398 §.35—41.
1703 294 1719 317 ⁴
1802 352 1806 355 ’
1996 332 2116 395 153

32 482 281 546 doniam
327 481 713 560 praesertim,
765 499 947 558 quam
990 492 1189 544 tantae
1231 484 1630 544 barbarorum
1672 492 1890 559 gentes
1938 486 2116 563 attin-

31 577 212 643 gunt,
249 574 316 627 ut
346 582 596 640 semper
621 565 1037 626 Macedonicis
1075 566 1539 642 imperatoribus
1568 568 1753 628 iidem
1788 569 1944 628 fines
1976 585 2116 644 pro·

31 651 271 711 vinciae
306 651 527 711 suerint
555 648 659 725 qui
688 651 1029 724 gladiorum
1061 658 1246 725 atque
1280 653 1566 726 pilorum:
1610 668 1687 711 ex
1733 668 1854 728 qua
1883 651 2119 727 aliquot

36 733 345 810 praetorio
378 732 663 809 imperio,
713 735 1023 795 consulari
1064 734 1312 810 quidem
1345 751 1523 794 nemo
1557 735 1764 807 rediit,
1812 735 1915 810 qui
1947 734 2116 796 inco·

33 818 216 879 lumis
251 816 456 890 fuerit,
493 816 638 892 quin
671 816 1068 894 triumpharit.
1132 817 1245 879 Est
1282 818 1403 878 hoc
1446 833 1706 878 novumz
1750 821 1938 878 multo
1967 819 2115 879 illud

31 901 256 976 magis=
303 901 646 976 appellatus
689 911 784 962 est
827 903 925 962 hic
967 902 1266 962 vulturius
1316 901 1477 962 illius
1514 901 1887 976 provinciae,
1922 901 1976 960 si
2019 903 2115 962 dis

34 987 251 1061 placet,
288 985 635 1060 imperator.

142 1070 329 1129 XVll.
352 1067 456 1130 39.
481 1069 709 1129 Netum
726 1071 990 1144 quidem,
1008 1071 1214 1130 Paullo
1232 1077 1461 1142 noster,
1480 1069 1736 1129 tabellas
1755 1084 1892 1128 cum
1912 1070 2121 1129 laurea

30 1155 286 1214 Romam
303 1151 536 1213 mittere
549 1153 870 1213 audebas?
903 1152 1059 1225 Misi,
1091 1153 1304 1228 inquit.
1334 1153 1479 1226 Quis
1494 1169 1782 1228 umquam
1801 1152 2121 1218 recitavit?

33 1236 176 1312 quis
194 1245 258 1297 ut
271 1234 670 1297 recitarentur
684 1237 1054 1308 postulavit?
1065 1236 1218 1295 Nihil
1239 1235 1398 1296 enim
1416 1253 1549 1296 mea
1563 1238 1682 1296 iam
1697 1238 1899 1310 refert,
1914 1246 2115 1298 utrum

35 1329 118 1392 tu,
149 1309 530 1381 conscientia
544 1332 889 1391 oppressus
915 1319 1215 1377 scelerum
1240 1328 1500 1384 tuorum,
1531 1319 1676 1378 nihil
1705 1336 1990 1395 umquam
2010 1338 2115 1382 au-

35 1419 147 1462 sus
168 1401 258 1460 sis
274 1400 542 1459 scribere
558 1400 637 1458 ad
651 1415 790 1458 eum
805 1399 1095 1470 ordinem,
1117 1416 1302 1474 quem
1316 1400 1695 1473 despexeras
1710 1446 1725 1470 ‚
1746 1418 1925 1476 quem
1942 1403 2115 1463 adfli-

35 1499 243 1555 xeraS,
272 1497 453 1556 quem
481 1481 820 1551 deleverim,
848 1498 925 1540 an
955 1481 1132 1540 amici
1160 1482 1244 1542 tui
1272 1482 1525 1542 tabellas
1553 1482 2117 1545 abdiderintiidem-

39 1583 165 1643 que
205 1564 447 1625 silentio
465 1578 579 1624 suo
597 1564 989 1624 temeritatem
1016 1573 1201 1641 atque
1218 1563 1538 1624 audaciam
1564 1573 1729 1625 tuam
1748 1569 2115 1628 condemna-

36 1651 177 1711 rint.
216 1651 422 1723 Atque
437 1647 599 1708 haud
626 1647 758 1708 scio
783 1665 861 1708 an
893 1648 1091 1709 malim
1121 1657 1179 1709 te
1199 1646 1395 1709 videri
1412 1650 1576 1709 nullo
1596 1649 1832 1723 pudore
1849 1650 2041 1711 fuisse
2057 1650 2117 1710 in

39 1733 252 1795 litteris
271 1731 576 1793 mittendis
590 1749 667 1791 an
683 1731 917 1792 amicos
935 1741 1071 1793 tuos
1089 1734 1227 1808 plus
1241 1731 1535 1792 habuisse
1551 1741 1612 1792 et
1626 1732 1884 1807 pudoris
1900 1740 1959 1794 et
1974 1750 2118 1794 con-

37 1815 157 1878 silii
176 1833 358 1892 quam
375 1824 479 1876 aut
495 1823 551 1875 te
569 1814 758 1875 videri
775 1815 1195 1891 pudentiorem
1212 1815 1407 1877 fuisse
1424 1833 1607 1891 quam
1623 1817 1791 1877 soles
1820 1826 1925 1878 aut
1951 1827 2117 1878 tuum

38 1902 261 1961 factum
294 1916 414 1959 non
447 1916 590 1960 esse
617 1901 1085 1961 condemnatum
1115 1899 1342 1961 iudicio
1375 1899 1730 1961 amicorum.
1806 1900 1907 1963 40.
1941 1903 2117 1977 Quod
2213 1894 2216 1901 ’

36 1985 90 2044 si
116 2002 236 2045 non
264 1984 382 2045 tuis
405 1983 653 2046 nefariis
677 1982 736 2043 in
761 1985 923 2064 hunc
946 1985 1220 2045 ordinem
1256 1986 1639 2046 contumeliis
1666 1983 1724 2044 in
1758 1995 2120 2062 perpetuum

38 2067 143 2129 tibi
174 2066 401 2128 curiam
434 2069 898 2143 praeclusisseS,
930 2068 1079 2143 quid
1109 2071 1352 2129 tandem
1378 2076 1508 2129 erat
1533 2078 1735 2129 actum
1756 2080 1860 2132 aut
1879 2080 2117 2145 gestum

37 2153 99 2211 in
132 2160 235 2212 tua
271 2150 587 2227 provincia
619 2152 698 2210 de
731 2167 853 2225 quo
885 2153 964 2212 ad
994 2161 1271 2213 senatum
1314 2170 1451 2213 cum
1479 2153 1882 2227 gratulatione
1912 2154 2117 2229 aliqua

41 2234 230 2296 scribi
260 2235 373 2293 abs
405 2243 463 2295 te
504 2242 856 2309 oporteret?
885 2236 1129 2296 vexatio
1158 2236 1599 2297 Macedoniae?
1630 2253 1706 2296 an
1750 2236 2118 2311 oppidorum

42 2320 237 2393 turpis
280 2317 576 2379 amissio?
603 2334 678 2377 an
723 2319 1030 2379 sociorum
1073 2319 1384 2395 direptio?
1416 2336 1491 2379 an
1524 2335 1805 2395 agrorum
1840 2321 2115 2396 depopu-

41 2399 232 2462 latio?
263 2419 339 2461 an
375 2401 628 2461 munitio
658 2401 1176 2463 Thessalonicae?
1203 2421 1281 2462 an
1319 2403 1605 2464 obsessio
1638 2402 1910 2463 militaris
1938 2402 2072 2463 viae
2092 2411 2121 2461 ’ἐ

40 2502 119 2554 an
148 2485 455 2545 exercitus
485 2486 677 2547 nostri
711 2485 994 2547 interitus>
1015 2488 1204 2557 ferro,
1245 2488 1431 2557 fame,
1459 2486 1701 2561 frigore,
1736 2485 2122 2562 pestilentia?

39 2569 130 2627 Tu
159 2584 338 2640 vero,
362 2569 467 2643 qui
499 2569 579 2628 ad
610 2578 885 2629 senatum
924 2569 1070 2630 nihil
1099 2569 1461 2646 scripseris,
1493 2580 1559 2631 ut
1582 2570 1639 2629 in
1674 2571 1823 2630 urbe
1858 2569 2121 2643 nequior

41 2651 328 2711 inventus
384 2668 456 2712 es
498 2668 680 2727 quam
715 2652 1039 2723 GabiniuS,
1081 2654 1173 2713 sic
1212 2652 1272 2713 in
1309 2649 1626 2727 provincia
1669 2654 1875 2727 paullo
1920 2660 2119 2712 tamen

43 2751 223 2809 quam
267 2735 367 2795 ille
397 2734 756 2795 demissior..
827 2734 937 2797 41.τ
966 2737 1117 2795 Nam
1150 2735 1250 2793 ille
1277 2752 1505 2809 gurges
1538 2743 1722 2809 atque
1749 2735 1974 2805 hellu0,
2014 2751 2112 2793 na-

45 2827 140 2877 tus
173 2817 482 2880 abdomini
507 2835 654 2890 suo,
684 2836 802 2878 non
836 2820 997 2879 laudi
1035 2826 1093 2878 et
1123 2818 1371 2892 gloriae,
1404 2835 1590 2892 quum
1624 2816 1864 2891 equites
1899 2817 2121 2876 Roma-

42 2918 159 2961 nos
189 2900 249 2960 in
284 2901 627 2975 provincia,
676 2919 864 2977 quum
894 2900 1254 2976 publicanos
1288 2901 1606 2960 nobiscum
1637 2907 1697 2959 et
1725 2901 2032 2960 voluntate
2062 2909 2123 2962 et

40 2983 334 3059 dignitate
381 2983 774 3057 coniunctoS,
817 3002 1031 3045 omnes
1071 2983 1360 3056 fortuniS,
1402 2983 1626 3043 multos
1667 2984 1827 3043 fama
1872 2983 2120 3060 vitaque

45 3068 382 3142 privasset,
415 3086 600 3143 quum
630 3068 860 3142 egisset
880 3068 1045 3129 aliud
1079 3067 1224 3128 nihil
1261 3067 1362 3128 illo
1389 3064 1665 3128 >exercitu
1694 3066 1813 3128 nisi
1841 3077 1908 3129 ut
1936 3070 2121 3129 urbes

42 3153 539 3226 depopularetur,
559 3168 747 3226 agros
771 3160 1053 3223 vastaret,
1078 3150 1428 3213 exhauriret
1448 3153 1685 3222 domoS,
1707 3166 1898 3212 ausus
1922 3162 2017 3213 est
2037 3184 2125 3196 --

44 3235 192 3310 quid
220 3234 384 3297 enirnv
417 3234 516 3295 ille
547 3251 667 3293 non
697 3236 969 3295 audeat?
1003 3268 1091 3279 —
1135 3252 1174 3293 a
1214 3244 1436 3295 senatu
1474 3233 1981 3310 supplicationem
2013 3249 2123 3310 per

48 3317 275 3378 litteras
308 3320 636 3392 postulare.
688 3318 902 3377 XVIII.
937 3318 983 3378 Ο
1015 3318 1076 3377 di
1110 3317 1511 3379 immortalest
1553 3325 1699 3378 tune
1727 3317 1905 3378 etiam
1937 3323 2123 3392 atque

41 3401 200 3461 adeo
237 3418 386 3471 vos,
426 3400 707 3475 geminae
751 3402 1077 3476 voragines
1123 3401 1491 3476 scopulique
1535 3401 1622 3460 rei
1654 3398 1965 3474 publicae,
2005 3405 2126 3455 vos

43 3499 246 3544 meam
278 3485 582 3544 fortunam
611 3484 993 3560 deprimitis?
1025 3495 1294 3545 vestram
1336 3482 1668 3544 extollitis?
1703 3496 1888 3554 quum
1918 3480 1998 3568 de
2026 3489 2122 3531 me

43 3581 121 3626 ea
149 3568 712 3629 senatusconsulta
742 3569 997 3632 absente
1023 3569 1182 3628 sacta
1206 3568 1346 3638 sint,
1376 3583 1488 3626 eae
1512 3563 1831 3623 contiones
1862 3557 2116 3617 habntae,

2457 1214 2514 1287 &a

2450 1290 2478 1313 ’τ

2483 1292 2514 1301 l

2391 2868 2514 3042 ,ηιξ
2393 2336 2514 2825 untrtastw
2403 2176 2512 2272 of
2406 1696 2514 2115 mmmm
2357 1320 2514 1642 maso}
