<?xml version="1.0" encoding="UTF-8"?>
<!DOCTYPE html PUBLIC "-//W3C//DTD XHTML 1.0 Transitional//EN"
    "http://www.w3.org/TR/xhtml1/DTD/xhtml1-transitional.dtd">
<html xmlns="http://www.w3.org/1999/xhtml" xml:lang="en" lang="en">
 <head>
  <title>
</title>
<meta http-equiv="Content-Type" content="text/html;charset=utf-8" />
  <meta name='ocr-system' content='tesseract 3.04.00' />
  <meta name='ocr-capabilities' content='ocr_page ocr_carea ocr_par ocr_line ocrx_word'/>
</head>
<body>
  <div class='ocr_page' id='page_1' title='image "./scriptaquaemans02cicegoog_0336.png"; bbox 0 0 2514 3928; ppageno 0'>
   <div class='ocr_carea' id='block_1_1' title="bbox 172 254 2237 337">
    <p class='ocr_par' dir='ltr' id='par_1_1' title="bbox 172 254 2237 337">
     <span class='ocr_line' id='line_1_1' title="bbox 172 254 2237 337; baseline -0.002 -6"><span class='ocrx_word' id='word_1_1' title='bbox 172 254 301 331; x_wconf 73' lang='lat'><strong>27⁶</strong></span> <span class='ocrx_word' id='word_1_2' title='bbox 751 262 901 324; x_wconf 73' lang='lat' dir='ltr'><strong>rao</strong></span> <span class='ocrx_word' id='word_1_3' title='bbox 930 262 999 337; x_wconf 83' lang='lat' dir='ltr'><strong>Q.</strong></span> <span class='ocrx_word' id='word_1_4' title='bbox 1029 263 1347 324; x_wconf 71' lang='grc' dir='ltr'>ιιεΑιιιο</span> <span class='ocrx_word' id='word_1_5' title='bbox 1378 262 1679 324; x_wconf 74' lang='lat' dir='ltr'><strong>oRA‘no.</strong></span> <span class='ocrx_word' id='word_1_6' title='bbox 2168 273 2237 326; x_wconf 72' lang='grc' dir='ltr'><strong>ιι</strong></span> 
     </span>
    </p>
   </div>
   <div class='ocr_carea' id='block_1_2' title="bbox 173 414 2246 3571">
    <p class='ocr_par' dir='ltr' id='par_1_2' title="bbox 173 414 2245 3223">
     <span class='ocr_line' id='line_1_2' title="bbox 173 414 2234 495; baseline -0.003 -16"><span class='ocrx_word' id='word_1_7' title='bbox 173 415 493 495; x_wconf 87' lang='lat' dir='ltr'><strong>provincia</strong></span> <span class='ocrx_word' id='word_1_8' title='bbox 522 414 673 477; x_wconf 90' lang='lat' dir='ltr'><strong>satis</strong></span> <span class='ocrx_word' id='word_1_9' title='bbox 706 417 908 477; x_wconf 80' lang='lat' dir='ltr'><strong>facere</strong></span> <span class='ocrx_word' id='word_1_10' title='bbox 937 414 1281 476; x_wconf 87' lang='lat' dir='ltr'><strong>hominibus</strong></span> <span class='ocrx_word' id='word_1_11' title='bbox 1310 431 1431 475; x_wconf 88' lang='lat' dir='ltr'><strong>non</strong></span> <span class='ocrx_word' id='word_1_12' title='bbox 1477 422 1721 489; x_wconf 89' lang='lat' dir='ltr'><strong>posset,</strong></span> <span class='ocrx_word' id='word_1_13' title='bbox 1768 415 1821 474; x_wconf 91' lang='lat' dir='ltr'><strong>si</strong></span> <span class='ocrx_word' id='word_1_14' title='bbox 1868 429 2234 489; x_wconf 78' lang='lat' dir='ltr'><strong>quemquam</strong></span> 
     </span>
     <span class='ocr_line' id='line_1_3' title="bbox 173 495 2234 576; baseline -0.003 -13"><span class='ocrx_word' id='word_1_15' title='bbox 173 501 357 562; x_wconf 89' lang='lat' dir='ltr'><strong>alium</strong></span> <span class='ocrx_word' id='word_1_16' title='bbox 398 498 750 576; x_wconf 89' lang='lat' dir='ltr'><strong>provinciae</strong></span> <span class='ocrx_word' id='word_1_17' title='bbox 795 497 1213 573; x_wconf 78' lang='lat' dir='ltr'><strong>praefecisset.</strong></span> <span class='ocrx_word' id='word_1_18' title='bbox 1298 499 1512 573; x_wconf 88' lang='lat' dir='ltr'><strong>ltaque</strong></span> <span class='ocrx_word' id='word_1_19' title='bbox 1550 495 1858 572; x_wconf 82' lang='lat' dir='ltr'>Ligarius,</span> <span class='ocrx_word' id='word_1_20' title='bbox 1904 513 2092 571; x_wconf 88' lang='lat' dir='ltr'><strong>quum</strong></span> <span class='ocrx_word' id='word_1_21' title='bbox 2134 496 2234 556; x_wconf 86' lang='lat' dir='ltr'><strong>diu</strong></span> 
     </span>
     <span class='ocr_line' id='line_1_4' title="bbox 173 576 2236 661; baseline -0.002 -18"><span class='ocrx_word' id='word_1_22' title='bbox 173 600 469 661; x_wconf 80' lang='lat' dir='ltr'><strong>recusans</strong></span> <span class='ocrx_word' id='word_1_23' title='bbox 501 581 642 642; x_wconf 88' lang='lat' dir='ltr'><strong>nihil</strong></span> <span class='ocrx_word' id='word_1_24' title='bbox 676 581 1068 658; x_wconf 60' lang='lat' dir='ltr'><strong>profecisset,</strong></span> <span class='ocrx_word' id='word_1_25' title='bbox 1132 581 1507 657; x_wconf 87' lang='lat' dir='ltr'><strong>provinciam</strong></span> <span class='ocrx_word' id='word_1_26' title='bbox 1554 579 1793 656; x_wconf 88' lang='lat' dir='ltr'><strong>accepit</strong></span> <span class='ocrx_word' id='word_1_27' title='bbox 1838 579 2094 641; x_wconf 80' lang='lat' dir='ltr'><strong>invitus=</strong></span> <span class='ocrx_word' id='word_1_28' title='bbox 2140 576 2236 639; x_wconf 86' lang='lat' dir='ltr'><strong>cui</strong></span> 
     </span>
     <span class='ocr_line' id='line_1_5' title="bbox 175 661 2241 743; baseline -0.003 -15"><span class='ocrx_word' id='word_1_29' title='bbox 175 667 265 728; x_wconf 91' lang='lat' dir='ltr'><strong>sic</strong></span> <span class='ocrx_word' id='word_1_30' title='bbox 294 667 554 743; x_wconf 78' lang='lat' dir='ltr'><strong>praefuit</strong></span> <span class='ocrx_word' id='word_1_31' title='bbox 583 664 643 725; x_wconf 89' lang='lat' dir='ltr'><strong>in</strong></span> <span class='ocrx_word' id='word_1_32' title='bbox 671 681 855 742; x_wconf 87' lang='lat' dir='ltr'><strong>pace,</strong></span> <span class='ocrx_word' id='word_1_33' title='bbox 897 675 960 726; x_wconf 93' lang='lat' dir='ltr'><strong>ut</strong></span> <span class='ocrx_word' id='word_1_34' title='bbox 1002 674 1062 726; x_wconf 91' lang='lat' dir='ltr'><strong>et</strong></span> <span class='ocrx_word' id='word_1_35' title='bbox 1100 663 1338 726; x_wconf 84' lang='lat' dir='ltr'><strong>civibus</strong></span> <span class='ocrx_word' id='word_1_36' title='bbox 1381 673 1440 726; x_wconf 89' lang='grc' dir='ltr'><strong>ει</strong></span> <span class='ocrx_word' id='word_1_37' title='bbox 1484 662 1677 725; x_wconf 85' lang='lat' dir='ltr'><strong>sociis</strong></span> <span class='ocrx_word' id='word_1_38' title='bbox 1700 661 2044 739; x_wconf 82' lang='lat' dir='ltr'><strong>gratissima</strong></span> <span class='ocrx_word' id='word_1_39' title='bbox 2073 669 2241 723; x_wconf 88' lang='lat' dir='ltr'><strong>esset</strong></span> 
     </span>
     <span class='ocr_line' id='line_1_6' title="bbox 176 743 2239 825; baseline -0.004 -13"><span class='ocrx_word' id='word_1_40' title='bbox 176 750 309 812; x_wconf 90' lang='lat' dir='ltr'><strong>eius</strong></span> <span class='ocrx_word' id='word_1_41' title='bbox 345 749 655 825; x_wconf 76' lang='lat' dir='ltr'><strong>integritas</strong></span> <span class='ocrx_word' id='word_1_42' title='bbox 685 765 757 809; x_wconf 92' lang='lat' dir='ltr'><strong>ac</strong></span> <span class='ocrx_word' id='word_1_43' title='bbox 788 749 963 810; x_wconf 84' lang='lat' dir='ltr'><strong>fides.</strong></span> <span class='ocrx_word' id='word_1_44' title='bbox 1050 747 1109 809; x_wconf 86' lang='lat'><strong>3.</strong></span> <span class='ocrx_word' id='word_1_45' title='bbox 1137 749 1371 809; x_wconf 88' lang='lat' dir='ltr'><strong>Bellum</strong></span> <span class='ocrx_word' id='word_1_46' title='bbox 1401 745 1602 808; x_wconf 89' lang='lat' dir='ltr'><strong>subito</strong></span> <span class='ocrx_word' id='word_1_47' title='bbox 1633 745 1896 820; x_wconf 80' lang='lat' dir='ltr'><strong>exarsit,</strong></span> <span class='ocrx_word' id='word_1_48' title='bbox 1934 746 2105 822; x_wconf 92' lang='lat' dir='ltr'><strong>quod</strong></span> <span class='ocrx_word' id='word_1_49' title='bbox 2135 743 2239 818; x_wconf 90' lang='lat' dir='ltr'><strong>qui</strong></span> 
     </span>
     <span class='ocr_line' id='line_1_7' title="bbox 174 827 2238 906; baseline -0.004 -10"><span class='ocrx_word' id='word_1_50' title='bbox 174 842 348 896; x_wconf 85' lang='lat' dir='ltr'><strong>erant</strong></span> <span class='ocrx_word' id='word_1_51' title='bbox 374 833 433 894; x_wconf 90' lang='lat' dir='ltr'><strong>in</strong></span> <span class='ocrx_word' id='word_1_52' title='bbox 470 833 677 894; x_wconf 76' lang='lat' dir='ltr'><strong>Africa</strong></span> <span class='ocrx_word' id='word_1_53' title='bbox 705 839 845 893; x_wconf 87' lang='lat' dir='ltr'><strong>ante</strong></span> <span class='ocrx_word' id='word_1_54' title='bbox 871 831 1190 893; x_wconf 88' lang='lat' dir='ltr'><strong>audierunt</strong></span> <span class='ocrx_word' id='word_1_55' title='bbox 1218 833 1347 906; x_wconf 82' lang='lat' dir='ltr'><strong>geri</strong></span> <span class='ocrx_word' id='word_1_56' title='bbox 1381 847 1562 906; x_wconf 88' lang='lat' dir='ltr'><strong>quam</strong></span> <span class='ocrx_word' id='word_1_57' title='bbox 1589 831 1810 906; x_wconf 87' lang='lat' dir='ltr'><strong>parari.</strong></span> <span class='ocrx_word' id='word_1_58' title='bbox 1864 829 1995 904; x_wconf 82' lang='lat' dir='ltr'><strong>Quo</strong></span> <span class='ocrx_word' id='word_1_59' title='bbox 2031 827 2238 889; x_wconf 87' lang='lat' dir='ltr'><strong>audito</strong></span> 
     </span>
     <span class='ocr_line' id='line_1_8' title="bbox 180 910 2238 994; baseline -0.003 -17"><span class='ocrx_word' id='word_1_60' title='bbox 180 918 392 994; x_wconf 87' lang='lat' dir='ltr'><strong>partim</strong></span> <span class='ocrx_word' id='word_1_61' title='bbox 416 915 747 992; x_wconf 83' lang='lat' dir='ltr'><strong>cupiditate</strong></span> <span class='ocrx_word' id='word_1_62' title='bbox 770 915 1241 988; x_wconf 87' lang='lat' dir='ltr'><strong>inconsiderata,</strong></span> <span class='ocrx_word' id='word_1_63' title='bbox 1276 913 1492 990; x_wconf 88' lang='lat' dir='ltr'><strong>partim</strong></span> <span class='ocrx_word' id='word_1_64' title='bbox 1523 929 1709 975; x_wconf 89' lang='lat' dir='ltr'><strong>caeco</strong></span> <span class='ocrx_word' id='word_1_65' title='bbox 1734 913 2000 988; x_wconf 89' lang='lat' dir='ltr'><strong>quodam</strong></span> <span class='ocrx_word' id='word_1_66' title='bbox 2024 910 2238 973; x_wconf 86' lang='lat' dir='ltr'><strong>timore</strong></span> 
     </span>
     <span class='ocr_line' id='line_1_9' title="bbox 179 995 2237 1081; baseline -0.003 -20"><span class='ocrx_word' id='word_1_67' title='bbox 179 1001 373 1081; x_wconf 87' lang='lat' dir='ltr'><strong>primo</strong></span> <span class='ocrx_word' id='word_1_68' title='bbox 409 999 656 1071; x_wconf 84' lang='lat' dir='ltr'><strong>salutis,</strong></span> <span class='ocrx_word' id='word_1_69' title='bbox 701 1007 843 1074; x_wconf 91' lang='lat' dir='ltr'><strong>post</strong></span> <span class='ocrx_word' id='word_1_70' title='bbox 885 997 1064 1058; x_wconf 89' lang='lat' dir='ltr'><strong>etiam</strong></span> <span class='ocrx_word' id='word_1_71' title='bbox 1093 996 1277 1057; x_wconf 92' lang='lat' dir='ltr'><strong>studii</strong></span> <span class='ocrx_word' id='word_1_72' title='bbox 1307 996 1401 1058; x_wconf 91' lang='lat' dir='ltr'><strong>sui</strong></span> <span class='ocrx_word' id='word_1_73' title='bbox 1434 996 1808 1073; x_wconf 80' lang='lat' dir='ltr'><strong>quaerebant</strong></span> <span class='ocrx_word' id='word_1_74' title='bbox 1834 995 2098 1071; x_wconf 80' lang='lat' dir='ltr'><strong>aliquem</strong></span> <span class='ocrx_word' id='word_1_75' title='bbox 2128 995 2237 1054; x_wconf 90' lang='lat' dir='ltr'><strong>du</strong></span> 
     </span>
     <span class='ocr_line' id='line_1_10' title="bbox 177 1044 2238 1158; baseline -0.003 -14"><span class='ocrx_word' id='word_1_76' title='bbox 177 1101 339 1158; x_wconf 89' lang='lat' dir='ltr'><strong>cem,</strong></span> <span class='ocrx_word' id='word_1_77' title='bbox 386 1098 569 1157; x_wconf 89' lang='lat' dir='ltr'><strong>quum</strong></span> <span class='ocrx_word' id='word_1_78' title='bbox 611 1044 915 1156; x_wconf 65' lang='lat' dir='ltr'><strong>L’igariuS,</strong></span> <span class='ocrx_word' id='word_1_79' title='bbox 959 1081 1203 1141; x_wconf 89' lang='lat' dir='ltr'><strong>domum</strong></span> <span class='ocrx_word' id='word_1_80' title='bbox 1244 1090 1565 1156; x_wconf 78' lang='lat' dir='ltr'><strong>spectan8‚</strong></span> <span class='ocrx_word' id='word_1_81' title='bbox 1593 1080 1673 1140; x_wconf 89' lang='lat' dir='ltr'><strong>ad</strong></span> <span class='ocrx_word' id='word_1_82' title='bbox 1716 1096 1868 1141; x_wconf 89' lang='lat' dir='ltr'><strong>suos</strong></span> <span class='ocrx_word' id='word_1_83' title='bbox 1904 1079 2105 1139; x_wconf 80' lang='lat' dir='ltr'><strong>redire</strong></span> <span class='ocrx_word' id='word_1_84' title='bbox 2134 1093 2238 1138; x_wconf 91' lang='lat' dir='ltr'><strong>cu·</strong></span> 
     </span>
     <span class='ocr_line' id='line_1_11' title="bbox 176 1162 2240 1264; baseline -0.004 -36"><span class='ocrx_word' id='word_1_85' title='bbox 176 1166 371 1264; x_wconf 79' lang='lat' dir='ltr'><strong>pienS,</strong></span> <span class='ocrx_word' id='word_1_86' title='bbox 406 1166 568 1226; x_wconf 90' lang='lat' dir='ltr'><strong>nullo</strong></span> <span class='ocrx_word' id='word_1_87' title='bbox 601 1180 671 1225; x_wconf 89' lang='lat' dir='ltr'><strong>se</strong></span> <span class='ocrx_word' id='word_1_88' title='bbox 697 1164 990 1240; x_wconf 88' lang='lat' dir='ltr'><strong>implicari</strong></span> <span class='ocrx_word' id='word_1_89' title='bbox 1019 1162 1268 1239; x_wconf 82' lang='lat' dir='ltr'><strong>negotio</strong></span> <span class='ocrx_word' id='word_1_90' title='bbox 1311 1180 1536 1239; x_wconf 89' lang='lat' dir='ltr'><strong>passus</strong></span> <span class='ocrx_word' id='word_1_91' title='bbox 1569 1170 1683 1224; x_wconf 80' lang='lat' dir='ltr'><strong>est.</strong></span> <span class='ocrx_word' id='word_1_92' title='bbox 1774 1163 2012 1223; x_wconf 86' lang='lat' dir='ltr'><strong>Interim</strong></span> <span class='ocrx_word' id='word_1_93' title='bbox 2041 1162 2103 1221; x_wconf 87' lang='lat' dir='ltr'><strong>P.</strong></span> <span class='ocrx_word' id='word_1_94' title='bbox 2134 1162 2240 1221; x_wconf 87' lang='lat' dir='ltr'><strong>At·</strong></span> 
     </span>
     <span class='ocr_line' id='line_1_12' title="bbox 176 1243 2238 1324; baseline -0.004 -14"><span class='ocrx_word' id='word_1_95' title='bbox 176 1250 295 1311; x_wconf 89' lang='lat' dir='ltr'><strong>tius</strong></span> <span class='ocrx_word' id='word_1_96' title='bbox 325 1251 547 1321; x_wconf 85' lang='lat' dir='ltr'><strong>Varus,</strong></span> <span class='ocrx_word' id='word_1_97' title='bbox 583 1247 685 1324; x_wconf 91' lang='lat' dir='ltr'><strong>qui</strong></span> <span class='ocrx_word' id='word_1_98' title='bbox 715 1256 960 1323; x_wconf 83' lang='lat' dir='ltr'><strong>praetor</strong></span> <span class='ocrx_word' id='word_1_99' title='bbox 987 1245 1254 1308; x_wconf 77' lang='lat' dir='ltr'><strong>Africam</strong></span> <span class='ocrx_word' id='word_1_100' title='bbox 1279 1247 1635 1320; x_wconf 80' lang='lat' dir='ltr'><strong>obtinuerat,</strong></span> <span class='ocrx_word' id='word_1_101' title='bbox 1657 1245 1890 1307; x_wconf 88' lang='lat' dir='ltr'><strong>Uticam</strong></span> <span class='ocrx_word' id='word_1_102' title='bbox 1914 1245 2096 1306; x_wconf 89' lang='lat' dir='ltr'><strong>venit.</strong></span> <span class='ocrx_word' id='word_1_103' title='bbox 2140 1243 2238 1303; x_wconf 90' lang='lat' dir='ltr'><strong>Ad</strong></span> 
     </span>
     <span class='ocr_line' id='line_1_13' title="bbox 178 1326 2237 1405; baseline -0.004 -11"><span class='ocrx_word' id='word_1_104' title='bbox 178 1349 314 1394; x_wconf 92' lang='lat' dir='ltr'><strong>eum</strong></span> <span class='ocrx_word' id='word_1_105' title='bbox 358 1332 555 1393; x_wconf 86' lang='lat' dir='ltr'><strong>statim</strong></span> <span class='ocrx_word' id='word_1_106' title='bbox 601 1347 968 1392; x_wconf 88' lang='lat' dir='ltr'><strong>concursum</strong></span> <span class='ocrx_word' id='word_1_107' title='bbox 1011 1339 1123 1391; x_wconf 88' lang='lat' dir='ltr'><strong>est.</strong></span> <span class='ocrx_word' id='word_1_108' title='bbox 1208 1333 1414 1405; x_wconf 88' lang='lat' dir='ltr'><strong>Atque</strong></span> <span class='ocrx_word' id='word_1_109' title='bbox 1456 1331 1553 1389; x_wconf 87' lang='lat' dir='ltr'><strong>ille</strong></span> <span class='ocrx_word' id='word_1_110' title='bbox 1595 1346 1714 1390; x_wconf 89' lang='lat' dir='ltr'><strong>non</strong></span> <span class='ocrx_word' id='word_1_111' title='bbox 1746 1327 2038 1390; x_wconf 87' lang='lat' dir='ltr'><strong>mediocri</strong></span> <span class='ocrx_word' id='word_1_112' title='bbox 2069 1326 2237 1402; x_wconf 88' lang='lat' dir='ltr'><strong>cupi-</strong></span> 
     </span>
     <span class='ocr_line' id='line_1_14' title="bbox 178 1410 2238 1492; baseline -0.004 -15"><span class='ocrx_word' id='word_1_113' title='bbox 178 1416 361 1477; x_wconf 84' lang='lat' dir='ltr'><strong>ditate</strong></span> <span class='ocrx_word' id='word_1_114' title='bbox 392 1414 658 1490; x_wconf 84' lang='lat' dir='ltr'><strong>adripuit</strong></span> <span class='ocrx_word' id='word_1_115' title='bbox 690 1414 1026 1492; x_wconf 87' lang='lat' dir='ltr'><strong>imperium,</strong></span> <span class='ocrx_word' id='word_1_116' title='bbox 1064 1413 1115 1474; x_wconf 90' lang='lat' dir='ltr'><strong>si</strong></span> <span class='ocrx_word' id='word_1_117' title='bbox 1139 1411 1287 1474; x_wconf 89' lang='lat' dir='ltr'><strong>illud</strong></span> <span class='ocrx_word' id='word_1_118' title='bbox 1314 1410 1628 1489; x_wconf 89' lang='lat' dir='ltr'><strong>imperium</strong></span> <span class='ocrx_word' id='word_1_119' title='bbox 1661 1428 1802 1473; x_wconf 88' lang='lat' dir='ltr'><strong>esse</strong></span> <span class='ocrx_word' id='word_1_120' title='bbox 1831 1411 2040 1488; x_wconf 90' lang='lat' dir='ltr'><strong>potuit,</strong></span> <span class='ocrx_word' id='word_1_121' title='bbox 2074 1410 2238 1487; x_wconf 92' lang='lat' dir='ltr'><strong>quod</strong></span> 
     </span>
     <span class='ocr_line' id='line_1_15' title="bbox 178 1493 2236 1574; baseline -0.003 -15"><span class='ocrx_word' id='word_1_122' title='bbox 178 1500 257 1559; x_wconf 85' lang='lat' dir='ltr'><strong>ad</strong></span> <span class='ocrx_word' id='word_1_123' title='bbox 300 1501 600 1574; x_wconf 88' lang='lat' dir='ltr'><strong>privatum</strong></span> <span class='ocrx_word' id='word_1_124' title='bbox 656 1500 919 1560; x_wconf 88' lang='lat' dir='ltr'><strong>clamore</strong></span> <span class='ocrx_word' id='word_1_125' title='bbox 966 1496 1360 1558; x_wconf 86' lang='lat' dir='ltr'><strong>multitudinis</strong></span> <span class='ocrx_word' id='word_1_126' title='bbox 1402 1494 1740 1573; x_wconf 89' lang='lat' dir='ltr'><strong>imperitae,</strong></span> <span class='ocrx_word' id='word_1_127' title='bbox 1782 1497 1946 1558; x_wconf 91' lang='lat' dir='ltr'><strong>nullo</strong></span> <span class='ocrx_word' id='word_1_128' title='bbox 1995 1493 2236 1572; x_wconf 87' lang='lat' dir='ltr'><strong>publico</strong></span> 
     </span>
     <span class='ocr_line' id='line_1_16' title="bbox 180 1576 2237 1655; baseline -0.004 -11"><span class='ocrx_word' id='word_1_129' title='bbox 180 1582 436 1644; x_wconf 90' lang='lat' dir='ltr'><strong>consilio</strong></span> <span class='ocrx_word' id='word_1_130' title='bbox 461 1582 867 1644; x_wconf 77' lang='lat' dir='ltr'><strong>deserebatur.</strong></span> <span class='ocrx_word' id='word_1_131' title='bbox 952 1577 1010 1642; x_wconf 88' lang='lat'><strong>4.</strong></span> <span class='ocrx_word' id='word_1_132' title='bbox 1043 1582 1254 1655; x_wconf 89' lang='lat' dir='ltr'><strong>ltaque</strong></span> <span class='ocrx_word' id='word_1_133' title='bbox 1283 1576 1590 1655; x_wconf 82' lang='lat' dir='ltr'><strong>Ligarius,</strong></span> <span class='ocrx_word' id='word_1_134' title='bbox 1637 1578 1738 1654; x_wconf 90' lang='lat' dir='ltr'><strong>qui</strong></span> <span class='ocrx_word' id='word_1_135' title='bbox 1780 1595 1959 1639; x_wconf 87' lang='lat' dir='ltr'><strong>omne</strong></span> <span class='ocrx_word' id='word_1_136' title='bbox 1987 1580 2106 1639; x_wconf 86' lang='lat' dir='ltr'><strong>tale</strong></span> <span class='ocrx_word' id='word_1_137' title='bbox 2133 1592 2237 1635; x_wconf 89' lang='lat' dir='ltr'><strong>ne-</strong></span> 
     </span>
     <span class='ocr_line' id='line_1_17' title="bbox 178 1659 2230 1741; baseline -0.005 -14"><span class='ocrx_word' id='word_1_138' title='bbox 178 1666 410 1741; x_wconf 85' lang='lat' dir='ltr'><strong>gotium</strong></span> <span class='ocrx_word' id='word_1_139' title='bbox 458 1673 711 1741; x_wconf 87' lang='lat' dir='ltr'><strong>cuperet</strong></span> <span class='ocrx_word' id='word_1_140' title='bbox 740 1665 1038 1739; x_wconf 77' lang='lat' dir='ltr'><strong>effugere,</strong></span> <span class='ocrx_word' id='word_1_141' title='bbox 1083 1664 1353 1739; x_wconf 88' lang='lat' dir='ltr'><strong>paullum</strong></span> <span class='ocrx_word' id='word_1_142' title='bbox 1394 1663 1659 1723; x_wconf 86' lang='lat' dir='ltr'><strong>adventu</strong></span> <span class='ocrx_word' id='word_1_143' title='bbox 1690 1661 1835 1722; x_wconf 88' lang='lat' dir='ltr'><strong>Vari</strong></span> <span class='ocrx_word' id='word_1_144' title='bbox 1871 1659 2230 1737; x_wconf 86' lang='lat' dir='ltr'><strong>conquievit.</strong></span> 
     </span>
     <span class='ocr_line' id='line_1_18' title="bbox 178 1744 2237 1823; baseline -0.002 -16"><span class='ocrx_word' id='word_1_145' title='bbox 178 1750 250 1808; x_wconf 87' lang='grc' dir='ltr'><strong>ΙΙ.</strong></span> <span class='ocrx_word' id='word_1_146' title='bbox 280 1749 533 1823; x_wconf 88' lang='lat' dir='ltr'><strong>Adhuc,</strong></span> <span class='ocrx_word' id='word_1_147' title='bbox 565 1748 628 1807; x_wconf 90' lang='lat' dir='ltr'><strong>C.</strong></span> <span class='ocrx_word' id='word_1_148' title='bbox 667 1749 918 1819; x_wconf 87' lang='lat' dir='ltr'><strong>Caesar,</strong></span> <span class='ocrx_word' id='word_1_149' title='bbox 959 1745 1025 1821; x_wconf 85' lang='lat' dir='ltr'><strong>Q.</strong></span> <span class='ocrx_word' id='word_1_150' title='bbox 1054 1744 1332 1821; x_wconf 83' lang='lat' dir='ltr'><strong>Ligarius</strong></span> <span class='ocrx_word' id='word_1_151' title='bbox 1362 1745 1525 1806; x_wconf 89' lang='lat' dir='ltr'><strong>omni</strong></span> <span class='ocrx_word' id='word_1_152' title='bbox 1555 1747 1733 1821; x_wconf 85' lang='lat' dir='ltr'><strong>culpa</strong></span> <span class='ocrx_word' id='word_1_153' title='bbox 1764 1751 1957 1806; x_wconf 87' lang='lat' dir='ltr'><strong>vacat.</strong></span> <span class='ocrx_word' id='word_1_154' title='bbox 2045 1744 2237 1804; x_wconf 90' lang='lat' dir='ltr'><strong>Domo</strong></span> 
     </span>
     <span class='ocr_line' id='line_1_19' title="bbox 179 1823 2225 1907; baseline -0.005 -12"><span class='ocrx_word' id='word_1_155' title='bbox 179 1840 275 1895; x_wconf 85' lang='lat' dir='ltr'><strong>est</strong></span> <span class='ocrx_word' id='word_1_156' title='bbox 306 1847 599 1907; x_wconf 82' lang='lat' dir='ltr'><strong>egressus</strong></span> <span class='ocrx_word' id='word_1_157' title='bbox 631 1846 751 1891; x_wconf 89' lang='lat' dir='ltr'><strong>non</strong></span> <span class='ocrx_word' id='word_1_158' title='bbox 785 1830 967 1890; x_wconf 92' lang='lat' dir='ltr'><strong>modo</strong></span> <span class='ocrx_word' id='word_1_159' title='bbox 1005 1830 1232 1889; x_wconf 89' lang='lat' dir='ltr'><strong>nullum</strong></span> <span class='ocrx_word' id='word_1_160' title='bbox 1263 1831 1342 1891; x_wconf 90' lang='lat' dir='ltr'><strong>ad</strong></span> <span class='ocrx_word' id='word_1_161' title='bbox 1375 1830 1627 1903; x_wconf 89' lang='lat' dir='ltr'><strong>bellum,</strong></span> <span class='ocrx_word' id='word_1_162' title='bbox 1668 1829 1780 1889; x_wconf 91' lang='lat' dir='ltr'><strong>sed</strong></span> <span class='ocrx_word' id='word_1_163' title='bbox 1826 1846 1902 1889; x_wconf 89' lang='lat' dir='ltr'><strong>ne</strong></span> <span class='ocrx_word' id='word_1_164' title='bbox 1949 1829 2026 1888; x_wconf 90' lang='lat' dir='ltr'><strong>ad</strong></span> <span class='ocrx_word' id='word_1_165' title='bbox 2068 1823 2225 1886; x_wconf 88' lang='lat' dir='ltr'><strong>mini-</strong></span> 
     </span>
     <span class='ocr_line' id='line_1_20' title="bbox 179 1911 2237 1991; baseline -0.003 -15"><span class='ocrx_word' id='word_1_166' title='bbox 179 1931 338 1976; x_wconf 85' lang='lat' dir='ltr'><strong>mam</strong></span> <span class='ocrx_word' id='word_1_167' title='bbox 381 1912 625 1990; x_wconf 88' lang='lat' dir='ltr'><strong>quidem</strong></span> <span class='ocrx_word' id='word_1_168' title='bbox 680 1911 1084 1991; x_wconf 87' lang='lat' dir='ltr'><strong>suspitionem</strong></span> <span class='ocrx_word' id='word_1_169' title='bbox 1124 1913 1295 1974; x_wconf 84' lang='lat' dir='ltr'><strong>belli=</strong></span> <span class='ocrx_word' id='word_1_170' title='bbox 1352 1914 1586 1989; x_wconf 83' lang='lat' dir='ltr'><strong>legatus</strong></span> <span class='ocrx_word' id='word_1_171' title='bbox 1633 1912 1691 1971; x_wconf 91' lang='lat' dir='ltr'><strong>in</strong></span> <span class='ocrx_word' id='word_1_172' title='bbox 1735 1927 1888 1989; x_wconf 87' lang='lat' dir='ltr'><strong>pace</strong></span> <span class='ocrx_word' id='word_1_173' title='bbox 1929 1912 2237 1988; x_wconf 80' lang='lat' dir='ltr'><strong>profectus</strong></span> 
     </span>
     <span class='ocr_line' id='line_1_21' title="bbox 181 1994 2238 2074; baseline -0.004 -14"><span class='ocrx_word' id='word_1_174' title='bbox 181 2007 304 2060; x_wconf 83' lang='lat' dir='ltr'><strong>est:</strong></span> <span class='ocrx_word' id='word_1_175' title='bbox 340 1995 400 2057; x_wconf 91' lang='lat' dir='ltr'><strong>in</strong></span> <span class='ocrx_word' id='word_1_176' title='bbox 431 1995 749 2074; x_wconf 90' lang='lat' dir='ltr'><strong>provincia</strong></span> <span class='ocrx_word' id='word_1_177' title='bbox 779 1995 1167 2073; x_wconf 88' lang='lat' dir='ltr'><strong>pacatissima</strong></span> <span class='ocrx_word' id='word_1_178' title='bbox 1194 1996 1272 2057; x_wconf 86' lang='lat' dir='ltr'><strong>ita</strong></span> <span class='ocrx_word' id='word_1_179' title='bbox 1313 2012 1382 2057; x_wconf 89' lang='lat' dir='ltr'><strong>se</strong></span> <span class='ocrx_word' id='word_1_180' title='bbox 1414 1995 1634 2071; x_wconf 84' lang='lat' dir='ltr'><strong>gessit,</strong></span> <span class='ocrx_word' id='word_1_181' title='bbox 1677 2005 1739 2057; x_wconf 90' lang='lat' dir='ltr'><strong>ut</strong></span> <span class='ocrx_word' id='word_1_182' title='bbox 1767 1994 1824 2055; x_wconf 90' lang='lat' dir='ltr'><strong>ei</strong></span> <span class='ocrx_word' id='word_1_183' title='bbox 1854 2011 2068 2071; x_wconf 87' lang='lat' dir='ltr'><strong>pacem</strong></span> <span class='ocrx_word' id='word_1_184' title='bbox 2100 2008 2238 2052; x_wconf 87' lang='lat' dir='ltr'><strong>esse</strong></span> 
     </span>
     <span class='ocr_line' id='line_1_22' title="bbox 179 2076 2238 2157; baseline -0.004 -15"><span class='ocrx_word' id='word_1_185' title='bbox 179 2079 515 2157; x_wconf 71' lang='lat' dir='ltr'><strong>expediret.</strong></span> <span class='ocrx_word' id='word_1_186' title='bbox 599 2081 899 2142; x_wconf 75' lang='lat' dir='ltr'><strong>Profectio</strong></span> <span class='ocrx_word' id='word_1_187' title='bbox 944 2089 1107 2141; x_wconf 90' lang='lat' dir='ltr'><strong>certe</strong></span> <span class='ocrx_word' id='word_1_188' title='bbox 1148 2081 1409 2139; x_wconf 88' lang='lat' dir='ltr'><strong>animum</strong></span> <span class='ocrx_word' id='word_1_189' title='bbox 1450 2086 1614 2140; x_wconf 88' lang='lat' dir='ltr'><strong>tuum</strong></span> <span class='ocrx_word' id='word_1_190' title='bbox 1657 2095 1775 2140; x_wconf 95' lang='lat' dir='ltr'><strong>non</strong></span> <span class='ocrx_word' id='word_1_191' title='bbox 1824 2079 2006 2139; x_wconf 88' lang='lat' dir='ltr'><strong>debet</strong></span> <span class='ocrx_word' id='word_1_192' title='bbox 2049 2076 2238 2138; x_wconf 84' lang='lat' dir='ltr'><strong>offen·</strong></span> 
     </span>
     <span class='ocr_line' id='line_1_23' title="bbox 183 2159 2240 2240; baseline -0.004 -15"><span class='ocrx_word' id='word_1_193' title='bbox 183 2168 355 2225; x_wconf 82' lang='lat' dir='ltr'><strong>dere:</strong></span> <span class='ocrx_word' id='word_1_194' title='bbox 388 2182 527 2225; x_wconf 91' lang='lat' dir='ltr'><strong>num</strong></span> <span class='ocrx_word' id='word_1_195' title='bbox 560 2164 738 2240; x_wconf 83' lang='lat' dir='ltr'><strong>igitur</strong></span> <span class='ocrx_word' id='word_1_196' title='bbox 753 2164 1106 2224; x_wconf 67' lang='lat' dir='ltr'><strong>remansio?</strong></span> <span class='ocrx_word' id='word_1_197' title='bbox 1130 2163 1318 2223; x_wconf 91' lang='lat' dir='ltr'><strong>Multo</strong></span> <span class='ocrx_word' id='word_1_198' title='bbox 1349 2162 1568 2223; x_wconf 87' lang='lat' dir='ltr'><strong>minus.</strong></span> <span class='ocrx_word' id='word_1_199' title='bbox 1620 2163 1768 2221; x_wconf 88' lang='lat' dir='ltr'><strong>Nam</strong></span> <span class='ocrx_word' id='word_1_200' title='bbox 1799 2159 2097 2237; x_wconf 74' lang='lat' dir='ltr'><strong>profectio</strong></span> <span class='ocrx_word' id='word_1_201' title='bbox 2133 2175 2240 2217; x_wconf 88' lang='lat' dir='ltr'><strong>vo·</strong></span> 
     </span>
     <span class='ocr_line' id='line_1_24' title="bbox 180 2240 2240 2321; baseline -0.003 -14"><span class='ocrx_word' id='word_1_202' title='bbox 180 2250 466 2309; x_wconf 87' lang='lat' dir='ltr'><strong>luntatem</strong></span> <span class='ocrx_word' id='word_1_203' title='bbox 510 2247 720 2308; x_wconf 88' lang='lat' dir='ltr'><strong>habuit</strong></span> <span class='ocrx_word' id='word_1_204' title='bbox 765 2262 886 2307; x_wconf 92' lang='lat' dir='ltr'><strong>non</strong></span> <span class='ocrx_word' id='word_1_205' title='bbox 929 2255 1196 2321; x_wconf 91' lang='lat' dir='ltr'><strong>turpem,</strong></span> <span class='ocrx_word' id='word_1_206' title='bbox 1238 2246 1541 2306; x_wconf 85' lang='lat' dir='ltr'><strong>remansio</strong></span> <span class='ocrx_word' id='word_1_207' title='bbox 1593 2245 2014 2306; x_wconf 88' lang='lat' dir='ltr'><strong>necessitatem</strong></span> <span class='ocrx_word' id='word_1_208' title='bbox 2060 2240 2240 2303; x_wconf 87' lang='lat' dir='ltr'><strong>etiam</strong></span> 
     </span>
     <span class='ocr_line' id='line_1_25' title="bbox 182 2328 2239 2405; baseline -0.003 -16"><span class='ocrx_word' id='word_1_209' title='bbox 182 2332 520 2391; x_wconf 84' lang='lat' dir='ltr'><strong>honestam.</strong></span> <span class='ocrx_word' id='word_1_210' title='bbox 608 2330 771 2405; x_wconf 83' lang='lat' dir='ltr'><strong>Ergo</strong></span> <span class='ocrx_word' id='word_1_211' title='bbox 799 2329 964 2390; x_wconf 27' lang='lat' dir='ltr'><strong>*haec</strong></span> <span class='ocrx_word' id='word_1_212' title='bbox 1005 2329 1127 2389; x_wconf 92' lang='lat' dir='ltr'><strong>duo</strong></span> <span class='ocrx_word' id='word_1_213' title='bbox 1174 2337 1448 2404; x_wconf 87' lang='lat' dir='ltr'><strong>tempora</strong></span> <span class='ocrx_word' id='word_1_214' title='bbox 1481 2337 1688 2389; x_wconf 82' lang='lat' dir='ltr'><strong>carent</strong></span> <span class='ocrx_word' id='word_1_215' title='bbox 1718 2328 1993 2388; x_wconf 88' lang='lat' dir='ltr'><strong>crimine·</strong></span> <span class='ocrx_word' id='word_1_216' title='bbox 2037 2341 2239 2398; x_wconf 88' lang='lat' dir='ltr'><strong>unum,</strong></span> 
     </span>
     <span class='ocr_line' id='line_1_26' title="bbox 182 2404 2241 2490; baseline -0.003 -17"><span class='ocrx_word' id='word_1_217' title='bbox 182 2430 368 2490; x_wconf 89' lang='lat' dir='ltr'><strong>quum</strong></span> <span class='ocrx_word' id='word_1_218' title='bbox 410 2419 506 2473; x_wconf 91' lang='lat' dir='ltr'><strong>est</strong></span> <span class='ocrx_word' id='word_1_219' title='bbox 545 2413 781 2488; x_wconf 81' lang='lat' dir='ltr'><strong>legatus</strong></span> <span class='ocrx_word' id='word_1_220' title='bbox 837 2413 1183 2487; x_wconf 81' lang='lat' dir='ltr'><strong>profectus,</strong></span> <span class='ocrx_word' id='word_1_221' title='bbox 1243 2414 1527 2485; x_wconf 88' lang='lat' dir='ltr'><strong>alterum,</strong></span> <span class='ocrx_word' id='word_1_222' title='bbox 1573 2429 1755 2487; x_wconf 89' lang='lat' dir='ltr'><strong>quum</strong></span> <span class='ocrx_word' id='word_1_223' title='bbox 1796 2409 2160 2486; x_wconf 73' lang='lat' dir='ltr'><strong>efflagitatus</strong></span> <span class='ocrx_word' id='word_1_224' title='bbox 2204 2404 2241 2466; x_wconf 84' lang='lat' dir='ltr'><strong>a</strong></span> 
     </span>
     <span class='ocr_line' id='line_1_27' title="bbox 182 2492 2239 2573; baseline -0.003 -16"><span class='ocrx_word' id='word_1_225' title='bbox 182 2495 498 2573; x_wconf 87' lang='lat' dir='ltr'><strong>provlncia</strong></span> <span class='ocrx_word' id='word_1_226' title='bbox 525 2494 928 2572; x_wconf 79' lang='lat' dir='ltr'><strong>praepositus</strong></span> <span class='ocrx_word' id='word_1_227' title='bbox 964 2495 1209 2555; x_wconf 79' lang='lat' dir='ltr'><strong>Africae</strong></span> <span class='ocrx_word' id='word_1_228' title='bbox 1250 2503 1364 2557; x_wconf 88' lang='lat' dir='ltr'><strong>est</strong></span> <span class='ocrx_word' id='word_1_229' title='bbox 1461 2492 1521 2555; x_wconf 87' lang='lat'><strong>5.</strong></span> <span class='ocrx_word' id='word_1_230' title='bbox 1553 2493 1814 2555; x_wconf 87' lang='lat' dir='ltr'><strong>Tertium</strong></span> <span class='ocrx_word' id='word_1_231' title='bbox 1856 2502 2095 2568; x_wconf 88' lang='lat' dir='ltr'><strong>tempus</strong></span> <span class='ocrx_word' id='word_1_232' title='bbox 2127 2498 2239 2561; x_wconf 90' lang='lat' dir='ltr'><strong>est,</strong></span> 
     </span>
     <span class='ocr_line' id='line_1_28' title="bbox 182 2572 2244 2717; baseline -0.005 -74"><span class='ocrx_word' id='word_1_233' title='bbox 182 2580 348 2656; x_wconf 85' lang='lat' dir='ltr'><strong>quod</strong></span> <span class='ocrx_word' id='word_1_234' title='bbox 373 2586 515 2656; x_wconf 92' lang='lat' dir='ltr'><strong>post</strong></span> <span class='ocrx_word' id='word_1_235' title='bbox 536 2580 861 2641; x_wconf 86' lang='lat' dir='ltr'><strong>adventum</strong></span> <span class='ocrx_word' id='word_1_236' title='bbox 881 2577 1070 2639; x_wconf 86' lang='lat' dir='ltr'><strong>Vari</strong></span> <span class='ocrx_word' id='word_1_237' title='bbox 1054 2596 1114 2639; x_wconf 86' lang='lat' dir='ltr'><strong>m</strong></span> <span class='ocrx_word' id='word_1_238' title='bbox 1148 2577 1359 2639; x_wconf 78' lang='lat' dir='ltr'><strong>Africa</strong></span> <span class='ocrx_word' id='word_1_239' title='bbox 1388 2576 1619 2652; x_wconf 82' lang='lat' dir='ltr'><strong>restitit,</strong></span> <span class='ocrx_word' id='word_1_240' title='bbox 1651 2577 1816 2652; x_wconf 88' lang='lat' dir='ltr'><strong>quod</strong></span> <span class='ocrx_word' id='word_1_241' title='bbox 1843 2577 1895 2638; x_wconf 92' lang='lat' dir='ltr'><strong>si</strong></span> <span class='ocrx_word' id='word_1_242' title='bbox 1923 2583 2020 2637; x_wconf 89' lang='lat' dir='ltr'><strong>est</strong></span> <span class='ocrx_word' id='word_1_243' title='bbox 2047 2572 2244 2717; x_wconf 85' lang='lat' dir='ltr'><strong>crimi-i</strong></span> 
     </span>
     <span class='ocr_line' id='line_1_29' title="bbox 182 2659 2143 2738; baseline -0.004 -13"><span class='ocrx_word' id='word_1_244' title='bbox 182 2682 433 2738; x_wconf 88' lang='lat' dir='ltr'><strong>nosum,</strong></span> <span class='ocrx_word' id='word_1_245' title='bbox 465 2662 851 2726; x_wconf 86' lang='lat' dir='ltr'><strong>necessitatis</strong></span> <span class='ocrx_word' id='word_1_246' title='bbox 885 2662 1106 2723; x_wconf 87' lang='lat' dir='ltr'><strong>crimen</strong></span> <span class='ocrx_word' id='word_1_247' title='bbox 1140 2671 1263 2737; x_wconf 89' lang='lat' dir='ltr'><strong>est,</strong></span> <span class='ocrx_word' id='word_1_248' title='bbox 1306 2680 1424 2724; x_wconf 90' lang='lat' dir='ltr'><strong>non</strong></span> <span class='ocrx_word' id='word_1_249' title='bbox 1456 2660 1800 2723; x_wconf 89' lang='lat' dir='ltr'><strong>voluntatis.</strong></span> <span class='ocrx_word' id='word_1_250' title='bbox 1862 2662 1983 2720; x_wconf 83' lang='grc' dir='ltr'><strong>Αιι</strong></span> <span class='ocrx_word' id='word_1_251' title='bbox 2016 2659 2143 2730; x_wconf 89' lang='lat' dir='ltr'><strong>ille,</strong></span> 
     </span>
     <span class='ocr_line' id='line_1_30' title="bbox 181 2745 2241 2825; baseline -0.005 -15"><span class='ocrx_word' id='word_1_252' title='bbox 181 2746 484 2825; x_wconf 88' lang='lat' dir='ltr'><strong>potuisset</strong></span> <span class='ocrx_word' id='word_1_253' title='bbox 507 2747 671 2809; x_wconf 90' lang='lat' dir='ltr'><strong>illinc</strong></span> <span class='ocrx_word' id='word_1_254' title='bbox 691 2749 815 2809; x_wconf 91' lang='lat' dir='ltr'><strong>ullo</strong></span> <span class='ocrx_word' id='word_1_255' title='bbox 840 2748 1024 2808; x_wconf 89' lang='lat' dir='ltr'><strong>modo</strong></span> <span class='ocrx_word' id='word_1_256' title='bbox 1048 2747 1339 2819; x_wconf 88' lang='lat' dir='ltr'><strong>evadere,</strong></span> <span class='ocrx_word' id='word_1_257' title='bbox 1364 2745 1577 2808; x_wconf 89' lang='lat' dir='ltr'><strong>Uticae</strong></span> <span class='ocrx_word' id='word_1_258' title='bbox 1614 2762 1794 2822; x_wconf 87' lang='lat' dir='ltr'><strong>quam</strong></span> <span class='ocrx_word' id='word_1_259' title='bbox 1823 2745 2074 2817; x_wconf 87' lang='lat' dir='ltr'><strong>Romae,</strong></span> <span class='ocrx_word' id='word_1_260' title='bbox 2107 2756 2241 2801; x_wconf 87' lang='lat' dir='ltr'><strong>cum</strong></span> 
     </span>
     <span class='ocr_line' id='line_1_31' title="bbox 178 2825 2243 2907; baseline -0.004 -16"><span class='ocrx_word' id='word_1_261' title='bbox 178 2834 243 2891; x_wconf 88' lang='lat' dir='ltr'><strong>P.</strong></span> <span class='ocrx_word' id='word_1_262' title='bbox 266 2830 429 2893; x_wconf 88' lang='lat' dir='ltr'><strong>Attio</strong></span> <span class='ocrx_word' id='word_1_263' title='bbox 456 2850 641 2907; x_wconf 89' lang='lat' dir='ltr'><strong>quam</strong></span> <span class='ocrx_word' id='word_1_264' title='bbox 673 2848 811 2893; x_wconf 89' lang='lat' dir='ltr'><strong>cum</strong></span> <span class='ocrx_word' id='word_1_265' title='bbox 835 2826 1333 2892; x_wconf 86' lang='lat' dir='ltr'><strong>concordissimis</strong></span> <span class='ocrx_word' id='word_1_266' title='bbox 1368 2827 1667 2903; x_wconf 78' lang='lat' dir='ltr'><strong>fratribus,</strong></span> <span class='ocrx_word' id='word_1_267' title='bbox 1699 2844 1836 2889; x_wconf 91' lang='lat' dir='ltr'><strong>cum</strong></span> <span class='ocrx_word' id='word_1_268' title='bbox 1863 2825 2078 2887; x_wconf 87' lang='lat' dir='ltr'><strong>alienis</strong></span> <span class='ocrx_word' id='word_1_269' title='bbox 2101 2839 2243 2883; x_wconf 90' lang='lat' dir='ltr'><strong>esse</strong></span> 
     </span>
     <span class='ocr_line' id='line_1_32' title="bbox 182 2906 2244 2989; baseline -0.004 -14"><span class='ocrx_word' id='word_1_270' title='bbox 182 2931 367 2989; x_wconf 86' lang='lat' dir='ltr'><strong>quam</strong></span> <span class='ocrx_word' id='word_1_271' title='bbox 380 2930 515 2974; x_wconf 91' lang='lat' dir='ltr'><strong>cum</strong></span> <span class='ocrx_word' id='word_1_272' title='bbox 534 2914 665 2976; x_wconf 87' lang='lat' dir='ltr'><strong>suis</strong></span> <span class='ocrx_word' id='word_1_273' title='bbox 676 2914 1036 2976; x_wconf 68' lang='lat' dir='ltr'><strong>maluisset?</strong></span> <span class='ocrx_word' id='word_1_274' title='bbox 1058 2912 1283 2988; x_wconf 80' lang='lat' dir='ltr'><strong>Quum</strong></span> <span class='ocrx_word' id='word_1_275' title='bbox 1268 2929 1403 2988; x_wconf 76' lang='lat' dir='ltr'><strong>ipsa</strong></span> <span class='ocrx_word' id='word_1_276' title='bbox 1417 2912 1638 2987; x_wconf 80' lang='lat' dir='ltr'><strong>legatio</strong></span> <span class='ocrx_word' id='word_1_277' title='bbox 1657 2912 1836 2987; x_wconf 88' lang='lat' dir='ltr'><strong>plena</strong></span> <span class='ocrx_word' id='word_1_278' title='bbox 1848 2906 2135 2971; x_wconf 88' lang='lat' dir='ltr'><strong>desiderii</strong></span> <span class='ocrx_word' id='word_1_279' title='bbox 2170 2922 2244 2967; x_wconf 88' lang='lat' dir='ltr'><strong>ac</strong></span> 
     </span>
     <span class='ocr_line' id='line_1_33' title="bbox 182 2993 2241 3073; baseline -0.004 -15"><span class='ocrx_word' id='word_1_280' title='bbox 182 2996 606 3058; x_wconf 85' lang='lat' dir='ltr'><strong>sollicitudinis</strong></span> <span class='ocrx_word' id='word_1_281' title='bbox 644 2998 862 3060; x_wconf 80' lang='lat' dir='ltr'><strong>ruisset</strong></span> <span class='ocrx_word' id='word_1_282' title='bbox 889 3006 1139 3073; x_wconf 88' lang='lat' dir='ltr'><strong>propter</strong></span> <span class='ocrx_word' id='word_1_283' title='bbox 1168 2995 1582 3057; x_wconf 90' lang='lat' dir='ltr'><strong>incredibilem</strong></span> <span class='ocrx_word' id='word_1_284' title='bbox 1628 2995 1947 3071; x_wconf 89' lang='lat' dir='ltr'><strong>quemdam</strong></span> <span class='ocrx_word' id='word_1_285' title='bbox 1995 2993 2241 3052; x_wconf 76' lang='lat' dir='ltr'><strong>fratrum</strong></span> 
     </span>
     <span class='ocr_line' id='line_1_34' title="bbox 180 3074 2245 3155; baseline -0.004 -14"><span class='ocrx_word' id='word_1_286' title='bbox 180 3095 469 3152; x_wconf 88' lang='lat' dir='ltr'><strong>amorem,</strong></span> <span class='ocrx_word' id='word_1_287' title='bbox 499 3078 599 3139; x_wconf 89' lang='lat' dir='ltr'><strong>hic</strong></span> <span class='ocrx_word' id='word_1_288' title='bbox 626 3095 826 3155; x_wconf 89' lang='lat' dir='ltr'><strong>aequo</strong></span> <span class='ocrx_word' id='word_1_289' title='bbox 850 3082 1051 3141; x_wconf 81' lang='lat' dir='ltr'><strong>animo</strong></span> <span class='ocrx_word' id='word_1_290' title='bbox 1077 3096 1219 3141; x_wconf 90' lang='lat' dir='ltr'><strong>esse</strong></span> <span class='ocrx_word' id='word_1_291' title='bbox 1249 3078 1444 3155; x_wconf 87' lang='lat' dir='ltr'><strong>potuit</strong></span> <span class='ocrx_word' id='word_1_292' title='bbox 1469 3080 1609 3139; x_wconf 89' lang='lat' dir='ltr'><strong>belli</strong></span> <span class='ocrx_word' id='word_1_293' title='bbox 1635 3075 1893 3140; x_wconf 86' lang='lat' dir='ltr'><strong>discidio</strong></span> <span class='ocrx_word' id='word_1_294' title='bbox 1918 3074 2245 3137; x_wconf 89' lang='lat' dir='ltr'><strong>distractus</strong></span> 
     </span>
     <span class='ocr_line' id='line_1_35' title="bbox 182 3162 575 3223; baseline -0.005 -1"><span class='ocrx_word' id='word_1_295' title='bbox 182 3180 218 3222; x_wconf 91' lang='lat' dir='ltr'><strong>a</strong></span> <span class='ocrx_word' id='word_1_296' title='bbox 246 3162 575 3223; x_wconf 66' lang='lat' dir='ltr'><strong>tratribus?</strong></span> 
     </span>
    </p>

    <p class='ocr_par' dir='ltr' id='par_1_3' title="bbox 183 3237 2246 3571">
     <span class='ocr_line' id='line_1_36' title="bbox 333 3237 2245 3321; baseline -0.004 -14"><span class='ocrx_word' id='word_1_297' title='bbox 333 3245 394 3307; x_wconf 80' lang='lat'><strong>6.</strong></span> <span class='ocrx_word' id='word_1_298' title='bbox 428 3244 669 3304; x_wconf 88' lang='lat' dir='ltr'><strong>Nullum</strong></span> <span class='ocrx_word' id='word_1_299' title='bbox 709 3242 891 3319; x_wconf 83' lang='lat' dir='ltr'><strong>igitur</strong></span> <span class='ocrx_word' id='word_1_300' title='bbox 932 3244 1166 3318; x_wconf 87' lang='lat' dir='ltr'><strong>habes,</strong></span> <span class='ocrx_word' id='word_1_301' title='bbox 1218 3245 1483 3321; x_wconf 89' lang='lat' dir='ltr'><strong>Caesar,</strong></span> <span class='ocrx_word' id='word_1_302' title='bbox 1537 3244 1738 3305; x_wconf 86' lang='lat' dir='ltr'><strong>adhuc</strong></span> <span class='ocrx_word' id='word_1_303' title='bbox 1783 3242 1845 3304; x_wconf 90' lang='lat' dir='ltr'><strong>in</strong></span> <span class='ocrx_word' id='word_1_304' title='bbox 1883 3241 1948 3317; x_wconf 85' lang='lat' dir='ltr'><strong>Q.</strong></span> <span class='ocrx_word' id='word_1_305' title='bbox 2003 3237 2245 3318; x_wconf 79' lang='lat' dir='ltr'><strong>Ligario</strong></span> 
     </span>
     <span class='ocr_line' id='line_1_37' title="bbox 184 3322 2245 3403; baseline -0.003 -16"><span class='ocrx_word' id='word_1_306' title='bbox 184 3325 424 3403; x_wconf 81' lang='lat' dir='ltr'><strong>signum</strong></span> <span class='ocrx_word' id='word_1_307' title='bbox 468 3328 702 3387; x_wconf 88' lang='lat' dir='ltr'><strong>alienae</strong></span> <span class='ocrx_word' id='word_1_308' title='bbox 742 3335 866 3388; x_wconf 87' lang='lat' dir='ltr'><strong>ate</strong></span> <span class='ocrx_word' id='word_1_309' title='bbox 900 3326 1266 3388; x_wconf 86' lang='lat' dir='ltr'><strong>voluntatis·</strong></span> <span class='ocrx_word' id='word_1_310' title='bbox 1314 3328 1489 3390; x_wconf 87' lang='lat' dir='ltr'><strong>cuius</strong></span> <span class='ocrx_word' id='word_1_311' title='bbox 1533 3344 1650 3403; x_wconf 80' lang='lat' dir='ltr'><strong>ego</strong></span> <span class='ocrx_word' id='word_1_312' title='bbox 1693 3342 1942 3388; x_wconf 87' lang='lat' dir='ltr'><strong>causam</strong></span> <span class='ocrx_word' id='word_1_313' title='bbox 1976 3322 2245 3384; x_wconf 86' lang='lat' dir='ltr'><strong>animad-</strong></span> 
     </span>
     <span class='ocr_line' id='line_1_38' title="bbox 183 3406 2239 3488; baseline -0.001 -20"><span class='ocrx_word' id='word_1_314' title='bbox 183 3417 383 3484; x_wconf 82' lang='lat' dir='ltr'><strong>verte,</strong></span> <span class='ocrx_word' id='word_1_315' title='bbox 416 3425 671 3485; x_wconf 79' lang='lat' dir='ltr'><strong>quaese,</strong></span> <span class='ocrx_word' id='word_1_316' title='bbox 703 3427 824 3485; x_wconf 87' lang='lat' dir='ltr'><strong>qua</strong></span> <span class='ocrx_word' id='word_1_317' title='bbox 853 3411 977 3471; x_wconf 86' lang='lat' dir='ltr'><strong>fide</strong></span> <span class='ocrx_word' id='word_1_318' title='bbox 996 3410 1353 3472; x_wconf 79' lang='lat' dir='ltr'><strong>delendam·</strong></span> <span class='ocrx_word' id='word_1_319' title='bbox 1384 3412 1579 3488; x_wconf 90' lang='lat' dir='ltr'><strong>prodo</strong></span> <span class='ocrx_word' id='word_1_320' title='bbox 1603 3427 1818 3472; x_wconf 87' lang='lat' dir='ltr'><strong>meam.</strong></span> <span class='ocrx_word' id='word_1_321' title='bbox 1905 3406 1952 3468; x_wconf 88' lang='grc' dir='ltr'>Ο</span> <span class='ocrx_word' id='word_1_322' title='bbox 1984 3408 2239 3468; x_wconf 84' lang='grc' dir='ltr'>ειειιιειι-</span> 
     </span>
     <span class='ocr_line' id='line_1_39' title="bbox 185 3487 2246 3571; baseline -0.001 -20"><span class='ocrx_word' id='word_1_323' title='bbox 185 3490 326 3552; x_wconf 89' lang='lat' dir='ltr'><strong>tiam</strong></span> <span class='ocrx_word' id='word_1_324' title='bbox 352 3489 763 3556; x_wconf 89' lang='lat' dir='ltr'><strong>admirabilem</strong></span> <span class='ocrx_word' id='word_1_325' title='bbox 785 3502 969 3571; x_wconf 71' lang='lat' dir='ltr'><strong>atque</strong></span> <span class='ocrx_word' id='word_1_326' title='bbox 1005 3494 1271 3555; x_wconf 89' lang='lat' dir='ltr'><strong>omnium</strong></span> <span class='ocrx_word' id='word_1_327' title='bbox 1303 3495 1497 3571; x_wconf 89' lang='lat' dir='ltr'><strong>laude,</strong></span> <span class='ocrx_word' id='word_1_328' title='bbox 1534 3492 2003 3570; x_wconf 87' lang='lat' dir='ltr'><strong>praedicatione,</strong></span> <span class='ocrx_word' id='word_1_329' title='bbox 2035 3487 2246 3551; x_wconf 79' lang='lat' dir='ltr'><strong>litteris</strong></span> 
     </span>
    </p>
   </div>
  </div>
 </body>
</html>
