<?xml version="1.0" encoding="UTF-8"?>
<!DOCTYPE html PUBLIC "-//W3C//DTD XHTML 1.0 Transitional//EN"
    "http://www.w3.org/TR/xhtml1/DTD/xhtml1-transitional.dtd">
<html xmlns="http://www.w3.org/1999/xhtml" xml:lang="en" lang="en">
 <head>
  <title>
</title>
<meta http-equiv="Content-Type" content="text/html;charset=utf-8" />
  <meta name='ocr-system' content='tesseract 3.04.00' />
  <meta name='ocr-capabilities' content='ocr_page ocr_carea ocr_par ocr_line ocrx_word'/>
</head>
<body>
  <div class='ocr_page' id='page_1' title='image "./scriptaquaemans02cicegoog_0044.png"; bbox 0 0 2514 3928; ppageno 0'>
   <div class='ocr_carea' id='block_1_1' title="bbox 207 126 1836 187">
    <p class='ocr_par' dir='ltr' id='par_1_1' title="bbox 207 126 1836 187">
     <span class='ocr_line' id='line_1_1' title="bbox 207 126 1836 187; baseline -0.002 0"><span class='ocrx_word' id='word_1_1' title='bbox 207 149 283 187; x_wconf 70' lang='lat' dir='ltr'>xx.</span> <span class='ocrx_word' id='word_1_2' title='bbox 671 128 1062 182; x_wconf 84' lang='lat' dir='ltr'>PROOEMIUM</span> <span class='ocrx_word' id='word_1_3' title='bbox 1098 127 1428 179; x_wconf 86' lang='lat' dir='ltr'>EDITIONIS</span> <span class='ocrx_word' id='word_1_4' title='bbox 1465 126 1836 183; x_wconf 74' lang='lat' dir='ltr'>SECUNDAE.</span> 
     </span>
    </p>
   </div>
   <div class='ocr_carea' id='block_1_2' title="bbox 174 264 2299 3346">
    <p class='ocr_par' dir='ltr' id='par_1_2' title="bbox 174 264 2299 3346">
     <span class='ocr_line' id='line_1_2' title="bbox 204 264 2296 333; baseline 0 -16"><span class='ocrx_word' id='word_1_5' title='bbox 204 272 289 318; x_wconf 83' lang='lat' dir='ltr'>tim</span> <span class='ocrx_word' id='word_1_6' title='bbox 325 269 719 333; x_wconf 80' lang='lat' dir='ltr'>permutationes</span> <span class='ocrx_word' id='word_1_7' title='bbox 755 277 803 316; x_wconf 91' lang='lat' dir='ltr'>et</span> <span class='ocrx_word' id='word_1_8' title='bbox 837 266 1008 331; x_wconf 86' lang='lat' dir='ltr'>paullo</span> <span class='ocrx_word' id='word_1_9' title='bbox 1045 275 1166 331; x_wconf 90' lang='lat' dir='ltr'>post</span> <span class='ocrx_word' id='word_1_10' title='bbox 1196 267 1249 315; x_wconf 86' lang='lat' dir='ltr'>in</span> <span class='ocrx_word' id='word_1_11' title='bbox 1285 269 1446 314; x_wconf 85' lang='lat' dir='ltr'>monte</span> <span class='ocrx_word' id='word_1_12' title='bbox 1481 264 1581 313; x_wconf 91' lang='lat' dir='ltr'>iam</span> <span class='ocrx_word' id='word_1_13' title='bbox 1605 265 1750 314; x_wconf 87' lang='lat' dir='ltr'>uncis</span> <span class='ocrx_word' id='word_1_14' title='bbox 1776 265 2117 320; x_wconf 75' lang='lat' dir='ltr'>circumclusi.</span> <span class='ocrx_word' id='word_1_15' title='bbox 2174 268 2296 319; x_wconf 76' lang='lat' dir='ltr'>Mox</span> 
     </span>
     <span class='ocr_line' id='line_1_3' title="bbox 205 331 2292 401; baseline -0 -16"><span class='ocrx_word' id='word_1_16' title='bbox 205 352 380 385; x_wconf 86' lang='lat' dir='ltr'>numen</span> <span class='ocrx_word' id='word_1_17' title='bbox 414 337 622 401; x_wconf 84' lang='lat' dir='ltr'>reposui</span> <span class='ocrx_word' id='word_1_18' title='bbox 657 347 751 399; x_wconf 89' lang='lat' dir='ltr'>pro</span> <span class='ocrx_word' id='word_1_19' title='bbox 786 350 977 392; x_wconf 87' lang='lat' dir='ltr'>nomen,</span> <span class='ocrx_word' id='word_1_20' title='bbox 1014 335 1099 396; x_wconf 89' lang='lat' dir='ltr'>qui</span> <span class='ocrx_word' id='word_1_21' title='bbox 1136 332 1327 381; x_wconf 82' lang='lat' dir='ltr'>librarii</span> <span class='ocrx_word' id='word_1_22' title='bbox 1362 345 1499 379; x_wconf 85' lang='lat' dir='ltr'>error</span> <span class='ocrx_word' id='word_1_23' title='bbox 1535 331 1685 380; x_wconf 88' lang='lat' dir='ltr'>etiam</span> <span class='ocrx_word' id='word_1_24' title='bbox 1719 334 1773 381; x_wconf 89' lang='lat' dir='ltr'>in</span> <span class='ocrx_word' id='word_1_25' title='bbox 1797 332 2160 396; x_wconf 71' lang='lat' dir='ltr'>Kayseriauam</span> <span class='ocrx_word' id='word_1_26' title='bbox 2187 337 2292 384; x_wconf 87' lang='lat' dir='ltr'>edi·</span> 
     </span>
     <span class='ocr_line' id='line_1_4' title="bbox 204 397 2299 466; baseline 0.001 -16"><span class='ocrx_word' id='word_1_27' title='bbox 204 403 395 452; x_wconf 86' lang='lat' dir='ltr'>tionem</span> <span class='ocrx_word' id='word_1_28' title='bbox 447 419 475 452; x_wconf 93' lang='lat' dir='ltr'>e</span> <span class='ocrx_word' id='word_1_29' title='bbox 525 417 639 452; x_wconf 87' lang='lat' dir='ltr'>mea</span> <span class='ocrx_word' id='word_1_30' title='bbox 690 411 1011 466; x_wconf 83' lang='lat' dir='ltr'>propagatus</span> <span class='ocrx_word' id='word_1_31' title='bbox 1066 410 1158 450; x_wconf 89' lang='lat' dir='ltr'>est.</span> <span class='ocrx_word' id='word_1_32' title='bbox 1231 397 1353 463; x_wconf 85' lang='lat' dir='ltr'>Cap.</span> <span class='ocrx_word' id='word_1_33' title='bbox 1382 399 1463 447; x_wconf 85' lang='grc'>22.</span> <span class='ocrx_word' id='word_1_34' title='bbox 1505 397 1553 459; x_wconf 80' lang='lat'>5.</span> <span class='ocrx_word' id='word_1_35' title='bbox 1580 401 1661 448; x_wconf 84' lang='grc'>51.</span> <span class='ocrx_word' id='word_1_36' title='bbox 1715 400 1816 448; x_wconf 89' lang='lat' dir='ltr'>iam</span> <span class='ocrx_word' id='word_1_37' title='bbox 1863 415 1897 449; x_wconf 93' lang='lat' dir='ltr'>a</span> <span class='ocrx_word' id='word_1_38' title='bbox 1941 400 2224 454; x_wconf 71' lang='lat' dir='ltr'><strong><em>Brundisio</em></strong></span> <span class='ocrx_word' id='word_1_39' title='bbox 2266 418 2299 452; x_wconf 85' lang='lat' dir='ltr'>e</span> 
     </span>
     <span class='ocr_line' id='line_1_5' title="bbox 204 466 2299 533; baseline 0.001 -17"><span class='ocrx_word' id='word_1_40' title='bbox 204 468 463 533; x_wconf 88' lang='lat' dir='ltr'>plerisque</span> <span class='ocrx_word' id='word_1_41' title='bbox 505 468 646 519; x_wconf 88' lang='lat' dir='ltr'>libris</span> <span class='ocrx_word' id='word_1_42' title='bbox 689 468 933 532; x_wconf 75' lang='lat' dir='ltr'>rescripsi</span> <span class='ocrx_word' id='word_1_43' title='bbox 977 481 1070 532; x_wconf 90' lang='lat' dir='ltr'>pro</span> <span class='ocrx_word' id='word_1_44' title='bbox 1116 482 1144 517; x_wconf 82' lang='lat' dir='ltr'>s</span> <span class='ocrx_word' id='word_1_45' title='bbox 1188 466 1487 515; x_wconf 83' lang='lat' dir='ltr'>Brundisio.</span> <span class='ocrx_word' id='word_1_46' title='bbox 1558 466 1607 526; x_wconf 96' lang='lat'>5.</span> <span class='ocrx_word' id='word_1_47' title='bbox 1641 467 1721 518; x_wconf 83' lang='grc'>52.</span> <span class='ocrx_word' id='word_1_48' title='bbox 1777 482 1921 531; x_wconf 83' lang='lat' dir='ltr'>quum</span> <span class='ocrx_word' id='word_1_49' title='bbox 1972 480 2068 533; x_wconf 88' lang='lat' dir='ltr'>pro</span> <span class='ocrx_word' id='word_1_50' title='bbox 2123 481 2299 533; x_wconf 62' lang='lat' dir='ltr'>quo-&#39;e</span> 
     </span>
     <span class='ocr_line' id='line_1_6' title="bbox 203 533 2291 600; baseline 0 -16"><span class='ocrx_word' id='word_1_51' title='bbox 203 536 318 585; x_wconf 91' lang='lat' dir='ltr'>cod.</span> <span class='ocrx_word' id='word_1_52' title='bbox 342 536 591 587; x_wconf 87' lang='lat' dir='ltr'>Vaticano</span> <span class='ocrx_word' id='word_1_53' title='bbox 627 536 812 600; x_wconf 83' lang='lat' dir='ltr'><strong>recepi.</strong></span> <span class='ocrx_word' id='word_1_54' title='bbox 869 535 918 595; x_wconf 94' lang='lat'>5.</span> <span class='ocrx_word' id='word_1_55' title='bbox 942 536 1023 585; x_wconf 85' lang='lat'>53.</span> <span class='ocrx_word' id='word_1_56' title='bbox 1062 534 1175 599; x_wconf 75' lang='lat' dir='ltr'>quis</span> <span class='ocrx_word' id='word_1_57' title='bbox 1208 534 1393 597; x_wconf 73' lang='lat' dir='ltr'>hospes</span> <span class='ocrx_word' id='word_1_58' title='bbox 1428 533 1623 596; x_wconf 58' lang='lat' dir='ltr'>correxi</span> <span class='ocrx_word' id='word_1_59' title='bbox 1660 547 1755 597; x_wconf 91' lang='lat' dir='ltr'>pro</span> <span class='ocrx_word' id='word_1_60' title='bbox 1793 534 1880 598; x_wconf 86' lang='lat' dir='ltr'>qui</span> <span class='ocrx_word' id='word_1_61' title='bbox 1910 533 2111 598; x_wconf 74' lang='lat' dir='ltr'>hospes.</span> <span class='ocrx_word' id='word_1_62' title='bbox 2167 533 2291 599; x_wconf 83' lang='lat' dir='ltr'>Cap.</span> 
     </span>
     <span class='ocr_line' id='line_1_7' title="bbox 204 599 2292 666; baseline -0 -15"><span class='ocrx_word' id='word_1_63' title='bbox 204 604 286 653; x_wconf 88' lang='grc'>23.</span> <span class='ocrx_word' id='word_1_64' title='bbox 320 603 366 663; x_wconf 89' lang='lat'>5.</span> <span class='ocrx_word' id='word_1_65' title='bbox 392 605 474 656; x_wconf 80' lang='lat'><strong>54.</strong></span> <span class='ocrx_word' id='word_1_66' title='bbox 512 604 613 653; x_wconf 89' lang='lat' dir='ltr'>iam</span> <span class='ocrx_word' id='word_1_67' title='bbox 650 603 801 652; x_wconf 88' lang='lat' dir='ltr'>verba</span> <span class='ocrx_word' id='word_1_68' title='bbox 835 617 997 666; x_wconf 84' lang='lat' dir='ltr'>opera</span> <span class='ocrx_word' id='word_1_69' title='bbox 1034 602 1085 650; x_wconf 86' lang='lat' dir='ltr'>in</span> <span class='ocrx_word' id='word_1_70' title='bbox 1121 610 1237 650; x_wconf 88' lang='lat' dir='ltr'>ante</span> <span class='ocrx_word' id='word_1_71' title='bbox 1265 599 1468 664; x_wconf 87' lang='lat' dir='ltr'>proelio</span> <span class='ocrx_word' id='word_1_72' title='bbox 1503 614 1530 647; x_wconf 90' lang='lat' dir='ltr'>e</span> <span class='ocrx_word' id='word_1_73' title='bbox 1565 600 1677 651; x_wconf 85' lang='lat' dir='ltr'>cod.</span> <span class='ocrx_word' id='word_1_74' title='bbox 1717 600 1967 649; x_wconf 78' lang='lat' dir='ltr'>Vaticano</span> <span class='ocrx_word' id='word_1_75' title='bbox 2015 602 2130 666; x_wconf 89' lang='lat' dir='ltr'>ipse</span> <span class='ocrx_word' id='word_1_76' title='bbox 2163 616 2292 663; x_wconf 89' lang='lat' dir='ltr'>quo-</span> 
     </span>
     <span class='ocr_line' id='line_1_8' title="bbox 203 666 2295 736; baseline 0 -19"><span class='ocrx_word' id='word_1_77' title='bbox 203 684 302 730; x_wconf 89' lang='lat' dir='ltr'>que</span> <span class='ocrx_word' id='word_1_78' title='bbox 334 673 559 736; x_wconf 88' lang='lat' dir='ltr'>reposui.</span> <span class='ocrx_word' id='word_1_79' title='bbox 632 670 683 733; x_wconf 82' lang='lat'>5.</span> <span class='ocrx_word' id='word_1_80' title='bbox 718 670 800 720; x_wconf 83' lang='lat'><strong>55.</strong></span> <span class='ocrx_word' id='word_1_81' title='bbox 858 670 978 734; x_wconf 84' lang='lat' dir='ltr'>quin</span> <span class='ocrx_word' id='word_1_82' title='bbox 1021 669 1136 719; x_wconf 85' lang='lat' dir='ltr'>dico</span> <span class='ocrx_word' id='word_1_83' title='bbox 1181 667 1245 717; x_wconf 88' lang='lat' dir='ltr'>de</span> <span class='ocrx_word' id='word_1_84' title='bbox 1290 666 1455 730; x_wconf 85' lang='lat' dir='ltr'>Jeepii</span> <span class='ocrx_word' id='word_1_85' title='bbox 1493 666 1785 724; x_wconf 52' lang='lat' dir='ltr'>,coniectura</span> <span class='ocrx_word' id='word_1_86' title='bbox 1829 667 2014 732; x_wconf 81' lang='lat' dir='ltr'>scripsi</span> <span class='ocrx_word' id='word_1_87' title='bbox 2067 681 2162 732; x_wconf 89' lang='lat' dir='ltr'>pro</span> <span class='ocrx_word' id='word_1_88' title='bbox 2207 670 2295 733; x_wconf 79' lang='lat' dir='ltr'>qui</span> 
     </span>
     <span class='ocr_line' id='line_1_9' title="bbox 202 735 2289 802; baseline -0 -17"><span class='ocrx_word' id='word_1_89' title='bbox 202 738 317 787; x_wconf 81' lang='lat' dir='ltr'>dico</span> <span class='ocrx_word' id='word_1_90' title='bbox 365 748 414 787; x_wconf 84' lang='lat' dir='ltr'>et</span> <span class='ocrx_word' id='word_1_91' title='bbox 456 737 626 802; x_wconf 85' lang='lat' dir='ltr'>paullo</span> <span class='ocrx_word' id='word_1_92' title='bbox 674 745 796 802; x_wconf 88' lang='lat' dir='ltr'>post</span> <span class='ocrx_word' id='word_1_93' title='bbox 839 743 1013 785; x_wconf 88' lang='lat' dir='ltr'>tantae</span> <span class='ocrx_word' id='word_1_94' title='bbox 1056 736 1349 799; x_wconf 85' lang='lat' dir='ltr'>provinciae</span> <span class='ocrx_word' id='word_1_95' title='bbox 1395 746 1490 798; x_wconf 86' lang='lat' dir='ltr'>pro</span> <span class='ocrx_word' id='word_1_96' title='bbox 1537 741 1677 782; x_wconf 87' lang='lat' dir='ltr'>tauta</span> <span class='ocrx_word' id='word_1_97' title='bbox 1721 748 1750 782; x_wconf 89' lang='lat' dir='ltr'>e</span> <span class='ocrx_word' id='word_1_98' title='bbox 1790 735 2059 798; x_wconf 83' lang='lat' dir='ltr'>provincia</span> <span class='ocrx_word' id='word_1_99' title='bbox 2103 750 2133 784; x_wconf 91' lang='lat' dir='ltr'>e</span> <span class='ocrx_word' id='word_1_100' title='bbox 2175 736 2289 785; x_wconf 90' lang='lat' dir='ltr'>cod.</span> 
     </span>
     <span class='ocr_line' id='line_1_10' title="bbox 201 798 2290 869; baseline 0.002 -20"><span class='ocrx_word' id='word_1_101' title='bbox 201 803 450 853; x_wconf 84' lang='lat' dir='ltr'>Vaticano</span> <span class='ocrx_word' id='word_1_102' title='bbox 476 805 659 869; x_wconf 88' lang='lat' dir='ltr'>recepi.</span> <span class='ocrx_word' id='word_1_103' title='bbox 729 805 787 852; x_wconf 87' lang='lat' dir='ltr'>In</span> <span class='ocrx_word' id='word_1_104' title='bbox 827 803 1006 852; x_wconf 88' lang='lat' dir='ltr'>ceteris</span> <span class='ocrx_word' id='word_1_105' title='bbox 1052 801 1194 850; x_wconf 88' lang='lat' dir='ltr'>libris</span> <span class='ocrx_word' id='word_1_106' title='bbox 1238 811 1316 850; x_wconf 90' lang='lat' dir='ltr'>est</span> <span class='ocrx_word' id='word_1_107' title='bbox 1351 807 1494 849; x_wconf 85' lang='lat' dir='ltr'>tanta</span> <span class='ocrx_word' id='word_1_108' title='bbox 1524 801 1808 865; x_wconf 82' lang='lat' dir='ltr'>provincia.</span> <span class='ocrx_word' id='word_1_109' title='bbox 1879 798 2002 866; x_wconf 85' lang='lat' dir='ltr'>Cap.</span> <span class='ocrx_word' id='word_1_110' title='bbox 2029 802 2110 851; x_wconf 82' lang='lat'><strong>24.</strong></span> <span class='ocrx_word' id='word_1_111' title='bbox 2132 803 2179 863; x_wconf 89' lang='lat'>5.</span> <span class='ocrx_word' id='word_1_112' title='bbox 2205 801 2290 854; x_wconf 85' lang='grc'><strong>57.</strong></span> 
     </span>
     <span class='ocr_line' id='line_1_11' title="bbox 201 866 2288 934; baseline 0 -17"><span class='ocrx_word' id='word_1_113' title='bbox 201 873 320 920; x_wconf 87' lang='lat' dir='ltr'>Ievis</span> <span class='ocrx_word' id='word_1_114' title='bbox 357 882 473 920; x_wconf 86' lang='lat' dir='ltr'>ante</span> <span class='ocrx_word' id='word_1_115' title='bbox 506 873 659 922; x_wconf 88' lang='lat' dir='ltr'>animi</span> <span class='ocrx_word' id='word_1_116' title='bbox 691 871 835 919; x_wconf 88' lang='lat' dir='ltr'>uncis</span> <span class='ocrx_word' id='word_1_117' title='bbox 871 868 1219 918; x_wconf 35' lang='lat' dir='ltr'>circumdedi..</span> <span class='ocrx_word' id='word_1_118' title='bbox 1266 866 1442 916; x_wconf 86' lang='lat' dir='ltr'>Paullo</span> <span class='ocrx_word' id='word_1_119' title='bbox 1477 876 1600 931; x_wconf 89' lang='lat' dir='ltr'>post</span> <span class='ocrx_word' id='word_1_120' title='bbox 1633 868 1815 932; x_wconf 80' lang='lat' dir='ltr'>scripsi</span> <span class='ocrx_word' id='word_1_121' title='bbox 1855 882 2017 930; x_wconf 91' lang='lat' dir='ltr'>nunc,</span> <span class='ocrx_word' id='word_1_122' title='bbox 2063 877 2119 917; x_wconf 91' lang='lat' dir='ltr'>ut</span> <span class='ocrx_word' id='word_1_123' title='bbox 2163 868 2288 934; x_wconf 86' lang='lat' dir='ltr'>legi-</span> 
     </span>
     <span class='ocr_line' id='line_1_12' title="bbox 203 935 2289 1001; baseline 0.001 -18"><span class='ocrx_word' id='word_1_124' title='bbox 203 946 281 984; x_wconf 88' lang='lat' dir='ltr'>tur</span> <span class='ocrx_word' id='word_1_125' title='bbox 316 938 372 985; x_wconf 84' lang='lat' dir='ltr'>in</span> <span class='ocrx_word' id='word_1_126' title='bbox 407 938 568 997; x_wconf 85' lang='lat' dir='ltr'>libris,</span> <span class='ocrx_word' id='word_1_127' title='bbox 606 937 699 987; x_wconf 88' lang='lat' dir='ltr'>sed</span> <span class='ocrx_word' id='word_1_128' title='bbox 732 937 845 986; x_wconf 90' lang='lat' dir='ltr'>sine</span> <span class='ocrx_word' id='word_1_129' title='bbox 877 938 1029 1001; x_wconf 84' lang='lat' dir='ltr'>signo</span> <span class='ocrx_word' id='word_1_130' title='bbox 1067 935 1391 985; x_wconf 87' lang='lat' dir='ltr'>omissionis:</span> <span class='ocrx_word' id='word_1_131' title='bbox 1445 949 1546 985; x_wconf 87' lang='lat' dir='ltr'>non</span> <span class='ocrx_word' id='word_1_132' title='bbox 1571 972 1582 983; x_wconf 90' lang='lat'><strong>.</strong></span> <span class='ocrx_word' id='word_1_133' title='bbox 1610 971 1624 985; x_wconf 92' lang='lat'>.</span> <span class='ocrx_word' id='word_1_134' title='bbox 1650 971 1663 984; x_wconf 90' lang='lat'><strong>.</strong></span> <span class='ocrx_word' id='word_1_135' title='bbox 1688 971 1702 986; x_wconf 96' lang='lat'>.</span> <span class='ocrx_word' id='word_1_136' title='bbox 1736 936 1834 984; x_wconf 83' lang='lat' dir='ltr'>sed</span> <span class='ocrx_word' id='word_1_137' title='bbox 1863 950 2072 985; x_wconf 85' lang='lat' dir='ltr'>eversae</span> <span class='ocrx_word' id='word_1_138' title='bbox 2102 950 2201 997; x_wconf 85' lang='lat' dir='ltr'>per</span> <span class='ocrx_word' id='word_1_139' title='bbox 2232 941 2289 986; x_wconf 80' lang='lat' dir='ltr'>te</span> 
     </span>
     <span class='ocr_line' id='line_1_13' title="bbox 198 1001 2285 1066; baseline 0.001 -16"><span class='ocrx_word' id='word_1_140' title='bbox 198 1008 250 1051; x_wconf 88' lang='lat' dir='ltr'>et</span> <span class='ocrx_word' id='word_1_141' title='bbox 280 1006 537 1066; x_wconf 84' lang='lat' dir='ltr'>perditae,</span> <span class='ocrx_word' id='word_1_142' title='bbox 574 1013 630 1054; x_wconf 90' lang='lat' dir='ltr'>ut</span> <span class='ocrx_word' id='word_1_143' title='bbox 663 1003 872 1053; x_wconf 86' lang='lat' dir='ltr'>alterum</span> <span class='ocrx_word' id='word_1_144' title='bbox 911 1002 1159 1053; x_wconf 88' lang='lat' dir='ltr'>orationis</span> <span class='ocrx_word' id='word_1_145' title='bbox 1193 1002 1473 1050; x_wconf 87' lang='lat' dir='ltr'><strong>membrum</strong></span> <span class='ocrx_word' id='word_1_146' title='bbox 1508 1001 1763 1050; x_wconf 85' lang='lat' dir='ltr'>excidisse</span> <span class='ocrx_word' id='word_1_147' title='bbox 1798 1001 2045 1052; x_wconf 86' lang='lat' dir='ltr'>videatur.</span> <span class='ocrx_word' id='word_1_148' title='bbox 2108 1002 2285 1052; x_wconf 87' lang='lat' dir='ltr'><strong>Paullo</strong></span> 
     </span>
     <span class='ocr_line' id='line_1_14' title="bbox 198 1068 2288 1134; baseline 0 -16"><span class='ocrx_word' id='word_1_149' title='bbox 198 1080 321 1133; x_wconf 87' lang='lat' dir='ltr'>post</span> <span class='ocrx_word' id='word_1_150' title='bbox 355 1086 383 1120; x_wconf 89' lang='lat' dir='ltr'>e</span> <span class='ocrx_word' id='word_1_151' title='bbox 417 1071 533 1123; x_wconf 90' lang='lat' dir='ltr'>cod.</span> <span class='ocrx_word' id='word_1_152' title='bbox 569 1070 818 1120; x_wconf 88' lang='lat' dir='ltr'>Vaticano</span> <span class='ocrx_word' id='word_1_153' title='bbox 863 1084 997 1119; x_wconf 88' lang='lat' dir='ltr'>nunc</span> <span class='ocrx_word' id='word_1_154' title='bbox 1038 1070 1247 1134; x_wconf 88' lang='lat' dir='ltr'>reposui</span> <span class='ocrx_word' id='word_1_155' title='bbox 1294 1069 1469 1132; x_wconf 83' lang='lat' dir='ltr'>quibus</span> <span class='ocrx_word' id='word_1_156' title='bbox 1510 1075 1562 1117; x_wconf 86' lang='lat' dir='ltr'>tu</span> <span class='ocrx_word' id='word_1_157' title='bbox 1596 1071 1747 1118; x_wconf 86' lang='lat' dir='ltr'>velles</span> <span class='ocrx_word' id='word_1_158' title='bbox 1772 1068 1958 1131; x_wconf 78' lang='lat' dir='ltr'>finibus</span> <span class='ocrx_word' id='word_1_159' title='bbox 1993 1070 2288 1119; x_wconf 81' lang='lat' dir='ltr'>traderetur·</span> 
     </span>
     <span class='ocr_line' id='line_1_15' title="bbox 197 1135 2285 1201; baseline -0 -16"><span class='ocrx_word' id='word_1_160' title='bbox 197 1151 294 1199; x_wconf 90' lang='lat' dir='ltr'>pro</span> <span class='ocrx_word' id='word_1_161' title='bbox 342 1151 427 1197; x_wconf 92' lang='lat' dir='ltr'>eo,</span> <span class='ocrx_word' id='word_1_162' title='bbox 474 1137 615 1200; x_wconf 91' lang='lat' dir='ltr'>quod</span> <span class='ocrx_word' id='word_1_163' title='bbox 660 1137 779 1187; x_wconf 88' lang='lat' dir='ltr'>olim</span> <span class='ocrx_word' id='word_1_164' title='bbox 827 1138 1107 1187; x_wconf 84' lang='lat' dir='ltr'>edideram:</span> <span class='ocrx_word' id='word_1_165' title='bbox 1168 1135 1344 1201; x_wconf 83' lang='lat' dir='ltr'>quibus</span> <span class='ocrx_word' id='word_1_166' title='bbox 1379 1142 1430 1183; x_wconf 87' lang='lat' dir='ltr'>tu</span> <span class='ocrx_word' id='word_1_167' title='bbox 1458 1135 1646 1197; x_wconf 80' lang='lat' dir='ltr'>finibus</span> <span class='ocrx_word' id='word_1_168' title='bbox 1684 1137 1835 1186; x_wconf 85' lang='lat' dir='ltr'>velles</span> <span class='ocrx_word' id='word_1_169' title='bbox 1866 1137 2171 1185; x_wconf 83' lang='lat' dir='ltr'>redderetur</span> <span class='ocrx_word' id='word_1_170' title='bbox 2205 1146 2285 1184; x_wconf 88' lang='lat' dir='ltr'>at-</span> 
     </span>
     <span class='ocr_line' id='line_1_16' title="bbox 197 1200 2286 1268; baseline 0 -16"><span class='ocrx_word' id='word_1_171' title='bbox 197 1218 295 1264; x_wconf 90' lang='lat' dir='ltr'>que</span> <span class='ocrx_word' id='word_1_172' title='bbox 332 1219 395 1253; x_wconf 87' lang='lat' dir='ltr'>ex</span> <span class='ocrx_word' id='word_1_173' title='bbox 433 1206 608 1255; x_wconf 86' lang='lat' dir='ltr'>eodem</span> <span class='ocrx_word' id='word_1_174' title='bbox 644 1204 771 1254; x_wconf 88' lang='lat' dir='ltr'>libro</span> <span class='ocrx_word' id='word_1_175' title='bbox 825 1205 872 1265; x_wconf 97' lang='lat'>5.</span> <span class='ocrx_word' id='word_1_176' title='bbox 915 1204 997 1255; x_wconf 84' lang='lat'><strong>58.</strong></span> <span class='ocrx_word' id='word_1_177' title='bbox 1032 1204 1162 1254; x_wconf 72' lang='lat' dir='ltr'>hunc</span> <span class='ocrx_word' id='word_1_178' title='bbox 1197 1219 1298 1253; x_wconf 86' lang='lat' dir='ltr'>non</span> <span class='ocrx_word' id='word_1_179' title='bbox 1332 1216 1427 1266; x_wconf 86' lang='lat' dir='ltr'>pro</span> <span class='ocrx_word' id='word_1_180' title='bbox 1465 1218 1563 1252; x_wconf 86' lang='lat' dir='ltr'>non</span> <span class='ocrx_word' id='word_1_181' title='bbox 1598 1203 1728 1252; x_wconf 78' lang='lat' dir='ltr'>hunc</span> <span class='ocrx_word' id='word_1_182' title='bbox 1761 1203 1959 1268; x_wconf 85' lang='lat' dir='ltr'>scripsi.</span> <span class='ocrx_word' id='word_1_183' title='bbox 2031 1200 2154 1266; x_wconf 88' lang='lat' dir='ltr'>Cap.</span> <span class='ocrx_word' id='word_1_184' title='bbox 2192 1204 2286 1257; x_wconf 82' lang='grc'>25.</span> 
     </span>
     <span class='ocr_line' id='line_1_17' title="bbox 199 1267 2288 1335; baseline 0 -15"><span class='ocrx_word' id='word_1_185' title='bbox 199 1268 249 1331; x_wconf 82' lang='lat'>5.</span> <span class='ocrx_word' id='word_1_186' title='bbox 275 1272 355 1320; x_wconf 86' lang='lat'><strong>59.</strong></span> <span class='ocrx_word' id='word_1_187' title='bbox 390 1273 590 1335; x_wconf 76' lang='lat' dir='ltr'>facetus</span> <span class='ocrx_word' id='word_1_188' title='bbox 634 1287 699 1321; x_wconf 90' lang='lat' dir='ltr'>ex</span> <span class='ocrx_word' id='word_1_189' title='bbox 745 1272 886 1321; x_wconf 86' lang='lat' dir='ltr'>libris</span> <span class='ocrx_word' id='word_1_190' title='bbox 932 1270 1166 1321; x_wconf 87' lang='lat' dir='ltr'>omnibus</span> <span class='ocrx_word' id='word_1_191' title='bbox 1212 1270 1452 1333; x_wconf 78' lang='lat' dir='ltr'>rescripsi</span> <span class='ocrx_word' id='word_1_192' title='bbox 1498 1284 1590 1334; x_wconf 93' lang='lat' dir='ltr'>pro</span> <span class='ocrx_word' id='word_1_193' title='bbox 1624 1270 1811 1332; x_wconf 77' lang='lat' dir='ltr'>factus.</span> <span class='ocrx_word' id='word_1_194' title='bbox 1885 1267 1936 1332; x_wconf 80' lang='lat'>5.</span> <span class='ocrx_word' id='word_1_195' title='bbox 1960 1270 2041 1319; x_wconf 96' lang='grc'>61.</span> <span class='ocrx_word' id='word_1_196' title='bbox 2078 1271 2288 1320; x_wconf 84' lang='lat' dir='ltr'>levitate</span> 
     </span>
     <span class='ocr_line' id='line_1_18' title="bbox 197 1335 2280 1404; baseline -0 -19"><span class='ocrx_word' id='word_1_197' title='bbox 197 1347 246 1386; x_wconf 90' lang='lat' dir='ltr'>et</span> <span class='ocrx_word' id='word_1_198' title='bbox 277 1341 555 1403; x_wconf 84' lang='lat' dir='ltr'>cupiditate</span> <span class='ocrx_word' id='word_1_199' title='bbox 589 1354 682 1404; x_wconf 89' lang='lat' dir='ltr'>pro</span> <span class='ocrx_word' id='word_1_200' title='bbox 719 1340 816 1390; x_wconf 87' lang='lat' dir='ltr'>levi</span> <span class='ocrx_word' id='word_1_201' title='bbox 848 1340 1126 1403; x_wconf 84' lang='lat' dir='ltr'>cupiditate</span> <span class='ocrx_word' id='word_1_202' title='bbox 1163 1353 1190 1386; x_wconf 89' lang='lat' dir='ltr'>e</span> <span class='ocrx_word' id='word_1_203' title='bbox 1224 1337 1338 1389; x_wconf 91' lang='lat' dir='ltr'>cod.</span> <span class='ocrx_word' id='word_1_204' title='bbox 1358 1336 1604 1386; x_wconf 83' lang='lat' dir='ltr'>Vaticano</span> <span class='ocrx_word' id='word_1_205' title='bbox 1643 1346 1737 1389; x_wconf 88' lang='lat' dir='ltr'>est.</span> <span class='ocrx_word' id='word_1_206' title='bbox 1795 1335 1987 1385; x_wconf 89' lang='lat' dir='ltr'>Eadem</span> <span class='ocrx_word' id='word_1_207' title='bbox 2022 1336 2069 1396; x_wconf 87' lang='lat'>5.</span> <span class='ocrx_word' id='word_1_208' title='bbox 2106 1337 2280 1386; x_wconf 89' lang='lat' dir='ltr'>eodem</span> 
     </span>
     <span class='ocr_line' id='line_1_19' title="bbox 193 1402 2283 1470; baseline 0.001 -19"><span class='ocrx_word' id='word_1_209' title='bbox 193 1403 322 1454; x_wconf 87' lang='lat' dir='ltr'>libro</span> <span class='ocrx_word' id='word_1_210' title='bbox 359 1417 565 1457; x_wconf 89' lang='lat' dir='ltr'>auctore</span> <span class='ocrx_word' id='word_1_211' title='bbox 618 1409 775 1457; x_wconf 83' lang='lat' dir='ltr'>detuli</span> <span class='ocrx_word' id='word_1_212' title='bbox 825 1421 918 1470; x_wconf 90' lang='lat' dir='ltr'>pro</span> <span class='ocrx_word' id='word_1_213' title='bbox 966 1406 1140 1455; x_wconf 86' lang='lat' dir='ltr'>rettuli</span> <span class='ocrx_word' id='word_1_214' title='bbox 1173 1415 1222 1454; x_wconf 90' lang='lat' dir='ltr'>et</span> <span class='ocrx_word' id='word_1_215' title='bbox 1259 1403 1445 1468; x_wconf 80' lang='lat' dir='ltr'>scripsi</span> <span class='ocrx_word' id='word_1_216' title='bbox 1489 1414 1538 1453; x_wconf 87' lang='lat' dir='ltr'>et</span> <span class='ocrx_word' id='word_1_217' title='bbox 1570 1404 1623 1453; x_wconf 90' lang='lat' dir='ltr'>id</span> <span class='ocrx_word' id='word_1_218' title='bbox 1657 1402 1955 1453; x_wconf 86' lang='lat' dir='ltr'>vocabulum</span> <span class='ocrx_word' id='word_1_219' title='bbox 1990 1412 2113 1468; x_wconf 86' lang='lat' dir='ltr'>post</span> <span class='ocrx_word' id='word_1_220' title='bbox 2144 1404 2283 1454; x_wconf 83' lang='lat' dir='ltr'>iube·</span> 
     </span>
     <span class='ocr_line' id='line_1_20' title="bbox 193 1469 2279 1538; baseline 0 -18"><span class='ocrx_word' id='word_1_221' title='bbox 193 1471 282 1521; x_wconf 80' lang='lat' dir='ltr'>bat</span> <span class='ocrx_word' id='word_1_222' title='bbox 316 1476 520 1524; x_wconf 82' lang='lat' dir='ltr'>retraxi.</span> <span class='ocrx_word' id='word_1_223' title='bbox 595 1471 716 1538; x_wconf 88' lang='lat' dir='ltr'>Cap.</span> <span class='ocrx_word' id='word_1_224' title='bbox 749 1474 832 1525; x_wconf 84' lang='lat'><strong>26.</strong></span> <span class='ocrx_word' id='word_1_225' title='bbox 877 1474 923 1532; x_wconf 88' lang='lat'>5.</span> <span class='ocrx_word' id='word_1_226' title='bbox 959 1473 1040 1521; x_wconf 84' lang='lat'><strong>62.</strong></span> <span class='ocrx_word' id='word_1_227' title='bbox 1086 1472 1308 1534; x_wconf 78' lang='lat' dir='ltr'>specillis</span> <span class='ocrx_word' id='word_1_228' title='bbox 1353 1472 1415 1519; x_wconf 90' lang='lat' dir='ltr'>de</span> <span class='ocrx_word' id='word_1_229' title='bbox 1459 1469 1701 1535; x_wconf 80' lang='lat' dir='ltr'>Madvigii</span> <span class='ocrx_word' id='word_1_230' title='bbox 1754 1471 2043 1519; x_wconf 88' lang='lat' dir='ltr'>coniectura</span> <span class='ocrx_word' id='word_1_231' title='bbox 2094 1471 2279 1534; x_wconf 83' lang='lat' dir='ltr'>scripsi</span> 
     </span>
     <span class='ocr_line' id='line_1_21' title="bbox 192 1536 2284 1605; baseline -0.001 -19"><span class='ocrx_word' id='word_1_232' title='bbox 192 1552 287 1602; x_wconf 93' lang='lat' dir='ltr'>pro</span> <span class='ocrx_word' id='word_1_233' title='bbox 321 1543 558 1605; x_wconf 77' lang='lat' dir='ltr'>speculis.</span> <span class='ocrx_word' id='word_1_234' title='bbox 626 1540 673 1600; x_wconf 89' lang='lat'>5.</span> <span class='ocrx_word' id='word_1_235' title='bbox 699 1541 779 1589; x_wconf 88' lang='grc'><strong>63.</strong></span> <span class='ocrx_word' id='word_1_236' title='bbox 827 1545 1019 1602; x_wconf 74' lang='grc' dir='ltr'>εροηιει</span> <span class='ocrx_word' id='word_1_237' title='bbox 1060 1539 1177 1587; x_wconf 73' lang='lat' dir='ltr'>milei</span> <span class='ocrx_word' id='word_1_238' title='bbox 1221 1554 1247 1586; x_wconf 89' lang='lat' dir='ltr'>e</span> <span class='ocrx_word' id='word_1_239' title='bbox 1292 1537 1534 1586; x_wconf 87' lang='lat' dir='ltr'>librorum</span> <span class='ocrx_word' id='word_1_240' title='bbox 1585 1537 1816 1602; x_wconf 87' lang='lat' dir='ltr'>vestigiis</span> <span class='ocrx_word' id='word_1_241' title='bbox 1861 1537 2081 1587; x_wconf 84' lang='lat' dir='ltr'>restituit</span> <span class='ocrx_word' id='word_1_242' title='bbox 2124 1536 2284 1586; x_wconf 87' lang='lat' dir='ltr'>Gara-</span> 
     </span>
     <span class='ocr_line' id='line_1_22' title="bbox 192 1603 2287 1670; baseline -0 -17"><span class='ocrx_word' id='word_1_243' title='bbox 192 1606 382 1656; x_wconf 87' lang='lat' dir='ltr'>tonius.</span> <span class='ocrx_word' id='word_1_244' title='bbox 449 1606 621 1670; x_wconf 80' lang='lat' dir='ltr'>Vulgo</span> <span class='ocrx_word' id='word_1_245' title='bbox 677 1606 891 1654; x_wconf 71' lang='lat' dir='ltr'>mihimet</span> <span class='ocrx_word' id='word_1_246' title='bbox 942 1605 1216 1670; x_wconf 83' lang='lat' dir='ltr'>legebatur.</span> <span class='ocrx_word' id='word_1_247' title='bbox 1296 1604 1343 1664; x_wconf 95' lang='lat'>5.</span> <span class='ocrx_word' id='word_1_248' title='bbox 1392 1606 1474 1653; x_wconf 76' lang='lat'><strong>64.</strong></span> <span class='ocrx_word' id='word_1_249' title='bbox 1544 1605 1945 1669; x_wconf 83' lang='lat' dir='ltr'>despicatissimo</span> <span class='ocrx_word' id='word_1_250' title='bbox 2011 1603 2074 1652; x_wconf 90' lang='lat' dir='ltr'>de</span> <span class='ocrx_word' id='word_1_251' title='bbox 2131 1603 2287 1653; x_wconf 75' lang='lat' dir='ltr'>Lam·</span> 
     </span>
     <span class='ocr_line' id='line_1_23' title="bbox 193 1670 2280 1736; baseline 0 -18"><span class='ocrx_word' id='word_1_252' title='bbox 193 1671 301 1720; x_wconf 88' lang='lat' dir='ltr'>bini</span> <span class='ocrx_word' id='word_1_253' title='bbox 336 1674 626 1721; x_wconf 85' lang='lat' dir='ltr'>coniectura</span> <span class='ocrx_word' id='word_1_254' title='bbox 662 1672 848 1736; x_wconf 86' lang='lat' dir='ltr'>scripsi</span> <span class='ocrx_word' id='word_1_255' title='bbox 882 1686 975 1736; x_wconf 93' lang='lat' dir='ltr'>pro</span> <span class='ocrx_word' id='word_1_256' title='bbox 1012 1671 1218 1736; x_wconf 82' lang='lat' dir='ltr'>vulgato</span> <span class='ocrx_word' id='word_1_257' title='bbox 1254 1673 1681 1736; x_wconf 83' lang='lat' dir='ltr'>desperatissimo.</span> <span class='ocrx_word' id='word_1_258' title='bbox 1746 1670 1867 1736; x_wconf 88' lang='lat' dir='ltr'>Cap.</span> <span class='ocrx_word' id='word_1_259' title='bbox 1889 1673 1972 1721; x_wconf 92' lang='grc'>27.</span> <span class='ocrx_word' id='word_1_260' title='bbox 2009 1671 2057 1731; x_wconf 88' lang='lat'>5.</span> <span class='ocrx_word' id='word_1_261' title='bbox 2083 1672 2166 1722; x_wconf 85' lang='grc'>66.</span> <span class='ocrx_word' id='word_1_262' title='bbox 2203 1673 2280 1719; x_wconf 89' lang='lat' dir='ltr'>ni-</span> 
     </span>
     <span class='ocr_line' id='line_1_24' title="bbox 190 1737 2281 1803; baseline 0.001 -18"><span class='ocrx_word' id='word_1_263' title='bbox 190 1737 261 1786; x_wconf 71' lang='lat' dir='ltr'>leil</span> <span class='ocrx_word' id='word_1_264' title='bbox 287 1741 577 1801; x_wconf 84' lang='lat' dir='ltr'>protervius</span> <span class='ocrx_word' id='word_1_265' title='bbox 610 1739 780 1803; x_wconf 86' lang='lat' dir='ltr'>recepi</span> <span class='ocrx_word' id='word_1_266' title='bbox 816 1753 843 1787; x_wconf 90' lang='lat' dir='ltr'>e</span> <span class='ocrx_word' id='word_1_267' title='bbox 877 1738 990 1789; x_wconf 88' lang='lat' dir='ltr'>cod.</span> <span class='ocrx_word' id='word_1_268' title='bbox 1017 1737 1283 1787; x_wconf 85' lang='lat' dir='ltr'>Vatican0.</span> <span class='ocrx_word' id='word_1_269' title='bbox 1333 1739 1388 1786; x_wconf 91' lang='lat' dir='ltr'>In</span> <span class='ocrx_word' id='word_1_270' title='bbox 1426 1740 1603 1788; x_wconf 86' lang='lat' dir='ltr'>ceteris</span> <span class='ocrx_word' id='word_1_271' title='bbox 1640 1738 1783 1787; x_wconf 88' lang='lat' dir='ltr'>libris</span> <span class='ocrx_word' id='word_1_272' title='bbox 1820 1748 1897 1787; x_wconf 88' lang='lat' dir='ltr'>est</span> <span class='ocrx_word' id='word_1_273' title='bbox 1929 1740 2204 1803; x_wconf 74' lang='lat' dir='ltr'>posterius,</span> <span class='ocrx_word' id='word_1_274' title='bbox 2232 1747 2281 1788; x_wconf 81' lang='lat' dir='ltr'>et</span> 
     </span>
     <span class='ocr_line' id='line_1_25' title="bbox 190 1802 2283 1871; baseline 0.001 -20"><span class='ocrx_word' id='word_1_275' title='bbox 190 1802 363 1866; x_wconf 88' lang='lat' dir='ltr'>paullo</span> <span class='ocrx_word' id='word_1_276' title='bbox 406 1814 526 1869; x_wconf 87' lang='lat' dir='ltr'>post</span> <span class='ocrx_word' id='word_1_277' title='bbox 559 1803 769 1854; x_wconf 88' lang='lat' dir='ltr'>lacunae</span> <span class='ocrx_word' id='word_1_278' title='bbox 804 1806 954 1870; x_wconf 90' lang='lat' dir='ltr'>signa</span> <span class='ocrx_word' id='word_1_279' title='bbox 991 1803 1102 1855; x_wconf 83' lang='lat' dir='ltr'>feci.</span> <span class='ocrx_word' id='word_1_280' title='bbox 1172 1805 1220 1865; x_wconf 91' lang='lat'>5.</span> <span class='ocrx_word' id='word_1_281' title='bbox 1254 1806 1337 1856; x_wconf 93' lang='grc'>67.</span> <span class='ocrx_word' id='word_1_282' title='bbox 1374 1805 1572 1856; x_wconf 86' lang='lat' dir='ltr'>Halmio</span> <span class='ocrx_word' id='word_1_283' title='bbox 1607 1817 1811 1854; x_wconf 89' lang='lat' dir='ltr'>auctore</span> <span class='ocrx_word' id='word_1_284' title='bbox 1845 1805 2031 1870; x_wconf 85' lang='lat' dir='ltr'>scripsi</span> <span class='ocrx_word' id='word_1_285' title='bbox 2065 1806 2182 1871; x_wconf 81' lang='lat' dir='ltr'>quin</span> <span class='ocrx_word' id='word_1_286' title='bbox 2216 1820 2283 1854; x_wconf 91' lang='lat' dir='ltr'>ne</span> 
     </span>
     <span class='ocr_line' id='line_1_26' title="bbox 189 1871 2284 1937; baseline 0.001 -19"><span class='ocrx_word' id='word_1_287' title='bbox 189 1885 365 1933; x_wconf 64' lang='lat' dir='ltr'>magno</span> <span class='ocrx_word' id='word_1_288' title='bbox 402 1886 560 1935; x_wconf 84' lang='lat' dir='ltr'>opere</span> <span class='ocrx_word' id='word_1_289' title='bbox 595 1873 805 1937; x_wconf 84' lang='lat' dir='ltr'>quidem.</span> <span class='ocrx_word' id='word_1_290' title='bbox 875 1873 933 1922; x_wconf 87' lang='lat' dir='ltr'>In</span> <span class='ocrx_word' id='word_1_291' title='bbox 977 1871 1091 1926; x_wconf 85' lang='lat' dir='ltr'>cod.</span> <span class='ocrx_word' id='word_1_292' title='bbox 1132 1872 1381 1921; x_wconf 90' lang='lat' dir='ltr'>Vaticano</span> <span class='ocrx_word' id='word_1_293' title='bbox 1429 1886 1521 1937; x_wconf 92' lang='lat' dir='ltr'>pro</span> <span class='ocrx_word' id='word_1_294' title='bbox 1569 1875 1688 1937; x_wconf 83' lang='lat' dir='ltr'>quin</span> <span class='ocrx_word' id='word_1_295' title='bbox 1733 1872 1919 1937; x_wconf 84' lang='lat' dir='ltr'>legitur</span> <span class='ocrx_word' id='word_1_296' title='bbox 1976 1873 2078 1931; x_wconf 83' lang='lat' dir='ltr'>eui,</span> <span class='ocrx_word' id='word_1_297' title='bbox 2124 1872 2284 1936; x_wconf 84' lang='lat' dir='ltr'>vulgo</span> 
     </span>
     <span class='ocr_line' id='line_1_27' title="bbox 193 1937 2281 2005; baseline 0.002 -20"><span class='ocrx_word' id='word_1_298' title='bbox 193 1939 438 1987; x_wconf 87' lang='lat' dir='ltr'>omissum</span> <span class='ocrx_word' id='word_1_299' title='bbox 476 1946 567 1987; x_wconf 90' lang='lat' dir='ltr'>est.</span> <span class='ocrx_word' id='word_1_300' title='bbox 636 1937 877 1990; x_wconf 85' lang='lat' dir='ltr'>Extrema</span> <span class='ocrx_word' id='word_1_301' title='bbox 910 1939 957 2002; x_wconf 87' lang='lat'>5.</span> <span class='ocrx_word' id='word_1_302' title='bbox 995 1940 1194 1990; x_wconf 83' lang='lat' dir='ltr'>servavi</span> <span class='ocrx_word' id='word_1_303' title='bbox 1236 1939 1480 1989; x_wconf 82' lang='lat' dir='ltr'>librorum</span> <span class='ocrx_word' id='word_1_304' title='bbox 1528 1941 1677 1989; x_wconf 89' lang='lat' dir='ltr'>verba</span> <span class='ocrx_word' id='word_1_305' title='bbox 1725 1953 1880 2005; x_wconf 85' lang='lat' dir='ltr'>usque</span> <span class='ocrx_word' id='word_1_306' title='bbox 1926 1953 2012 1998; x_wconf 88' lang='lat' dir='ltr'>eo,</span> <span class='ocrx_word' id='word_1_307' title='bbox 2058 1940 2173 1990; x_wconf 84' lang='lat' dir='ltr'>dum</span> <span class='ocrx_word' id='word_1_308' title='bbox 2214 1941 2281 1990; x_wconf 84' lang='lat' dir='ltr'>de</span> 
     </span>
     <span class='ocr_line' id='line_1_28' title="bbox 187 2006 2282 2071; baseline 0.001 -18"><span class='ocrx_word' id='word_1_309' title='bbox 187 2006 316 2055; x_wconf 84' lang='lat' dir='ltr'>solio</span> <span class='ocrx_word' id='word_1_310' title='bbox 349 2006 680 2065; x_wconf 78' lang='lat' dir='ltr'>ministretur,</span> <span class='ocrx_word' id='word_1_311' title='bbox 731 2008 915 2069; x_wconf 89' lang='lat' dir='ltr'>quibus</span> <span class='ocrx_word' id='word_1_312' title='bbox 964 2008 1015 2055; x_wconf 90' lang='lat' dir='ltr'>in</span> <span class='ocrx_word' id='word_1_313' title='bbox 1059 2008 1225 2056; x_wconf 89' lang='lat' dir='ltr'>verbis</span> <span class='ocrx_word' id='word_1_314' title='bbox 1271 2007 1356 2056; x_wconf 88' lang='lat' dir='ltr'>alii</span> <span class='ocrx_word' id='word_1_315' title='bbox 1402 2007 1464 2056; x_wconf 92' lang='lat' dir='ltr'>de</span> <span class='ocrx_word' id='word_1_316' title='bbox 1511 2009 1798 2057; x_wconf 86' lang='lat' dir='ltr'>coniectura</span> <span class='ocrx_word' id='word_1_317' title='bbox 1831 2008 1894 2056; x_wconf 83' lang='lat' dir='ltr'>de</span> <span class='ocrx_word' id='word_1_318' title='bbox 1929 2006 2064 2058; x_wconf 85' lang='lat' dir='ltr'>dolio</span> <span class='ocrx_word' id='word_1_319' title='bbox 2097 2008 2282 2071; x_wconf 88' lang='lat' dir='ltr'>reponi</span> 
     </span>
     <span class='ocr_line' id='line_1_29' title="bbox 187 2070 2279 2136; baseline 0.002 -18"><span class='ocrx_word' id='word_1_320' title='bbox 187 2070 471 2121; x_wconf 89' lang='lat' dir='ltr'>voluerunt.</span> <span class='ocrx_word' id='word_1_321' title='bbox 545 2073 671 2122; x_wconf 87' lang='lat' dir='ltr'>Illud</span> <span class='ocrx_word' id='word_1_322' title='bbox 704 2074 987 2123; x_wconf 80' lang='lat' dir='ltr'>rectissime</span> <span class='ocrx_word' id='word_1_323' title='bbox 1022 2075 1222 2124; x_wconf 86' lang='lat' dir='ltr'>dicitur.</span> <span class='ocrx_word' id='word_1_324' title='bbox 1292 2072 1486 2123; x_wconf 90' lang='lat' dir='ltr'>Solium</span> <span class='ocrx_word' id='word_1_325' title='bbox 1523 2074 1632 2124; x_wconf 89' lang='lat' dir='ltr'>eius</span> <span class='ocrx_word' id='word_1_326' title='bbox 1674 2074 1815 2123; x_wconf 86' lang='lat' dir='ltr'>modi</span> <span class='ocrx_word' id='word_1_327' title='bbox 1848 2088 1941 2123; x_wconf 89' lang='lat' dir='ltr'>vas</span> <span class='ocrx_word' id='word_1_328' title='bbox 1978 2071 2100 2134; x_wconf 77' lang='lat' dir='ltr'>fuit,</span> <span class='ocrx_word' id='word_1_329' title='bbox 2138 2074 2279 2136; x_wconf 92' lang='lat' dir='ltr'>quod</span> 
     </span>
     <span class='ocr_line' id='line_1_30' title="bbox 174 2139 2280 2206; baseline 0.002 -20"><span class='ocrx_word' id='word_1_330' title='bbox 174 2139 236 2186; x_wconf 75' lang='lat' dir='ltr'>‘ei</span> <span class='ocrx_word' id='word_1_331' title='bbox 270 2139 399 2198; x_wconf 85' lang='lat' dir='ltr'>vasi,</span> <span class='ocrx_word' id='word_1_332' title='bbox 438 2139 571 2188; x_wconf 88' lang='lat' dir='ltr'>unde</span> <span class='ocrx_word' id='word_1_333' title='bbox 604 2142 778 2189; x_wconf 87' lang='lat' dir='ltr'>vinum</span> <span class='ocrx_word' id='word_1_334' title='bbox 813 2140 1143 2201; x_wconf 80' lang='lat' dir='ltr'>fundebatur,</span> <span class='ocrx_word' id='word_1_335' title='bbox 1180 2142 1408 2206; x_wconf 88' lang='lat' dir='ltr'>supponi</span> <span class='ocrx_word' id='word_1_336' title='bbox 1443 2140 1663 2201; x_wconf 81' lang='lat' dir='ltr'>solebat,</span> <span class='ocrx_word' id='word_1_337' title='bbox 1703 2155 1805 2203; x_wconf 89' lang='lat' dir='ltr'>quo</span> <span class='ocrx_word' id='word_1_338' title='bbox 1842 2139 2192 2204; x_wconf 82' lang='lat' dir='ltr'>colligeretur,</span> <span class='ocrx_word' id='word_1_339' title='bbox 2229 2142 2280 2190; x_wconf 88' lang='lat' dir='ltr'>si-</span> 
     </span>
     <span class='ocr_line' id='line_1_31' title="bbox 191 2205 2280 2273; baseline 0.001 -20"><span class='ocrx_word' id='word_1_340' title='bbox 191 2206 315 2267; x_wconf 90' lang='lat' dir='ltr'>quid</span> <span class='ocrx_word' id='word_1_341' title='bbox 348 2205 667 2266; x_wconf 82' lang='lat' dir='ltr'>redundaret,</span> <span class='ocrx_word' id='word_1_342' title='bbox 705 2209 901 2269; x_wconf 89' lang='lat' dir='ltr'>itaque,</span> <span class='ocrx_word' id='word_1_343' title='bbox 938 2209 1025 2257; x_wconf 89' lang='lat' dir='ltr'>ubi</span> <span class='ocrx_word' id='word_1_344' title='bbox 1058 2210 1163 2257; x_wconf 88' lang='lat' dir='ltr'>iam</span> <span class='ocrx_word' id='word_1_345' title='bbox 1197 2210 1314 2273; x_wconf 89' lang='lat' dir='ltr'>ipsa</span> <span class='ocrx_word' id='word_1_346' title='bbox 1347 2223 1472 2257; x_wconf 85' lang='lat' dir='ltr'>vasa</span> <span class='ocrx_word' id='word_1_347' title='bbox 1504 2207 1795 2257; x_wconf 76' lang='lat' dir='ltr'>vacuefacta</span> <span class='ocrx_word' id='word_1_348' title='bbox 1829 2218 1997 2266; x_wconf 86' lang='lat' dir='ltr'>erant,</span> <span class='ocrx_word' id='word_1_349' title='bbox 2045 2207 2109 2257; x_wconf 90' lang='lat' dir='ltr'>de</span> <span class='ocrx_word' id='word_1_350' title='bbox 2143 2208 2280 2257; x_wconf 90' lang='lat' dir='ltr'>solio</span> 
     </span>
     <span class='ocr_line' id='line_1_32' title="bbox 188 2271 2278 2340; baseline 0.003 -21"><span class='ocrx_word' id='word_1_351' title='bbox 188 2271 569 2322; x_wconf 83' lang='lat' dir='ltr'>ministrabatur</span> <span class='ocrx_word' id='word_1_352' title='bbox 601 2273 741 2334; x_wconf 83' lang='lat' dir='ltr'>illud,</span> <span class='ocrx_word' id='word_1_353' title='bbox 780 2275 919 2337; x_wconf 88' lang='lat' dir='ltr'>quod</span> <span class='ocrx_word' id='word_1_354' title='bbox 953 2275 1285 2325; x_wconf 84' lang='lat' dir='ltr'>confluxerat.</span> <span class='ocrx_word' id='word_1_355' title='bbox 1358 2274 1479 2340; x_wconf 84' lang='lat' dir='ltr'>Cap.</span> <span class='ocrx_word' id='word_1_356' title='bbox 1505 2278 1588 2329; x_wconf 91' lang='grc'>28.</span> <span class='ocrx_word' id='word_1_357' title='bbox 1623 2277 1670 2337; x_wconf 88' lang='lat'><strong>5.</strong></span> <span class='ocrx_word' id='word_1_358' title='bbox 1707 2276 1790 2326; x_wconf 91' lang='grc'>68.</span> <span class='ocrx_word' id='word_1_359' title='bbox 1825 2289 1899 2324; x_wconf 90' lang='lat' dir='ltr'>me</span> <span class='ocrx_word' id='word_1_360' title='bbox 1934 2275 2163 2325; x_wconf 73' lang='lat' dir='ltr'>hercules</span> <span class='ocrx_word' id='word_1_361' title='bbox 2197 2284 2278 2325; x_wconf 83' lang='lat' dir='ltr'>est</span> 
     </span>
     <span class='ocr_line' id='line_1_33' title="bbox 190 2337 2278 2407; baseline 0.002 -19"><span class='ocrx_word' id='word_1_362' title='bbox 190 2355 218 2388; x_wconf 90' lang='lat' dir='ltr'>e</span> <span class='ocrx_word' id='word_1_363' title='bbox 251 2338 363 2389; x_wconf 89' lang='lat' dir='ltr'>cod.</span> <span class='ocrx_word' id='word_1_364' title='bbox 398 2337 646 2390; x_wconf 86' lang='lat' dir='ltr'>Vaticano</span> <span class='ocrx_word' id='word_1_365' title='bbox 683 2355 778 2405; x_wconf 88' lang='lat' dir='ltr'>pro</span> <span class='ocrx_word' id='word_1_366' title='bbox 814 2357 889 2392; x_wconf 91' lang='lat' dir='ltr'>me</span> <span class='ocrx_word' id='word_1_367' title='bbox 924 2342 1141 2392; x_wconf 73' lang='lat' dir='ltr'>hercule.</span> <span class='ocrx_word' id='word_1_368' title='bbox 1215 2340 1341 2407; x_wconf 88' lang='lat' dir='ltr'>Cap.</span> <span class='ocrx_word' id='word_1_369' title='bbox 1375 2344 1457 2393; x_wconf 84' lang='lat'><strong>29.</strong></span> <span class='ocrx_word' id='word_1_370' title='bbox 1501 2343 1547 2403; x_wconf 89' lang='lat'><strong>5.</strong></span> <span class='ocrx_word' id='word_1_371' title='bbox 1586 2344 1666 2393; x_wconf 90' lang='grc'>70.</span> <span class='ocrx_word' id='word_1_372' title='bbox 1711 2342 1863 2390; x_wconf 88' lang='lat' dir='ltr'>verba</span> <span class='ocrx_word' id='word_1_373' title='bbox 1897 2357 1997 2393; x_wconf 90' lang='lat' dir='ltr'>non</span> <span class='ocrx_word' id='word_1_374' title='bbox 2030 2348 2086 2392; x_wconf 91' lang='lat' dir='ltr'>ut</span> <span class='ocrx_word' id='word_1_375' title='bbox 2119 2344 2278 2406; x_wconf 86' lang='lat' dir='ltr'>impu·</span> 
     </span>
     <span class='ocr_line' id='line_1_34' title="bbox 185 2407 2278 2474; baseline 0.002 -20"><span class='ocrx_word' id='word_1_376' title='bbox 185 2421 294 2455; x_wconf 83' lang='lat' dir='ltr'>rum</span> <span class='ocrx_word' id='word_1_377' title='bbox 328 2407 625 2457; x_wconf 86' lang='lat' dir='ltr'>auctoritate</span> <span class='ocrx_word' id='word_1_378' title='bbox 668 2409 780 2462; x_wconf 89' lang='lat' dir='ltr'>cod.</span> <span class='ocrx_word' id='word_1_379' title='bbox 817 2409 1053 2459; x_wconf 87' lang='lat' dir='ltr'>Vaticani</span> <span class='ocrx_word' id='word_1_380' title='bbox 1097 2410 1287 2459; x_wconf 83' lang='lat' dir='ltr'>retraxi</span> <span class='ocrx_word' id='word_1_381' title='bbox 1330 2419 1454 2474; x_wconf 87' lang='lat' dir='ltr'>post</span> <span class='ocrx_word' id='word_1_382' title='bbox 1492 2410 1646 2458; x_wconf 88' lang='lat' dir='ltr'>verba</span> <span class='ocrx_word' id='word_1_383' title='bbox 1694 2425 1792 2459; x_wconf 88' lang='lat' dir='ltr'>non</span> <span class='ocrx_word' id='word_1_384' title='bbox 1830 2414 1886 2457; x_wconf 85' lang='lat' dir='ltr'>ut</span> <span class='ocrx_word' id='word_1_385' title='bbox 1919 2410 2186 2465; x_wconf 84' lang='lat' dir='ltr'>audacem,·</span> <span class='ocrx_word' id='word_1_386' title='bbox 2223 2411 2278 2458; x_wconf 84' lang='lat' dir='ltr'>iu</span> 
     </span>
     <span class='ocr_line' id='line_1_35' title="bbox 184 2474 2259 2541; baseline 0.002 -19"><span class='ocrx_word' id='word_1_387' title='bbox 184 2474 363 2523; x_wconf 88' lang='lat' dir='ltr'>ceteris</span> <span class='ocrx_word' id='word_1_388' title='bbox 398 2474 541 2524; x_wconf 88' lang='lat' dir='ltr'>libris</span> <span class='ocrx_word' id='word_1_389' title='bbox 576 2487 701 2540; x_wconf 87' lang='lat' dir='ltr'>post</span> <span class='ocrx_word' id='word_1_390' title='bbox 732 2477 877 2527; x_wconf 84' lang='lat' dir='ltr'>modo</span> <span class='ocrx_word' id='word_1_391' title='bbox 921 2478 1099 2527; x_wconf 84' lang='lat' dir='ltr'>leviter·</span> <span class='ocrx_word' id='word_1_392' title='bbox 1140 2476 1395 2541; x_wconf 87' lang='lat' dir='ltr'>leguntur.</span> <span class='ocrx_word' id='word_1_393' title='bbox 1465 2475 1640 2525; x_wconf 84' lang='lat' dir='ltr'>Paullo</span> <span class='ocrx_word' id='word_1_394' title='bbox 1665 2487 1784 2540; x_wconf 87' lang='lat' dir='ltr'>post</span> <span class='ocrx_word' id='word_1_395' title='bbox 1817 2477 2259 2541; x_wconf 75' lang='lat' dir='ltr'>conviviorumque</span> 
     </span>
     <span class='ocr_line' id='line_1_36' title="bbox 180 2542 2269 2609; baseline 0 -19"><span class='ocrx_word' id='word_1_396' title='bbox 180 2555 373 2604; x_wconf 68' lang='lat' dir='ltr'>genera</span> <span class='ocrx_word' id='word_1_397' title='bbox 414 2550 493 2592; x_wconf 85' lang='lat' dir='ltr'>est</span> <span class='ocrx_word' id='word_1_398' title='bbox 534 2542 587 2591; x_wconf 92' lang='lat' dir='ltr'>in</span> <span class='ocrx_word' id='word_1_399' title='bbox 631 2543 743 2595; x_wconf 89' lang='lat' dir='ltr'>cod.</span> <span class='ocrx_word' id='word_1_400' title='bbox 791 2542 1056 2592; x_wconf 88' lang='lat' dir='ltr'>Vaticano.</span> <span class='ocrx_word' id='word_1_401' title='bbox 1127 2543 1300 2609; x_wconf 79' lang='lat' dir='ltr'>Vulgo</span> <span class='ocrx_word' id='word_1_402' title='bbox 1346 2543 1532 2608; x_wconf 83' lang='lat' dir='ltr'>legitur</span> <span class='ocrx_word' id='word_1_403' title='bbox 1570 2558 1767 2609; x_wconf 73' lang='lat' dir='ltr'>qnnera</span> <span class='ocrx_word' id='word_1_404' title='bbox 1815 2543 2269 2608; x_wconf 78' lang='lat' dir='ltr'>conviviorumque.</span> 
     </span>
     <span class='ocr_line' id='line_1_37' title="bbox 186 2604 2269 2675; baseline -0 -16"><span class='ocrx_word' id='word_1_405' title='bbox 186 2604 310 2674; x_wconf 88' lang='lat' dir='ltr'>Cap.</span> <span class='ocrx_word' id='word_1_406' title='bbox 336 2611 417 2660; x_wconf 89' lang='grc'>30.</span> <span class='ocrx_word' id='word_1_407' title='bbox 455 2609 503 2670; x_wconf 86' lang='lat'>5.</span> <span class='ocrx_word' id='word_1_408' title='bbox 530 2612 611 2661; x_wconf 86' lang='grc'>73.</span> <span class='ocrx_word' id='word_1_409' title='bbox 657 2626 763 2661; x_wconf 86' lang='lat' dir='ltr'>sum</span> <span class='ocrx_word' id='word_1_410' title='bbox 804 2614 999 2661; x_wconf 87' lang='lat' dir='ltr'>loeutus</span> <span class='ocrx_word' id='word_1_411' title='bbox 1043 2619 1121 2660; x_wconf 87' lang='lat' dir='ltr'>est</span> <span class='ocrx_word' id='word_1_412' title='bbox 1163 2610 1228 2660; x_wconf 88' lang='lat' dir='ltr'>de</span> <span class='ocrx_word' id='word_1_413' title='bbox 1264 2610 1504 2675; x_wconf 85' lang='lat' dir='ltr'>Madvigii</span> <span class='ocrx_word' id='word_1_414' title='bbox 1542 2612 1841 2662; x_wconf 87' lang='lat' dir='ltr'>coeiectura.</span> <span class='ocrx_word' id='word_1_415' title='bbox 1913 2610 1969 2658; x_wconf 87' lang='lat' dir='ltr'>In</span> <span class='ocrx_word' id='word_1_416' title='bbox 2005 2609 2117 2659; x_wconf 89' lang='lat' dir='ltr'>cod.</span> <span class='ocrx_word' id='word_1_417' title='bbox 2158 2610 2269 2658; x_wconf 85' lang='lat' dir='ltr'>Va-</span> 
     </span>
     <span class='ocr_line' id='line_1_38' title="bbox 180 2675 2271 2741; baseline 0.001 -18"><span class='ocrx_word' id='word_1_418' title='bbox 180 2676 349 2725; x_wconf 89' lang='lat' dir='ltr'>ticano</span> <span class='ocrx_word' id='word_1_419' title='bbox 385 2685 462 2726; x_wconf 85' lang='lat' dir='ltr'>est</span> <span class='ocrx_word' id='word_1_420' title='bbox 494 2680 798 2738; x_wconf 86' lang='lat' dir='ltr'>conlocutus,</span> <span class='ocrx_word' id='word_1_421' title='bbox 836 2678 987 2728; x_wconf 88' lang='lat' dir='ltr'>ceteri</span> <span class='ocrx_word' id='word_1_422' title='bbox 1022 2678 1148 2737; x_wconf 69' lang='lat' dir='ltr'>libri</span> <span class='ocrx_word' id='word_1_423' title='bbox 1169 2680 1364 2729; x_wconf 83' lang='lat' dir='ltr'>loeutus</span> <span class='ocrx_word' id='word_1_424' title='bbox 1398 2676 1586 2741; x_wconf 87' lang='lat' dir='ltr'>legunt.</span> <span class='ocrx_word' id='word_1_425' title='bbox 1657 2678 1706 2737; x_wconf 91' lang='lat'><strong>5.</strong></span> <span class='ocrx_word' id='word_1_426' title='bbox 1743 2680 1822 2728; x_wconf 84' lang='grc'>75.</span> <span class='ocrx_word' id='word_1_427' title='bbox 1862 2685 1995 2726; x_wconf 85' lang='lat' dir='ltr'>recte</span> <span class='ocrx_word' id='word_1_428' title='bbox 2029 2675 2271 2725; x_wconf 86' lang='lat' dir='ltr'>Baiterus</span> 
     </span>
     <span class='ocr_line' id='line_1_39' title="bbox 180 2743 2274 2808; baseline 0 -17"><span class='ocrx_word' id='word_1_429' title='bbox 180 2743 442 2807; x_wconf 85' lang='lat' dir='ltr'>prae&#39;cepit</span> <span class='ocrx_word' id='word_1_430' title='bbox 474 2745 794 2795; x_wconf 88' lang='lat' dir='ltr'>scribendum</span> <span class='ocrx_word' id='word_1_431' title='bbox 831 2760 968 2795; x_wconf 87' lang='lat' dir='ltr'>esse:</span> <span class='ocrx_word' id='word_1_432' title='bbox 1029 2744 1140 2796; x_wconf 84' lang='lat' dir='ltr'>Sed</span> <span class='ocrx_word' id='word_1_433' title='bbox 1169 2746 1236 2795; x_wconf 89' lang='lat' dir='ltr'>sit</span> <span class='ocrx_word' id='word_1_434' title='bbox 1271 2745 1495 2808; x_wconf 80' lang='lat' dir='ltr'>offensus</span> <span class='ocrx_word' id='word_1_435' title='bbox 1527 2745 1724 2808; x_wconf 85' lang='lat' dir='ltr'>primo:</span> <span class='ocrx_word' id='word_1_436' title='bbox 1782 2758 1943 2793; x_wconf 85' lang='lat' dir='ltr'>nonne</span> <span class='ocrx_word' id='word_1_437' title='bbox 1979 2751 2071 2792; x_wconf 88' lang='lat' dir='ltr'>etc.</span> <span class='ocrx_word' id='word_1_438' title='bbox 2144 2744 2274 2791; x_wconf 84' lang='lat' dir='ltr'>Mox</span> 
     </span>
     <span class='ocr_line' id='line_1_40' title="bbox 181 2807 2277 2875; baseline 0.002 -20"><span class='ocrx_word' id='word_1_439' title='bbox 181 2807 468 2874; x_wconf 84' lang='lat' dir='ltr'>Madvigius</span> <span class='ocrx_word' id='word_1_440' title='bbox 504 2824 598 2874; x_wconf 90' lang='lat' dir='ltr'>pro</span> <span class='ocrx_word' id='word_1_441' title='bbox 635 2825 713 2874; x_wconf 88' lang='lat' dir='ltr'>eo,</span> <span class='ocrx_word' id='word_1_442' title='bbox 733 2812 872 2873; x_wconf 88' lang='lat' dir='ltr'>quod</span> <span class='ocrx_word' id='word_1_443' title='bbox 906 2813 957 2861; x_wconf 89' lang='lat' dir='ltr'>in</span> <span class='ocrx_word' id='word_1_444' title='bbox 992 2811 1134 2861; x_wconf 88' lang='lat' dir='ltr'>libris</span> <span class='ocrx_word' id='word_1_445' title='bbox 1170 2811 1384 2860; x_wconf 75' lang='lat' dir='ltr'>liabetur</span> <span class='ocrx_word' id='word_1_446' title='bbox 1416 2811 1771 2875; x_wconf 81' lang='lat' dir='ltr'>compensabit,</span> <span class='ocrx_word' id='word_1_447' title='bbox 1814 2809 2133 2860; x_wconf 88' lang='lat' dir='ltr'>scribendum</span> <span class='ocrx_word' id='word_1_448' title='bbox 2169 2824 2277 2874; x_wconf 83' lang='lat' dir='ltr'>pu-</span> 
     </span>
     <span class='ocr_line' id='line_1_41' title="bbox 180 2875 2276 2943; baseline 0 -20"><span class='ocrx_word' id='word_1_449' title='bbox 180 2876 308 2925; x_wconf 87' lang='lat' dir='ltr'>tavit</span> <span class='ocrx_word' id='word_1_450' title='bbox 337 2877 706 2939; x_wconf 80' lang='lat' dir='ltr'>compensabat.</span> <span class='ocrx_word' id='word_1_451' title='bbox 777 2877 888 2943; x_wconf 84' lang='lat' dir='ltr'>Ego</span> <span class='ocrx_word' id='word_1_452' title='bbox 935 2879 1144 2943; x_wconf 88' lang='lat' dir='ltr'>scripsi:</span> <span class='ocrx_word' id='word_1_453' title='bbox 1204 2880 1557 2942; x_wconf 82' lang='lat' dir='ltr'>compensavit.</span> <span class='ocrx_word' id='word_1_454' title='bbox 1627 2875 1713 2927; x_wconf 90' lang='lat' dir='ltr'>Sic</span> <span class='ocrx_word' id='word_1_455' title='bbox 1754 2895 1782 2928; x_wconf 85' lang='lat' dir='ltr'><strong><em>v</em></strong></span> <span class='ocrx_word' id='word_1_456' title='bbox 1827 2887 1877 2927; x_wconf 90' lang='lat' dir='ltr'>et</span> <span class='ocrx_word' id='word_1_457' title='bbox 1918 2876 1948 2927; x_wconf 78' lang='lat' dir='ltr'><strong><em>b</em></strong></span> <span class='ocrx_word' id='word_1_458' title='bbox 1984 2891 2138 2942; x_wconf 89' lang='lat' dir='ltr'>saepe</span> <span class='ocrx_word' id='word_1_459' title='bbox 2172 2891 2276 2925; x_wconf 83' lang='lat' dir='ltr'>nu-</span> 
     </span>
     <span class='ocr_line' id='line_1_42' title="bbox 179 2942 2274 3004; baseline 0.001 -14"><span class='ocrx_word' id='word_1_460' title='bbox 179 2956 318 2991; x_wconf 89' lang='lat' dir='ltr'>mero</span> <span class='ocrx_word' id='word_1_461' title='bbox 345 2943 397 2991; x_wconf 90' lang='lat' dir='ltr'>in</span> <span class='ocrx_word' id='word_1_462' title='bbox 422 2942 502 2991; x_wconf 89' lang='lat' dir='ltr'>his</span> <span class='ocrx_word' id='word_1_463' title='bbox 533 2944 847 2994; x_wconf 88' lang='lat' dir='ltr'>orationibus</span> <span class='ocrx_word' id='word_1_464' title='bbox 871 2946 925 2995; x_wconf 87' lang='lat' dir='ltr'>iu</span> <span class='ocrx_word' id='word_1_465' title='bbox 948 2944 1090 2995; x_wconf 86' lang='lat' dir='ltr'>libris</span> <span class='ocrx_word' id='word_1_466' title='bbox 1115 2946 1245 2994; x_wconf 89' lang='lat' dir='ltr'>inter</span> <span class='ocrx_word' id='word_1_467' title='bbox 1268 2960 1326 2994; x_wconf 89' lang='lat' dir='ltr'>se</span> <span class='ocrx_word' id='word_1_468' title='bbox 1349 2954 1685 2995; x_wconf 85' lang='lat' dir='ltr'>commutatae</span> <span class='ocrx_word' id='word_1_469' title='bbox 1709 2945 1902 2994; x_wconf 87' lang='lat' dir='ltr'>litterae</span> <span class='ocrx_word' id='word_1_470' title='bbox 1937 2953 2074 3004; x_wconf 87' lang='lat' dir='ltr'>sunt,</span> <span class='ocrx_word' id='word_1_471' title='bbox 2107 2942 2274 2993; x_wconf 86' lang='lat' dir='ltr'>veluti·</span> 
     </span>
     <span class='ocr_line' id='line_1_43' title="bbox 179 3009 2271 3077; baseline 0.001 -20"><span class='ocrx_word' id='word_1_472' title='bbox 179 3022 223 3059; x_wconf 91' lang='lat' dir='ltr'>c.</span> <span class='ocrx_word' id='word_1_473' title='bbox 249 3011 332 3063; x_wconf 90' lang='grc'>27.</span> <span class='ocrx_word' id='word_1_474' title='bbox 369 3010 416 3070; x_wconf 90' lang='lat'>5.</span> <span class='ocrx_word' id='word_1_475' title='bbox 444 3009 551 3069; x_wconf 84' lang='grc'><strong>66.,</strong></span> <span class='ocrx_word' id='word_1_476' title='bbox 599 3011 686 3059; x_wconf 91' lang='lat' dir='ltr'>ubi</span> <span class='ocrx_word' id='word_1_477' title='bbox 728 3011 839 3063; x_wconf 90' lang='lat' dir='ltr'>cod.</span> <span class='ocrx_word' id='word_1_478' title='bbox 874 3012 1156 3062; x_wconf 86' lang='lat' dir='ltr'>Vaticanus</span> <span class='ocrx_word' id='word_1_479' title='bbox 1195 3012 1492 3077; x_wconf 83' lang='lat' dir='ltr'>proterbius</span> <span class='ocrx_word' id='word_1_480' title='bbox 1534 3012 1690 3063; x_wconf 89' lang='lat' dir='ltr'>habet</span> <span class='ocrx_word' id='word_1_481' title='bbox 1731 3026 1826 3077; x_wconf 91' lang='lat' dir='ltr'>pro</span> <span class='ocrx_word' id='word_1_482' title='bbox 1864 3012 2154 3075; x_wconf 81' lang='lat' dir='ltr'>protervius</span> <span class='ocrx_word' id='word_1_483' title='bbox 2188 3020 2271 3059; x_wconf 84' lang='lat' dir='ltr'>at-</span> 
     </span>
     <span class='ocr_line' id='line_1_44' title="bbox 178 3075 2272 3145; baseline 0.001 -21"><span class='ocrx_word' id='word_1_484' title='bbox 178 3090 279 3137; x_wconf 88' lang='lat' dir='ltr'>que</span> <span class='ocrx_word' id='word_1_485' title='bbox 313 3075 413 3125; x_wconf 87' lang='lat' dir='ltr'>alia</span> <span class='ocrx_word' id='word_1_486' title='bbox 447 3077 499 3126; x_wconf 91' lang='lat' dir='ltr'>id</span> <span class='ocrx_word' id='word_1_487' title='bbox 534 3092 697 3142; x_wconf 85' lang='lat' dir='ltr'>genus</span> <span class='ocrx_word' id='word_1_488' title='bbox 733 3078 905 3128; x_wconf 87' lang='lat' dir='ltr'>multa.</span> <span class='ocrx_word' id='word_1_489' title='bbox 978 3077 1104 3145; x_wconf 87' lang='lat' dir='ltr'>Cap.</span> <span class='ocrx_word' id='word_1_490' title='bbox 1131 3081 1214 3130; x_wconf 85' lang='lat'><strong>31.</strong></span> <span class='ocrx_word' id='word_1_491' title='bbox 1255 3079 1305 3142; x_wconf 80' lang='lat'>5.</span> <span class='ocrx_word' id='word_1_492' title='bbox 1332 3081 1412 3130; x_wconf 90' lang='grc'>77.</span> <span class='ocrx_word' id='word_1_493' title='bbox 1449 3081 1503 3128; x_wconf 90' lang='lat' dir='ltr'>in</span> <span class='ocrx_word' id='word_1_494' title='bbox 1536 3094 1628 3130; x_wconf 91' lang='lat' dir='ltr'>suo</span> <span class='ocrx_word' id='word_1_495' title='bbox 1662 3080 1847 3129; x_wconf 80' lang='lat' dir='ltr'>iudicio</span> <span class='ocrx_word' id='word_1_496' title='bbox 1884 3091 1980 3144; x_wconf 88' lang='lat' dir='ltr'>pro</span> <span class='ocrx_word' id='word_1_497' title='bbox 2013 3092 2105 3129; x_wconf 86' lang='lat' dir='ltr'>suo</span> <span class='ocrx_word' id='word_1_498' title='bbox 2138 3078 2272 3127; x_wconf 82' lang='lat' dir='ltr'>iudi-</span> 
     </span>
     <span class='ocr_line' id='line_1_45' title="bbox 177 3143 2275 3212; baseline 0.001 -20"><span class='ocrx_word' id='word_1_499' title='bbox 177 3143 256 3193; x_wconf 87' lang='lat' dir='ltr'>cio</span> <span class='ocrx_word' id='word_1_500' title='bbox 293 3152 371 3192; x_wconf 88' lang='lat' dir='ltr'>est</span> <span class='ocrx_word' id='word_1_501' title='bbox 405 3159 432 3193; x_wconf 94' lang='lat' dir='ltr'>e</span> <span class='ocrx_word' id='word_1_502' title='bbox 467 3143 581 3194; x_wconf 87' lang='lat' dir='ltr'>cod.</span> <span class='ocrx_word' id='word_1_503' title='bbox 616 3144 918 3195; x_wconf 86' lang='lat' dir='ltr'>Taurinensi</span> <span class='ocrx_word' id='word_1_504' title='bbox 951 3147 1306 3212; x_wconf 88' lang='lat' dir='ltr'>palimpsesto.</span> <span class='ocrx_word' id='word_1_505' title='bbox 1380 3145 1503 3211; x_wconf 86' lang='lat' dir='ltr'>Cap.</span> <span class='ocrx_word' id='word_1_506' title='bbox 1536 3148 1619 3197; x_wconf 81' lang='grc'>32.</span> <span class='ocrx_word' id='word_1_507' title='bbox 1665 3146 1712 3206; x_wconf 95' lang='lat'>5.</span> <span class='ocrx_word' id='word_1_508' title='bbox 1738 3148 1821 3197; x_wconf 87' lang='lat'>80.</span> <span class='ocrx_word' id='word_1_509' title='bbox 1867 3147 2172 3210; x_wconf 75' lang='lat' dir='ltr'>interpunaei</span> <span class='ocrx_word' id='word_1_510' title='bbox 2210 3145 2275 3195; x_wconf 80' lang='lat' dir='ltr'>id</span> 
     </span>
     <span class='ocr_line' id='line_1_46' title="bbox 177 3212 2268 3280; baseline 0 -21"><span class='ocrx_word' id='word_1_511' title='bbox 177 3212 315 3275; x_wconf 79' lang='lat' dir='ltr'>quod</span> <span class='ocrx_word' id='word_1_512' title='bbox 343 3212 633 3271; x_wconf 82' lang='lat' dir='ltr'>meminero,</span> <span class='ocrx_word' id='word_1_513' title='bbox 677 3227 880 3277; x_wconf 83' lang='lat' dir='ltr'>semper</span> <span class='ocrx_word' id='word_1_514' title='bbox 923 3229 1081 3280; x_wconf 83' lang='lat' dir='ltr'>aeque</span> <span class='ocrx_word' id='word_1_515' title='bbox 1119 3223 1214 3263; x_wconf 86' lang='lat' dir='ltr'>etc.</span> <span class='ocrx_word' id='word_1_516' title='bbox 1272 3224 1321 3263; x_wconf 89' lang='lat' dir='ltr'>et</span> <span class='ocrx_word' id='word_1_517' title='bbox 1361 3213 1534 3279; x_wconf 85' lang='lat' dir='ltr'>paullo</span> <span class='ocrx_word' id='word_1_518' title='bbox 1576 3223 1697 3279; x_wconf 86' lang='lat' dir='ltr'>post</span> <span class='ocrx_word' id='word_1_519' title='bbox 1731 3214 2004 3278; x_wconf 83' lang='lat' dir='ltr'>aliquando</span> <span class='ocrx_word' id='word_1_520' title='bbox 2039 3226 2135 3278; x_wconf 88' lang='lat' dir='ltr'>pro</span> <span class='ocrx_word' id='word_1_521' title='bbox 2172 3213 2268 3260; x_wconf 81' lang='lat' dir='ltr'>ali-</span> 
     </span>
     <span class='ocr_line' id='line_1_47' title="bbox 176 3275 2272 3346; baseline 0 -19"><span class='ocrx_word' id='word_1_522' title='bbox 176 3285 361 3341; x_wconf 77' lang='lat' dir='ltr'>quanto</span> <span class='ocrx_word' id='word_1_523' title='bbox 396 3277 598 3341; x_wconf 87' lang='lat' dir='ltr'>scripsi.</span> <span class='ocrx_word' id='word_1_524' title='bbox 659 3275 780 3343; x_wconf 88' lang='lat' dir='ltr'>Cap.</span> <span class='ocrx_word' id='word_1_525' title='bbox 802 3281 883 3331; x_wconf 79' lang='lat'>33.</span> <span class='ocrx_word' id='word_1_526' title='bbox 920 3279 965 3340; x_wconf 88' lang='lat'>5.</span> <span class='ocrx_word' id='word_1_527' title='bbox 986 3282 1068 3332; x_wconf 88' lang='grc'>81.</span> <span class='ocrx_word' id='word_1_528' title='bbox 1105 3283 1154 3332; x_wconf 85' lang='lat' dir='ltr'>si</span> <span class='ocrx_word' id='word_1_529' title='bbox 1185 3297 1385 3346; x_wconf 84' lang='lat' dir='ltr'>semper</span> <span class='ocrx_word' id='word_1_530' title='bbox 1419 3289 1787 3344; x_wconf 82' lang='lat' dir='ltr'>aspernaretur</span> <span class='ocrx_word' id='word_1_531' title='bbox 1823 3295 1955 3329; x_wconf 89' lang='lat' dir='ltr'>nunc</span> <span class='ocrx_word' id='word_1_532' title='bbox 1990 3281 2106 3345; x_wconf 90' lang='lat' dir='ltr'>ipse</span> <span class='ocrx_word' id='word_1_533' title='bbox 2129 3292 2272 3341; x_wconf 78' lang='lat' dir='ltr'>quo=</span> 
     </span>
    </p>
   </div>
  </div>
 </body>
</html>
