2514 3928
256 220 296 276 4
842 215 985 274 PRO
1013 215 1075 273 P.
1105 212 1371 275 SESTIO
1416 211 1719 274 ORATIO.

251 363 346 422 vel
399 359 763 422 adsiduitate
815 360 948 421 eius
999 361 1095 419 vel
1142 358 1548 420 sollicitudine
1596 369 1657 420 et
1697 360 1974 422 molestia
2015 360 2276 428 iudicare.

252 442 309 506 7.
366 444 547 503 Duxit
586 459 838 504 uxorem
887 451 1054 518 patre
1092 443 1234 503 vivo
1287 442 1498 517 optimi
1539 451 1600 502 et
1642 443 2144 506 calamitosissimi
2184 447 2282 508 viri

249 525 466 599 filiam,
505 527 553 585 L
613 526 937 601 Scipionis.
996 526 1169 586 Clara
1208 524 1272 584 in
1310 526 1429 586 hoc
1456 525 1521 585 P.
1552 525 1736 586 Sestii
1765 526 1963 602 pietas
1992 528 2207 591 exstitit
2229 539 2284 591 et

249 610 533 671 omnibus
574 618 771 685 grata,
798 609 987 684 ,quod
1029 616 1090 670 et
1115 607 1449 669 Massiliam
1493 608 1691 669 statim
1721 611 2034 684 profectus
2075 620 2187 683 est,
2224 622 2283 675 ut

251 709 534 755 socerum
581 691 787 753 videre
836 691 1265 767 consolarique
1312 700 1530 767 posset
1569 691 1855 753 fluctibus
1892 692 1984 754 rei
2023 694 2285 769 publicae

248 777 600 852 expulsum,
633 775 694 835 in
730 774 943 836 alienis
971 775 1149 835 terris
1177 774 1503 847 iacentem,
1535 791 1714 847 quem
1747 774 1804 833 in
1836 775 2069 837 maioru
2156 795 2284 853 suo·

248 876 381 919 rum
413 857 685 934 vestigiis
715 865 877 918 stare
906 860 1253 933 oportebat,
1290 865 1351 917 et
1378 856 1457 917 ad
1486 874 1622 916 eum
1658 856 1839 917 filiam
1869 857 2001 920 eius
2114 861 2284 933 duxit,

247 948 315 1002 ut
341 939 444 1001 ille
470 942 779 1015 insperato
809 949 1065 1016 aspectu
1096 940 1545 1019 complexuque
1576 940 1632 1000 si
1663 956 1785 1001 non
1816 957 2073 1017 omnem,
2106 952 2164 1005 at
2189 943 2289 1004 ali·

253 1039 433 1099 quam
460 1030 697 1098 partem
723 1022 1018 1083 maeroris
1054 1020 1148 1082 sui
1170 1021 1541 1097 deponeret,
1573 1028 1637 1083 et
1665 1021 1943 1083 maximis
1980 1030 2288 1099 praeterea

249 1116 310 1169 et
331 1105 624 1168 subsidiis
644 1113 707 1166 et
729 1106 948 1166 officiis
969 1112 1033 1166 et
1053 1105 1212 1166 illius
1235 1120 1609 1176 aerumnam,
1635 1106 1844 1179 quoad
1860 1105 2029 1185 vixit,
2057 1111 2118 1165 et
2137 1104 2290 1166 filiae

251 1189 643 1252 solitudinem
667 1188 1054 1250 sustentavit.
1098 1190 1362 1249 Possum
1385 1190 1573 1249 multa
1596 1188 1804 1250 dicere
1825 1189 1906 1249 de
1928 1188 2292 1261 liberalitate,

249 1275 329 1335 de
353 1273 710 1335 domesticis
740 1272 992 1346 officiiS,
1023 1273 1102 1333 de
1122 1271 1432 1333 tribunatu
1465 1273 1721 1345 militari,
1759 1273 1838 1333 de
1862 1270 2217 1348 provinciali
2233 1272 2293 1333 in

251 1374 326 1419 eo
353 1356 710 1434 magistratu
741 1357 1136 1418 abstinentia:
1172 1357 1286 1416 sed
1322 1356 1465 1415 mihi
1501 1363 1645 1417 ante
1679 1359 1898 1417 oculos
1934 1358 2293 1418 obversatur

249 1440 339 1502 rei
361 1441 648 1518 publicae
671 1440 953 1515 dignitas,
985 1455 1145 1514 quae
1166 1455 1266 1500 me
1288 1441 1369 1500 ad
1391 1454 1536 1500 sese
1557 1438 1735 1515 rapit,
1770 1439 1925 1500 haec
1947 1440 2183 1500 minora
2204 1456 2295 1501 re-

250 1528 531 1600 linquere
552 1525 847 1584 hortatur.
906 1525 963 1584 8.
991 1523 1296 1598 Quaestor
1324 1522 1422 1583 hic
1456 1525 1519 1584 C.
1549 1523 1819 1594 Antonii,
1855 1527 2133 1601 collegae
2164 1523 2298 1596 mei,

255 1608 502 1676 iudices,
529 1607 639 1666 suit
664 1615 852 1679 sorte,
876 1606 989 1666 sed
1013 1605 1311 1666 societate
1333 1606 1730 1668 consiliorum
1754 1623 1945 1668 meus.
1996 1606 2301 1684 Impedior

257 1706 374 1752 non
411 1690 636 1750 nullius
671 1690 876 1760 officii,
911 1696 978 1749 ut
1013 1705 1131 1764 ego
1168 1690 1560 1765 interpretor,
1598 1691 1913 1766 religione,
1950 1707 2073 1766 quo
2106 1692 2303 1753 minus

253 1788 556 1848 exponam
575 1790 756 1847 quam
784 1775 969 1833 multa
981 1774 1044 1832 P.
1059 1771 1319 1842 Sestius,
1344 1790 1531 1849 quum
1555 1781 1726 1836 esset
1738 1790 1877 1835 cum
1891 1777 2134 1851 collega
2146 1791 2304 1846 meo,

251 1856 529 1928 senserit,
547 1856 624 1915 ad
640 1873 736 1916 me
753 1854 1049 1928 detulerit,
1069 1865 1299 1931 quanto
1326 1864 1469 1919 ante
1479 1856 1836 1934 providerit.
1871 1861 2080 1932 Atque
2094 1872 2211 1936 ego
2226 1859 2309 1921 de

252 1937 515 2003 Antonio
546 1938 688 1999 nihil
714 1939 852 2000 dico
881 1947 1125 2016 praeter
1149 1956 1365 2002 unum=
1397 1956 1726 2017 numquam
1746 1939 1911 2002 illum
1934 1938 2037 2003 illo
2067 1956 2304 2003 summo

254 2024 466 2085 timore
489 2039 560 2083 ac
582 2022 853 2098 periculo
878 2021 1135 2083 civitatis
1160 2040 1362 2098 neque
1385 2040 1763 2085 communem
1785 2032 2007 2085 metum
2039 2025 2309 2085 omnium

252 2122 365 2167 nec
409 2105 721 2181 propriam
764 2122 883 2167 non
926 2107 1229 2166 nullorum
1272 2107 1351 2167 de
1389 2106 1527 2182 ipso
1577 2107 1984 2183 suspitionem
2027 2114 2133 2167 aut
2171 2107 2311 2167 inti-

251 2189 456 2251 tiando
486 2190 698 2249 tollere
730 2197 835 2249 aut
860 2188 1300 2250 dissimulando
1331 2191 1551 2251 sedare
1573 2190 1865 2252 voluisse.
1926 2192 1994 2250 In
2027 2206 2149 2264 quo
2182 2191 2311 2251 col-

253 2273 390 2347 lega
412 2271 769 2332 sustinendo
793 2280 976 2346 atque
1003 2273 1379 2333 moderando
1404 2289 1458 2333 s1
1486 2288 1680 2334 meam
1711 2272 1771 2334 in
1794 2273 1957 2334 illum
1988 2272 2284 2348 indulgen

252 2354 394 2415 tiam
429 2353 809 2416 coniunctam
851 2371 988 2415 cum
1033 2372 1270 2437 summa
1310 2356 1588 2417 custodia
1617 2355 1706 2416 rei
1740 2356 2021 2432 publicae
2055 2356 2319 2421 laudare

251 2454 396 2499 vere
439 2437 759 2511 solebatiS,
808 2454 921 2513 par
957 2454 1154 2513 prope
1193 2439 1327 2499 laus
1356 2439 1417 2497 P.
1452 2439 1634 2499 Sestii
1665 2455 1809 2500 esse
1836 2440 2047 2513 debet,
2092 2438 2201 2513 qui
2230 2438 2319 2499 ita

251 2538 425 2582 suum
461 2523 774 2582 consulem
798 2520 1168 2595 observavit,
1199 2529 1267 2581 ut
1294 2530 1354 2582 et
1379 2522 1465 2581 illi
1489 2530 1781 2597 quaestor
1809 2522 2008 2585 bonus
2037 2530 2098 2583 et
2128 2521 2319 2583 nobis

252 2604 532 2665 omnibus
566 2604 835 2679 optimus
864 2603 1017 2665 civis
1048 2602 1372 2667 videretur.

414 2690 517 2747 IV.
546 2686 606 2748 9.
650 2688 847 2759 Idem,
897 2705 1082 2762 quum
1110 2686 1212 2748 illa
1243 2686 1577 2749 coniuratio
1618 2703 1698 2747 ex
1725 2688 1976 2749 latebris
2006 2696 2199 2763 atque
2239 2704 2323 2748 ex
2439 2723 2440 2736 κ

252 2770 514 2830 tenebris
536 2770 845 2845 erupisset
864 2771 1187 2846 palamque
1209 2779 1437 2831 armata
1458 2770 1751 2843 volitaret,
1782 2769 1946 2831 venit
1968 2786 2108 2831 cum
2132 2786 2326 2831 exer-

250 2852 371 2914 citu
403 2853 688 2927 Capuam,
725 2869 907 2927 quam
935 2852 1144 2913 urbem
1178 2862 1428 2929 propter
1456 2852 1750 2929 plurimas
1778 2853 1920 2914 belli
1950 2852 2326 2930 opportuni·
2439 2869 2440 2928 f

252 2944 404 2995 tates
429 2935 504 2995 ab
537 2935 637 2995 illa
664 2933 848 3010 impia
871 2942 935 2996 et
960 2936 1256 2996 scelerata
1287 2953 1472 2997 manu
1500 2935 1779 3011 temptari
1806 2935 2329 3012 suspicabamur=
2439 2937 2440 2942 ’

252 3019 316 3078 C.
345 3017 756 3086 Mevulanum,
798 3015 1106 3076 tribunum
1137 3014 1389 3076 militum
1418 3017 1704 3088 Antonii,
1751 3017 1958 3091 Capua
2005 3013 2338 3091 praecipi·
2439 3023 2440 3030 ’

250 3109 375 3162 tem
418 3098 625 3167 eiecit,
679 3096 986 3160 hominem
1026 3098 1332 3174 perditum
1382 3106 1446 3161 ct
1484 3115 1607 3160 non
1657 3100 1926 3161 obscure
1963 3099 2234 3176 Ρίειιιιιῑὶι
2272 3104 2372 3168 et„

253 3184 312 3246 in
344 3184 481 3244 aliis
526 3180 656 3257 agri
687 3181 896 3243 Gallici
936 3182 1215 3258 partibus
1253 3182 1317 3243 iu
1358 3183 1460 3244 illa
1492 3183 1916 3245 coniuratione
1961 3192 2340 3245 versatum:
2439 3199 2440 3202 ¹

252 3268 540 3343 idemque
566 3268 629 3327 C.
653 3266 1033 3340 Marcellum,
1055 3283 1242 3342 quum
1264 3266 1320 3328 is
1343 3282 1466 3330 non
1486 3269 1756 3344 Capuam
1779 3269 1978 3329 solum
2005 3267 2343 3338 venisset,

257 3368 468 3412 verum
500 3349 682 3411 etiam
713 3366 787 3412 se
809 3352 987 3425 quasi
1013 3367 1320 3413 armorum
1343 3350 1549 3413 studio
1580 3351 1644 3412 in
1672 3351 1997 3440 maximam
2020 3351 2350 3412 familiam

260 3435 653 3505 coniecisset,
699 3433 1226 3496 exterminandum
1271 3450 1350 3496 ex
1387 3433 1493 3497 illa
1535 3436 1688 3497 urbe
1720 3434 1975 3497 curavit.
2065 3437 2215 3512 Qua
2253 3436 2351 3495 de

274 3743 441 3750 ψ
456 3749 461 3750 ⁷
