2514 3928
167 273 237 327 ⁵1
840 268 1230 330 CAP.1-—2.
1276 275 1571 335 §.l-5.
2125 272 2251 335 349

1912 379 1925 410 Ι

167 418 230 481 2.
263 418 448 495 Quae
493 425 594 479 est
627 414 812 493 igitur
851 417 1234 494 exspectatio
1274 427 1381 481 aut
1402 436 1579 495 ¹quae
1631 421 1727 480 vel
1771 418 1997 481 minimi
2039 418 2248 483 dilatio

166 500 513 578 temporis?
542 501 918 577 Quamquam
941 500 1101 562 enim
1128 502 1681 564 adsuntKalendae
1691 502 2023 573 Ianuariae,
2048 513 2248 566 tamen

167 585 364 646 breve
408 591 649 660 tempus
691 585 940 659 longum
979 594 1078 647 est
1118 585 1451 661 imparatis.
1523 585 1670 647 Dies
1713 587 1872 647 enim
1913 588 2112 649 adfert
2152 591 2251 649 vel

165 668 327 730 hora
347 667 590 743 potius,
622 666 741 728 nisi
771 668 1088 744 provisum
1114 676 1239 736 est,
1272 686 1526 745 magnas
1554 685 1742 744 saepe
1765 671 2004 729 clades:
2048 680 2250 734 certus

166 759 375 814 autem
419 751 552 813 dies
595 767 716 812 non
760 759 831 813 ut
858 749 1200 821 sacrificiiS,
1231 750 1324 809 sic
1356 751 1631 812 consiliis
1678 752 2026 827 exspectari
2072 756 2250 817 solet.

168 835 351 910 Quod
385 835 439 895 si
470 843 573 895 aut
590 834 1249 897 Kalendaelanuariae
1279 834 1542 896 fuissent
1570 850 1646 894 eo
1678 834 1777 897 die
1796 880 1811 909 ,
1845 852 1966 910 quo
1991 837 2248 911 primum

164 936 250 980 ex
280 918 431 980 urbe
461 918 614 994 fugit
641 917 978 993 Antonius,
1007 927 1112 981 aut
1141 934 1255 980 eae
1286 936 1409 980 non
1445 927 1656 981 essent
1669 926 2092 994 exspectatae,
2124 920 2250 981 bel·

163 1003 289 1063 lum
335 1003 453 1062 iam
495 1003 726 1063 nullum
756 1004 1143 1066 haberemus.
1217 1002 1600 1064 Auctoritate
1622 1001 1788 1063 ⁴enim
1822 1003 2075 1063 senatus
2107 1020 2252 1065 con-

163 1102 488 1162 sensuque
520 1085 736 1162 populi
764 1085 1234 1148 Romani.facile
1263 1085 1525 1147 hominis
1548 1084 1817 1148 ,amentis
1848 1085 2250 1162 fregissemus

164 1169 512 1231 audaciam.
558 1169 738 1243 Quod
763 1171 1009 1231 confido
1034 1167 1319 1245 equidem
1348 1171 1637 1231 consules
1660 1168 2036 1246 designatoS‚
2070 1170 2250 1233 simul

163 1261 237 1313 ut
276 1251 695 1328 magistratum
731 1251 1008 1326 inierint,
1063 1267 1206 1312 esse
1248 1253 1538 1313 facturos.
1626 1252 1781 1314 Sunt
1818 1252 1978 1313 enim
2019 1254 2248 1330 optimo

163 1333 405 1409 animo,
464 1350 705 1396 summo
749 1334 1040 1407 consilio,
1095 1334 1391 1410 singulari
1430 1335 1781 1396 concordia.
1865 1337 2006 1395 Mea
2046 1345 2249 1400 autem

164 1416 480 1480 festinatio
517 1434 640 1480 non
673 1418 966 1481 victoriae
987 1420 1190 1479 solum
1212 1416 1393 1478 avida
1418 1427 1531 1489 est,
1566 1419 1688 1478 sed·
1700 1416 1883 1478 etiam
1904 1418 2229 1480 celeritatis

288 1500 350 1564 3.
394 1501 531 1576 Quo
549 1502 721 1563 enim
750 1518 950 1578 usque
979 1509 1210 1563 tantum
1239 1501 1496 1572 beltnm,
1534 1509 1655 1562 tam
1676 1502 1965 1574 crudele„
1996 1508 2115 1562 tam
2147 1518 2250 1563 ne-

167 1585 387 1647 farium
434 1585 685 1662 privatis
735 1584 1009 1647 consiliis
1061 1584 1560 1661 propulsabitur?
1584 1599 1869 1644 -cur1non
1916 1601 2096 1660 quam
2116 1584 2249 1660 pri-

170 1686 335 1733 mum
382 1670 631 1745 publica
672 1669 914 1732 accedit
938 1668 1320 1730 auctoritas?
1390 1669 1460 1727 ΙΙ.
1506 1668 1570 1729 C.
1605 1668 1833 1728 Caesar
1859 1667 2245 1740 adolescens.

168 1769 367 1829 paene
397 1753 602 1829 potius
628 1769 813 1829 puer,
843 1752 1184 1814 incredibili
1213 1768 1291 1812 ac
1324 1752 1532 1812 divina
1554 1752 1820 1827 quadam
1839 1759 2043 1812 mente
2065 1759 2250 1827 atque

166 1838 388 1901 virtute
406 1882 421 1910 ,
458 1843 634 1912 [tum]
660 1854 846 1914 quum
878 1836 1148 1898 maxime
1178 1836 1351 1898 furor
1378 1835 1625 1897 arderet
1652 1834 1903 1898 Antonii
1939 1851 2252 1911 quumque

165 1920 303 1983 eius
349 1937 389 1981 a
415 1920 745 1984 Brundisio
790 1918 1059 1982 crudelis
1101 1927 1163 1982 et
1201 1918 1458 1996 pestifer
1485 1919 1720 1982 reditus
1738 1919 2087 1993 timeretur,
2135 1934 2250 1981 neo

169 2004 627 2079 postulantibus
653 2020 771 2066 nee
797 2004 1239 2080 cogitantibus,
1274 2021 1351 2064 ne
1382 2003 1735 2081 optantibus
1762 2003 2017 2078 quidem
2049 2002 2239 2079 nobis,

171 2089 323 2163 quia
363 2104 488 2150 non
539 2103 729 2163 posse
767 2088 905 2152 fieri
941 2088 1296 2162 videbatur„
1341 2086 1756 2150 firmissimum
1799 2086 2134 2149 exercitum
2170 2103 2249 2146 ex

166 2170 399 2232 invicto
441 2187 667 2248 genere
709 2179 1139 2234 veteranorum
1167 2171 1435 2233 'militum
1480 2170 1861 2248 comparavit
1903 2169 2249 2245 patrimoni-

166 2261 401 2331 umque
441 2272 620 2319 suum
649 2254 909 2321 effudw
966 2272 1338 2332 quamquam
1379 2273 1503 2317 non
1538 2272 1682 2318 sum
1725 2271 1879 2316 usus
1924 2271 2010 2315 eo
2059 2252 2248 2316 verbo

170 2355 296 2416 quo
340 2338 558 2401 debui=
603 2355 726 2402 non
767 2338 934 2401 enim
965 2338 1219 2403 <effudit=
1267 2339 1325 2400 in
1373 2339 1463 2400 rei
1507 2340 1789 2416 publicae
1831 2338 2030 2400 salute
2062 2338 2248 2399 collo-

168 2421 351 2485 cavit.
434 2422 496 2487 4.
553 2422 664 2485 Cui
719 2439 1093 2500 quamquam
1126 2428 1336 2499 :gratia
1388 2422 1603 2487 referri
1653 2431 1818 2487 tanta
1869 2439 1993 2482 non
2046 2430 2250 2497 potest

169 2514 399 2584 quanta
426 2507 722 2583 debetur„
733 2505 1017 2573 habenda
1038 2516 1247 2570 tamen
1278 2515 1376 2570 est
1396 2516 1579 2581 tanta,
1615 2515 1901 2584 quantam
1925 2505 2247 2567 maximam

170 2590 359 2653 animi
411 2592 607 2653 nostri
663 2607 887 2668 capere
919 2600 1216 2668 possunt.
1300 2589 1452 2666 ,Quis
1496 2590 1659 2652 enim
1701 2597 1796 2653 est
1821 2598 1955 2651 ,tam
1998 2587 2248 2663 ignarus

168 2691 400 2748 rerum,
435 2684 569 2737 ,tam
611 2675 761 2737 nihil
800 2676 879 2741 de
919 2692 987 2737 re
1035 2675 1282 2752 publica
1328 2674 1604 2751 cogitans
1638 2672 1742 2750 qui
1772 2674 1890 2735 hoc
1920 2688 2044 2732 non
2077 2672 2246 2733 intel-

167 2758 344 2836 ligat,
380 2756 440 2821 si
478 2760 561 2820 Μ.
591 2758 907 2825 ,Antonius
948 2776 988 2821 a
1027 2757 1357 2822 Brundisio
1399 2776 1537 2822 cum
1566 2758 1658 2820 :iis
1699 2757 1928 2833 copiis,
1978 2772 2136 2831 quas
2178 2772 2249 2817 sc

167 2842 509 2906 habiturum
537 2850 811 2919 putarat.
837 2844 1137 2918 Romam,
1179 2853 1248 2905 ut
1272 2842 1642 2917 minabatur,
1686 2841 1897 2905 venire
1924 2839 2247 2917 potuisset,

171 2927 400 2987 nullum
430 2942 627 3002 genus
656 2944 795 2989 eum
828 2927 1199 2993 crudelitatis
1230 2924 1697 3003 praeteriturum
1726 2924 1968 2988 fuisse?
2016 2922 2247 3002 quippe

171 3010 274 3086 qui
315 3010 373 3069 in
405 3008 671 3087 hospitis
706 3011 879 3072 tectis
907 3010 1219 3073 Brundisii
1249 3010 1617 3074 fortissimos
1650 3011 1820 3072 viros
1856 3009 2247 3086 optimosque

171 3094 339 3155 cives
381 3093 642 3171 iugulari
684 3093 962 3158 iusserit=
1010 3111 1272 3170 quorum
1304 3102 1445 3157 ante
1477 3096 1670 3171 pedes
1700 3093 1833 3157 eius
1862 3092 2246 3156 morientium

171 3176 467 3253 sanguine
508 3195 582 3240 os
610 3178 827 3240 uxoris
855 3195 1384 3255 respersum-esse
1412 3180 1751 3259 constabat.
1806 3178 1947 3239 :Hac
1976 3176 2078 3238 ille
2111 3194 2244 3238 cru-

169 3259 412 3323 delitate
441 3261 740 3337 imbutus„
778 3279 966 3339 quum
993 3264 1182 3324 multo
1205 3262 1401 3327 nobis
1436 3260 1721 3327 omnibus
1754 3262 1991 3323 veniret
2017 3260 2243 3332 iratior,

173 3360 353 3420 quam
393 3345 513 3407 illis
555 3346 778 3420 fuerat,
823 3363 983 3422 quos
1025 3345 1386 3421 trucidarat,
1429 3346 1528 3407 cui
1570 3347 1814 3408 tandem
1838 3352 2115 3407 nostrum
2144 3350 2245 3401 aut

174 3427 270 3489 cui
312 3431 557 3491 omnino
597 3429 763 3491 bono
807 3429 1236 3506 pepercisset?
1308 3426 1382 3492 5.
1426 3429 1556 3504 Qua
1602 3436 1779 3504 peste
1828 3425 2066 3502 privato
2100 3441 2244 3485 con-

173 3509 310 3574 silio
349 3528 476 3573 rem
519 3512 828 3589 publicam
856 3546 943 3559 --
970 3530 1174 3590 neque
1204 3512 1369 3573 enim
1397 3513 1529 3573 fieri
1558 3510 1755 3586 potuit
1783 3508 1956 3567 aliter
1982 3539 2068 3549 —
2097 3505 2242 3564 Cae-
