2514 3928
0 256 82 316 93
611 246 1071 327 CAP.-18·--26.
1114 252 1168 308 ς.
1196 253 1264 307 45
1287 280 1351 290 -
1376 256 1463 306 50.
1957 246 2076 311 191

0 402 160 479 quid
191 397 656 474 tergiversaris?
692 394 887 458 Etiam
915 403 1102 473 atque
1125 398 1303 458 etiam
1337 398 1495 466 insto
1529 405 1712 474 atque
1740 413 1952 474 urgeo,
1991 399 2077 459 in·

0 492 244 553 sector,
298 496 492 557 posco
535 488 720 554 atque
758 480 918 540 adeo
948 478 1156 554 flagito
1205 482 1462 542 crimen:
1496 497 1945 557 quamcumque
1976 476 2079 545 tri·

0 571 171 637 bum,
200 565 472 638 inquam,
502 562 822 638 delegeriS,
861 579 1041 638 quam
1081 564 1280 625 tulerit
1307 564 1621 637 PlanciuS,
1658 575 1720 627 tu
1753 567 2077 641 ostendite,

0 652 64 712 si
112 650 369 725 poteris,
416 648 658 708 vitium:
731 662 848 722 ego
880 663 1003 721 qua
1033 648 1269 708 ratione
1317 649 1514 709 tulerit
1540 649 1798 710 docebo.
1867 651 2081 725 Neque

0 733 124 795 erit
153 733 304 793 haec
333 731 450 793 alia
479 730 630 793 ratio
665 729 909 791 Plancio
940 745 1014 790 ac
1044 731 1168 804 tibi,
1197 731 1566 792 Laterensis.
1638 732 1788 791 Nam
1825 741 1890 794 ut
1922 750 2079 807 quas

2 817 201 878 nribus
234 824 298 876 tu
324 813 525 887 tulisti,
556 814 608 874 si
626 813 758 874 »iam
789 830 868 874 ex
899 823 965 879 te,
984 815 1308 890 requiram,
1338 817 1547 890 possis
1582 831 1842 890 quorum
1879 816 2080 877 studio

2 900 216 964 tuleris
245 899 572 974 explicare,
608 898 699 958 sic
728 914 844 974 ego
877 897 996 959 hoc
1030 901 1356 973 contend0,
1387 916 1484 959 me
1519 899 1622 960 tibi
1646 898 1767 973 ipsi
1789 898 2079 960 adversa-

0 984 96 1046 rio
128 983 571 1057 cuiuscumque
604 980 795 1042 tribus
826 981 1121 1042 rationem
1154 983 1524 1058 poposceris
1558 982 1956 1044 redditurum.

129 1067 257 1127 XX.
306 1064 408 1126 49.
452 1065 578 1125 Sed
620 1080 728 1124 cur
757 1064 847 1124 sic
877 1072 1039 1138 ago?
1080 1067 1260 1140 quasi
1299 1081 1420 1126 non
1453 1067 1715 1129 comitiis
1744 1067 1863 1127 iam
1892 1083 2081 1142 supe·

1 1151 269 1214 rioribus
294 1149 373 1210 sit
392 1147 676 1207 Plancius
693 1146 1051 1220 designatus
1078 1148 1327 1210 aedi-lim
1361 1165 1523 1224 quae
1557 1149 1802 1210 comitia
1825 1150 2080 1226 primum

2 1230 469 1304 habere‘coepit
501 1229 723 1288 consul
750 1246 938 1302 quum
967 1229 1248 1290 omnibus
1293 1231 1354 1289 in
1395 1233 1579 1292 rebus
1610 1249 1845 1292 summa
1872 1243 2082 1296 aucto·

4 1317 183 1377 ritate
210 1323 337 1374 tum
368 1313 583 1371 harum
616 1312 885 1386 ipsarum
915 1312 1118 1384 legum
1146 1311 1411 1372 ambitus
1437 1322 1679 1374 auctor=
1719 1315 1945 1376 deinde
1975 1317 2079 1375 ha-

5 1402 155 1462 bere
184 1394 390 1471 coepit
425 1393 626 1455 subito
662 1400 901 1466 praeter
929 1393 1281 1467 opinionem
1311 1393 1609 1468 omnium,
1637 1404 1703 1457 ut
1729 1413 1807 1457 ne
1836 1397 1891 1457 si
1919 1398 2081 1472 cogi·

4 1489 200 1544 tasset
232 1478 479 1555 quidem
517 1475 724 1552 largiri
754 1475 1076 1552 quispiam,
1111 1477 1358 1538 daretur
1386 1476 1649 1552 spatium
1669 1481 2075 1554 comparandi

10 1567 296 1624 vocatae
315 1562 528 1633 tribus,
550 1563 740 1621 latum
763 1559 1154 1634 suffragium,
1190 1559 1471 1620 diribitae
1496 1563 1822 1634 [tabellae],
1854 1577 2073 1621 renun-

8 1647 224 1708 tiatae:
267 1647 455 1722 longe
477 1643 805 1721 plurimum
833 1644 1022 1704 valuit
1043 1642 1359 1704 Plancius:
1404 1645 1568 1704 nulla
1592 1643 1932 1718 largitionis
1958 1659 2073 1703 nec

7 1731 121 1792 ruit
146 1745 257 1790 nec
281 1745 425 1791 esse
444 1729 643 1805 potuit
665 1727 948 1803 suspitio.
994 1725 1112 1787 Ain
1136 1727 1424 1787 tandem?
1453 1743 1576 1788 una
1600 1727 1875 1788 centuria
1895 1744 2071 1802 prae·

5 1814 285 1890 rogativa
319 1820 551 1874 tantum
588 1812 774 1871 habet
805 1809 1218 1880 auctoritatiS‚
1256 1819 1323 1871 ut
1358 1826 1539 1871 nemo
1573 1825 1863 1885 umquam
1901 1810 2071 1887 prior

7 1913 145 1957 eam
177 1897 385 1957 tulerit
413 1896 559 1972 quin
593 1895 977 1956 renuntiatus
1007 1895 1084 1954 sit
1113 1900 1220 1957 aut
1249 1893 1323 1955 iis
1354 1894 1506 1970 ipsis
1548 1894 1809 1956 comitiis
1849 1899 2066 1956 consul

6 1988 112 2040 aut
143 1988 311 2042 certe
340 1980 400 2039 in
439 1981 608 2040 illum
634 1994 892 2038 annum:
933 1978 1194 2038 aedilem
1226 1987 1291 2039 tu
1320 1978 1631 2040 Plancium
1662 1981 1890 2040 sactum
1924 1994 2066 2038 esse

8 2063 265 2134 mirariS,
291 2064 351 2122 in
369 2078 491 2136 quo
509 2061 1025 2136 nonexiguapars
1046 2062 1281 2136 populi,
1306 2063 1419 2122 sed
1444 2062 1770 2123 universus
1797 2064 2065 2136 populus

5 2148 378 2207 voluntatem
413 2161 589 2205 suam
629 2144 990 2206 declararit?
1029 2146 1204 2208 cuius
1244 2144 1306 2205 in
1346 2146 1580 2209 honore
1614 2165 1736 2210 non
1767 2148 1946 2210 unius
1983 2148 2078 2209 tri·

3 2230 121 2290 bus
154 2244 331 2305 pare,
365 2229 478 2290 sed
505 2225 749 2289 comitia
783 2236 905 2289 tota
932 2228 1194 2290 comitiis
1224 2228 1446 2291 fuerint
1475 2234 1941 2307 praerogatian
1972 2230 2075 2293 50.

5 2312 134 2387 Quo
167 2312 416 2388 quidem
453 2318 756 2385 tempore,
783 2310 1161 2385 LaterensiS,
1206 2312 1260 2372 si
1299 2312 1361 2372 id
1407 2314 1609 2375 facere
1635 2317 1942 2377 voluisses
1973 2324 2078 2376 aut

3 2398 55 2458 si
95 2395 411 2472 gravitatis
450 2411 595 2457 esse
635 2402 926 2471 putasses
974 2403 1142 2470 tuae,
1191 2397 1363 2472 quod
1406 2398 1575 2459 multi
1613 2398 1850 2459 nobiles
1888 2414 2081 2475 saepe

4 2482 307 2553 fecerunt,
356 2486 447 2550 ut,
484 2496 670 2555 quum
699 2478 900 2540 minus
933 2479 1274 2540 valuissent
1314 2479 1623 2555 suffragiis
1660 2489 1848 2557 quam
1870 2490 2078 2557 putas-

1 2572 154 2636 sent,
190 2571 405 2638 postea
438 2560 691 2638 prolatis
721 2560 984 2623 comitiis
1014 2568 1474 2637 prosternerent
1503 2580 1572 2623 se
1605 2573 1667 2625 et
1692 2565 1925 2639 populo
1955 2565 2078 2624 Ro·

3 2662 180 2707 mano
239 2648 429 2708 fracto
472 2646 675 2707 animo
715 2652 902 2721 atque
943 2643 1152 2706 humili
1197 2644 1643 2719 supplicarent,
1699 2663 1826 2706 non
1867 2644 2077 2708 dubito

0 2730 148 2806 quin
194 2728 392 2791 omnis
437 2732 516 2790 ad
562 2737 623 2791 te
659 2745 1036 2791 conversura
1085 2726 1265 2789 fuerit
1303 2726 1642 2789 multitudo.
1737 2730 2079 2806 Numquam

0 2812 162 2875 enim
193 2814 323 2874 rere
350 2813 654 2887 nobilitaS,
687 2812 919 2888 integra
950 2812 1307 2888 praesertim
1334 2819 1521 2885 atque
1544 2810 1859 2886 innocens,
1897 2829 1936 2873 a
1965 2829 2076 2889 po·

3 2899 145 2972 pulo
178 2899 457 2959 Romano
504 2900 785 2974 supplex
809 2895 1131 2972 repudiata
1172 2908 1286 2958 est.
1389 2894 1514 2955 Sed
1556 2894 1609 2955 si
1657 2896 1762 2955 tibi
1801 2895 2076 2972 gravitas

0 2990 102 3043 tua
129 2990 190 3043 et
215 2981 570 3057 magnitudo
599 2979 784 3040 animi
815 2980 1007 3055 pluris
1039 2980 1177 3051 fuit,
1223 2977 1404 3041 sicuti
1434 2995 1576 3039 esse
1600 2978 1837 3055 debuit,
1893 2997 2076 3057 quam

1 3063 312 3138 aedilitaS,
345 3066 501 3138 noli,
548 3081 734 3140 quum
776 3063 1007 3125 habeas
1037 3065 1129 3135 id,
1163 3064 1330 3136 quod
1365 3061 1684 3136 malueris,
1721 3063 2077 3125 desiderare

0 3146 81 3221 id,
114 3149 281 3223 quod
318 3147 572 3210 minoris
607 3146 860 3224 putaris.
901 3146 1200 3222 Equidem
1225 3147 1485 3223 primum
1506 3154 1572 3207 ut
1594 3147 1829 3208 honore
1853 3148 2075 3221 dignus

0 3246 204 3293 essem
246 3232 509 3292 maxime
566 3247 813 3307 semper
861 3230 1155 3302 laboravi,
1224 3231 1499 3291 secundo
1548 3239 1616 3291 ut
1667 3228 2072 3290 existimarer-e

0 3314 239 3378 tertium
271 3314 418 3375 mihi
453 3314 563 3376 fuit
588 3315 764 3385 illud,
812 3315 974 3390 quod
1019 3313 1332 3390 plerisque
1365 3314 1621 3389 primum
1651 3320 1771 3383 est,
1800 3310 1937 3383 ipse
1966 3312 2073 3368 ho-

0 3412 138 3464 nos,
172 3399 278 3475 qui
303 3397 380 3459 iis
396 3398 663 3476 denique
690 3398 873 3460 debet
893 3413 1038 3458 esse
1052 3397 1379 3471 iucunduS‚
1403 3411 1661 3470 quorum
1678 3390 1949 3465 dignitati
1963 3405 2070 3479 po·

0 3481 184 3558 pulus
205 3482 522 3546 Romanus
548 3480 973 3554 testimonium,
1003 3498 1126 3541 non
1154 3478 1518 3541 beneficium
1548 3471 1858 3534 ambitioni
1887 3466 2067 3526 dedit·
