2514 3928
399 286 523 350 318
702 287 780 345 ΙΝ
807 287 885 345 Μ.
913 285 1316 346 ANTONIUM
1345 284 1630 346 ORATIO
1660 284 2086 345 PHILIPPICA
2113 286 2185 343 11.
2428 296 2505 347 20

405 439 698 510 fatebare,
761 452 965 511 poena
1025 437 1332 498 adfectum
1385 436 1746 511 querebare.
1830 438 1949 508 lta,
2003 436 2170 511 quod
2228 438 2496 513 proprie

403 537 597 582 meum
630 529 755 595 est,
796 519 1089 584 laudasti=
1134 521 1301 594 quod
1343 528 1531 581 totum
1561 528 1658 580 est
1686 527 1965 591 senatuS,
2010 519 2494 595 reprehendisti.

404 605 550 666 Nam
579 603 1049 679 comprehensio
1081 603 1350 665 sontium
1379 620 1545 676 mea,
1576 602 2025 664 animadversio
2058 612 2320 665 senatus
2359 605 2492 666 ruit.

405 690 597 749 Homo
627 687 893 749 disertus
923 704 1045 747 non
1078 686 1353 762 intelligit
1373 702 1544 759 eum,
1576 703 1759 761 quem
1795 694 2005 747 contra
2035 686 2211 759 dicit,
2245 688 2493 748 laudari

402 791 438 834 a
475 789 575 833 se:
607 786 751 847 eos,
785 772 951 848 apud
985 788 1143 845 quos
1174 770 1348 842 dicit,
1388 769 1735 844 vituperari.
1825 769 1924 832 19.
1959 771 2083 830 lam
2117 769 2270 830 illud
2304 772 2491 832 cuius

403 864 525 931 est,
567 871 688 917 non
734 854 873 916 dico
915 855 1212 915 audaciae
1237 887 1326 898 --
1355 854 1525 928 cupit
1564 853 1721 912 enim
1752 868 1822 914 se
1850 853 2146 914 audacem
2179 888 2298 927 —-,
2352 856 2493 926 sed,

402 940 569 1016 quod
598 938 841 999 minime
886 939 1040 1010 vult,
1082 936 1400 1009 stultitiae,
1453 953 1576 1011 qua
1620 935 1805 996 vincit
1840 952 2081 1008 omnes,
2130 935 2277 997 clivi
2307 937 2487 1013 Capi-

319 1071 324 1076 .
403 1022 570 1085 tob‘ni
601 1021 967 1082 mentionem
995 1022 1229 1094 facere,
1265 1037 1451 1095 quum
1480 1020 1633 1081 inter
1661 1020 1955 1081 subsellia
1986 1028 2195 1081 nostra
2227 1037 2490 1082 versen-

403 1119 497 1168 tur
522 1105 775 1165 armati?
807 1121 992 1177 quum
1023 1103 1082 1164 in
1112 1103 1227 1164 hac
1257 1104 1415 1164 cella
1438 1103 1849 1177 Concordiae,
1881 1103 1943 1164 di
1976 1103 2398 1165 immortales!
2430 1105 2488 1165 in

401 1205 522 1265 qua
551 1205 649 1248 me
678 1189 934 1249 consule
982 1189 1283 1249 salutares
1322 1187 1659 1248 sententiae
1690 1186 1891 1248 dictae
1920 1195 2085 1257 sunt,
2130 1187 2367 1263 quibus
2411 1189 2489 1249 ad

403 1274 557 1333 hanc
599 1270 758 1333 diem
807 1271 1098 1344 viximuS,
1154 1287 1294 1331 cum
1340 1269 1560 1346 gladiis
1614 1270 1894 1332 homines
1947 1271 2232 1333 collocati
2278 1279 2491 1334 stent?

403 1361 645 1419 Accusa
674 1364 983 1420 senatum=
1026 1371 1255 1415 accusa
1295 1363 1641 1430 equestrem
1677 1354 1985 1427 ordinem,
2036 1354 2139 1429 qui
2180 1364 2314 1415 tum
2346 1372 2490 1417 cum

403 1449 619 1503 senatu
650 1441 975 1516 copulatus
1011 1440 1148 1501 luite
1195 1453 1426 1499 accusa
1463 1455 1679 1499 omnes
1713 1438 1993 1512 ordineS,
2034 1454 2251 1499 omnes
2289 1439 2490 1513 eives,

398 1525 541 1583 dum
567 1523 912 1584 confiteare
925 1523 1090 1585 hunc
1108 1523 1385 1585 ordinem
1399 1523 1521 1584 hoc
1542 1521 1681 1599 ipso
1698 1532 1980 1599 tempore
1992 1523 2069 1583 ab
2085 1523 2358 1585 Ituraeis
2377 1526 2486 1585 cir·

399 1607 771 1669 cumsederi.
813 1609 981 1669 Haec
1004 1618 1213 1669 tunon
1238 1606 1830 1684 propteraudaciam
1844 1604 2488 1683 dicistamimpuden·

401 1702 513 1762 ter,
540 1693 652 1752 sed
681 1691 847 1766 quia,
883 1709 1071 1767 quum
1094 1700 1325 1753 tantam
1354 1708 1559 1753 rerum
1584 1691 2053 1768 repugnantiam
2082 1706 2209 1752 non
2241 1689 2478 1761 videas

397 1777 540 1837 nihil
586 1775 862 1848 profecto
896 1772 1086 1849 sapis.
1144 1772 1301 1846 Quid
1338 1781 1434 1834 est
1455 1770 1614 1832 enim
1648 1772 1993 1833 dementius
2024 1789 2242 1847 quam,
2287 1790 2479 1848 quum

398 1857 486 1917 rei
533 1855 812 1931 publicae
858 1855 1206 1931 perniciosa
1252 1872 1421 1916 arma
1481 1854 1617 1931 ipse
1657 1856 1928 1931 ceperis,
1988 1855 2260 1917 obiicere
2302 1857 2478 1919 alteri

398 1939 728 2000 salutaria?
810 1938 911 2003 20.
958 1942 1040 2001 At
1079 1939 1256 2001 etiam
1297 1940 1565 2016 quodam
1593 1940 1731 2002 loco
1764 1941 1997 2003 facetus
2026 1956 2171 2002 esse
2200 1940 2478 2003 voluisti.

399 2022 589 2099 Quam
613 2024 674 2084 id
700 2033 786 2096 te,
824 2023 885 2084 di
907 2024 1083 2095 boni,
1120 2042 1240 2085 non
1279 2024 1566 2086 decebat!
1608 2024 1676 2083 In
1714 2041 1837 2100 quo
1868 2032 1963 2086 est
1994 2032 2096 2084 tua
2124 2025 2315 2100 culpa
2355 2042 2476 2086 non

404 2109 581 2170 nulla.
663 2107 914 2182 Aliquid
968 2110 1127 2168 enim
1167 2106 1316 2169 salis
1359 2124 1396 2167 a
1435 2108 1618 2168 mima
1666 2124 1860 2171 uxore
1903 2108 2139 2169 trahere
2198 2108 2476 2183 potuisti.

398 2204 627 2251 cunm
651 2206 826 2251 Anna
847 2207 1064 2252 rocas.
1120 2191 1320 2265 Quid?
1348 2200 1471 2251 tum
1502 2207 1704 2253 nonne
1736 2198 2100 2254 cesserunt?
2147 2193 2229 2252 At
2255 2200 2477 2266 postea

401 2274 518 2335 tuis
554 2275 738 2334 armis
769 2275 959 2336 cessit
987 2282 1143 2349 toga.
1198 2273 1575 2348 Quaeramus
1602 2274 1784 2350 igitur
1812 2284 2010 2337 utrum
2039 2274 2258 2336 melius
2296 2274 2478 2336 fuerit

402 2356 656 2417 libertati
690 2357 903 2432 populi
935 2357 1194 2419 Romani
1225 2360 1659 2423 sceleratorum
1690 2376 1858 2420 arma
1886 2376 1965 2419 an
1994 2357 2332 2419 libertatem
2367 2376 2474 2419 no·

400 2448 584 2501 stram
626 2439 811 2501 armis
847 2439 966 2502 tuis
1009 2442 1248 2502 cedere.
1335 2443 1461 2504 Nec
1504 2459 1651 2503 vero
1692 2442 1799 2504 tibi
1841 2443 1919 2503 de
1965 2441 2250 2503 versibus
2295 2444 2478 2517 plura

399 2524 823 2599 respondeboz
867 2532 1094 2586 tantum
1138 2526 1336 2586 dicam
1375 2525 1672 2599 breviter,
1738 2535 1796 2588 te
1839 2542 2041 2601 neque
2079 2525 2218 2586 illos
2267 2542 2476 2601 neque

401 2608 554 2669 ullas
588 2608 835 2669 omnino
869 2609 1099 2671 litteras
1130 2625 1351 2670 nosse:
1390 2626 1488 2670 me
1530 2626 1645 2670 nec
1672 2609 1762 2671 rei
1791 2610 2072 2685 publicae
2105 2626 2220 2670 nec
2256 2609 2475 2671 amicis

400 2709 685 2768 umquam
737 2692 1045 2773 defuisse,
1099 2701 1161 2755 et
1212 2701 1413 2757 tamen
1469 2693 1631 2753 omni
1672 2709 1897 2768 genere
1940 2700 2476 2754 monumentorum

401 2794 670 2838 meorum
704 2776 1282 2853 perfecissetoperis
1298 2775 1688 2850 subsecivisJ,
1703 2786 1773 2839 ut
1789 2792 1961 2838 meae
1990 2775 2233 2852 vigiliae
2269 2791 2473 2836 meae·

400 2877 518 2935 que
555 2859 788 2923 litterae
823 2870 885 2923 et
923 2860 1214 2922 iuventuti
1260 2858 1529 2920 utilitatis
1573 2869 1633 2919 et
1679 2858 1909 2921 nomini
1948 2862 2226 2921 Romano
2265 2857 2474 2921 laudis

400 2944 629 3017 aliquid
662 2945 988 3007 adferrent.
1051 2943 1177 3005 Sed
1205 2943 1359 3004 haec
1389 2959 1510 3003 non
1541 2942 1723 3003 huius
1754 2944 2076 3020 tempor-ise
2111 2941 2347 3029 maiora
2386 2941 2471 3001 vi-

398 3026 671 3086 deamuS.

522 3110 619 3169 IX.
662 3109 761 3171 21.
788 3111 851 3169 P.
884 3110 1157 3172 Clodium
1188 3127 1326 3171 meo
1358 3107 1616 3172 consilio
1645 3108 2026 3172 interfectum
2059 3126 2206 3171 esse
2236 3106 2478 3170 dixisti.

398 3188 693 3264 Quidnam
737 3192 1016 3253 homines
1058 3202 1367 3268 putarent,
1412 3192 1465 3254 si
1507 3202 1629 3254 tum
1668 3193 1916 3255 occisus
1944 3202 2142 3266 esset,
2187 3200 2477 3269 quumtu

397 3275 562 3333 illurn
591 3274 653 3334 in
685 3275 817 3337 soro
851 3274 1231 3348 inspectante
1264 3279 1492 3353 populo
1506 3277 1788 3338 Romano
1803 3277 2012 3354 gladio
2024 3277 2290 3354 [stricto]
2309 3275 2477 3337 inse-

396 3365 574 3417 cutus
607 3374 676 3419 es
716 3357 1157 3432 negotiumque
1185 3360 1627 3436 transegisseS‚
1662 3360 1782 3425 nisi
1808 3377 1880 3421 se
1913 3359 2016 3422 ille
2046 3361 2105 3421 in
2133 3363 2342 3421 scalas
2384 3370 2456 3422 ta

396 3440 622 3501 berriae
662 3440 942 3501 librariae
982 3442 1352 3504 coniecisset
1392 3443 1593 3521 iisque
1634 3443 1922 3520 oppilatis
1965 3443 2258 3521 impetum
2302 3452 2476 3506 tuum

396 3523 915 3600 compressisset?
983 3524 1160 3601 Quod
1211 3527 1457 3602 quidem
1502 3544 1619 3605 ego
1676 3526 1906 3590 favisse
1956 3543 2053 3589 me
2103 3527 2212 3590 tibi
2251 3527 2475 3598 tamor,
