2514 3928
133 169 234 206 vm
806 155 1189 208 PROOEMIUM
1223 155 1549 215 EDITORIS.

128 293 317 344 militer
363 310 428 345 ex
478 306 620 360 parte
673 295 801 350 dixit
852 294 987 345 idem
1020 293 1238 359 projM.
1276 293 1474 346 Scauro
1509 296 1555 356 5.
1595 295 1682 349 22.
1730 295 1907 360 quibus
1952 294 2105 347 rebus
2137 312 2231 350 ea·-

126 366 328 427 plicatia
363 372 461 414 tum
495 364 706 429 denique¹
741 364 815 414 ad
844 364 936 423 hoc
966 363 1205 415 horribile
1239 371 1292 414 et
1318 364 1693 427 formidolosum
1714 364 2098 428 firmentur-itan
2128 371 2232 420 cri·

125 450 233 484 men
269 434 520 485 accedam.
578 432 680 483 Sed
716 433 779 484 de
812 434 1015 493 dicendi
1053 448 1239 500 genere
1268 442 1406 484 recte
1439 436 1540 484 iam
1570 433 1883 484 existimavit
1913 433 1969 484 G.
2001 435 2232 487 Halmius

128 511 177 553 et
213 503 281 553 ad
312 501 365 554 h.
406 502 443 556 Ι.
477 511 527 554 et
562 504 628 553 ad
664 503 960 564 orationem,
999 518 1130 566 quae
1167 510 1244 552 est
1283 519 1384 566 pro
1419 503 1483 555 P.
1521 501 1683 562 Sulla,
1719 517 1773 568 p.
1817 503 1901 555 73.
1978 502 2102 571 Cap.
2139 503 2228 558 30.

124 573 175 634 S.
205 571 276 623 66
309 571 538 631 obtinui,
577 573 712 635 quod
753 573 850 622 iam
884 573 935 621 in
973 568 1237 637 superiore
1279 571 1500 623 editione
1536 586 1830 638 receperam
1852 610 1867 634 ‚
1904 571 2021 624 orbi
2053 581 2231 626 terrae

124 656 216 706 pro
251 640 390 692 orbis
429 649 604 693 terrae
639 657 757 691 cum
805 640 936 690 libro
973 641 1132 692 Paris.
1171 642 1235 694 A.
1279 649 1328 692 et
1366 642 1515 695 Bern.
1548 641 1629 706 B.,
1668 656 1769 705 qua
1805 641 1870 692 de
1907 641 2070 692 forma
2111 644 2232 694 vide

126 726 257 773 quae
295 711 405 760 dixi
436 712 487 759 in
522 710 682 760 lahnii
720 711 907 761 Annal.
940 711 1114 774 philol.
1147 725 1257 761 nov.
1302 711 1403 764 vol.
1443 710 1609 765 XXII.
1646 725 1698 776 p.
1742 709 1841 763 135
1876 725 1990 774 sqq.
2052 712 2233 762 Paullo

126 787 243 845 post
266 781 445 830 verba:
485 795 615 846 quae
637 783 772 832 ratio
803 787 894 831 aut
913 781 1123 845 flandae
1154 786 1245 830 auc
1276 781 1573 846 conflandae
1605 781 1851 842 pecuniae
1881 796 1978 831 non
2006 784 2232 846 reperie-

125 849 296 914 batur,
336 850 491 899 etiam
515 864 649 899 nunc
675 851 873 915 integra
907 863 1021 898 esse
1045 849 1304 911 existimo,
1335 850 1398 900 de
1428 863 1642 914 quorum
1678 849 1948 901 verborum
1986 850 2230 917 interpre-

124 920 314 969 tatione
345 919 533 968 rectius
564 919 808 969 iudicavit
843 917 1224 985 Seyffertus
1260 918 1296 973 Ι.
1326 935 1371 970 c.
1404 935 1453 984 p.
1489 919 1575 970 62.
1619 934 1785 970 meam
1822 920 2069 970 rationem
2093 935 2232 971 com-

127 988 366 1052 probans,
393 1002 544 1050 quam
569 988 798 1039 Halmius
825 988 891 1039 ad
921 986 972 1037 h.
1003 989 1171 1053 ipsum
1197 987 1231 1039 Ι.
1276 987 1399 1054 Cap.
1426 986 1512 1045 31.
1552 988 1603 1049 5.
1631 988 1718 1040 67.
1755 1004 1857 1039 non
1885 991 2063 1054 probo,
2094 989 2233 1053 quod

122 1056 350 1106 Halmius
387 1056 575 1107 ediditt
611 1057 711 1107 Hic
738 1057 1027 1125 aliquando,
1058 1059 1227 1108 serius
1256 1073 1404 1122 quam
1433 1059 1543 1120 ipse
1567 1059 1726 1123 vellet,
1756 1059 1846 1110 Gn.
1878 1058 2143 1123 Pompeius
2160 1086 2225 1098 —

123 1128 372 1177 excitavit
404 1132 498 1176 ecc.
558 1125 686 1175 Nam
723 1118 851 1190 Quos
901 1124 986 1175 ille
1020 1125 1202 1175 attulit'
1226 1125 1401 1189 locos,
1450 1120 1961 1189 dissimillimiwsunh
1999 1129 2233 1180 eamdem

126 1204 295 1246 autem
339 1195 543 1245 dicendi
578 1196 852 1262 rationem,
894 1210 1047 1258 quam
1080 1210 1178 1259 ego
1214 1195 1407 1259 aliique
1444 1209 1558 1245 cum
1595 1197 1805 1263 optimis
1833 1197 1987 1261 ‚libris
2019 1207 2230 1263 antepo-

125 1266 350 1321 suimus:
390 1265 515 1331 Hic,
554 1267 811 1330 aliquanto
839 1267 1006 1317 aerius
1040 1267 1535 1331 qaam-ipse·vellee‚
1560 1265 1670 1317 ³Gn.
1699 1266 1965 1331 Pamffeius
1998 1294 2067 1304 —
2091 1267 2233 1317 exci-

122 1336 247 1385 tavit
280 1340 371 1384 etc.
414 1333 574 1384 habes
609 1328 763 1385 etiam
802 1335 936 1386 infra
979 1349 1092 1400 cap.
1131 1333 1216 1387 38.
1256 1336 1305 1397 5.
1342 1335 1430 1387 82.
1473 1335 1609 1401 quod
1638 1339 1687 1387 si
1703 1342 1706 1347 '
1729 1343 1865 1387 esset
1899 1336 2230 1402 patefactum,

120 1405 295 1467 paullo
325 1404 472 1455 &tius
507 1421 652 1470 quam
677 1407 865 1470 vellem,
904 1420 1002 1455 non
1037 1405 1114 1454 illi
1146 1404 1342 1470 quidem
1374 1412 1471 1454 ecc.
1514 1403 1637 1469 Cap.
1675 1403 1759 1456 32.
1796 1405 1849 1467 5.
1886 1404 1972 1456 69.
2014 1405 2231 1475 scrips15

123 1473 219 1523 Ex
258 1487 354 1539 quo
389 1474 690 1525 intellectum
727 1481 807 1525 est
844 1473 960 1522 mihi
992 1471 1191 1522 absenti
1223 1485 1321 1522 non
1359 1475 1575 1522 crevisse
1612 1474 1795 1522 amieos
1808 1508 1825 1536 ,
1862 1487 1954 1537 pro
1994 1473 2203 1537 vulgato

123 1557 223 1593 non
257 1541 375 1594 mihi
408 1544 609 1596 absenti
639 1545 860 1592 crevisse
894 1548 990 1591 etc.
1041 1539 1170 1588 Nam
1208 1554 1366 1602 quum
1402 1539 1657 1603 particula
1693 1541 1949 1604 negativa,
1989 1554 2121 1603 quae
2156 1545 2233 1593 vi.

126 1611 275 1664 detur
304 1614 592 1663 necessaria
627 1625 741 1660 esse
777 1608 844 1658 ad
878 1607 1012 1664 hunc
1044 1607 1231 1668 locum,
1266 1607 1318 1657 in
1350 1607 1492 1657 nullo
1522 1609 1656 1659 libro
1680 1609 1895 1676 legatur,
1931 1608 2079 1660 nobis
2108 1625 2233 1661 con-

126 1696 328 1732 cessum
377 1688 454 1730 est
505 1682 576 1729 ibi
620 1693 732 1728 eam
765 1691 1038 1741 reponere,
1091 1678 1177 1726 ubi
1215 1677 1408 1742 optime
1446 1676 1665 1728 orationi
1700 1680 1970 1730 convenire
2010 1679 2225 1734 videtur.

123 1747 253 1800 Nam
288 1763 390 1811 quo
426 1749 593 1797 minus
618 1746 901 1797 decrevisse
937 1747 1206 1796 scriberem
1241 1746 1558 1811 impediebar
1587 1748 1842 1798 constanti
1871 1748 2074 1799 dicendi
2108 1763 2231 1800 con-

123 1818 407 1868 suetudine.
461 1818 515 1867 ln
553 1816 665 1866 loco
695 1815 1019 1881 difficillimo,
1055 1817 1141 1880 qui
1171 1816 1360 1882 legitur
1390 1832 1505 1882 cap.
1534 1816 1619 1868 33.
1655 1818 1706 1879 5.
1739 1818 1846 1883 72.,
1876 1817 2064 1884 scripsi
2098 1833 2227 1882 egos

121 1887 276 1938 Alter
306 1899 452 1951 vera,
489 1901 587 1936 non
621 1887 706 1936 ille
741 1885 998 1937 Serranus
1034 1885 1099 1937 ab
1136 1893 1317 1937 aratro
1333 1922 1349 1947 ‚
1386 1887 1482 1937 sed
1511 1902 1583 1937 ex
1614 1886 1817 1938 deserto
1856 1887 2005 1938 Gavii
2030 1885 2231 1952 ofellae

121 1956 266 2009 horto
309 1956 492 2008 calatis
528 1955 702 2007 Gaviis
743 1955 796 2006 in
844 1955 1103 2009 Calatinos
1144 1956 1331 2008 Atilios
1364 1956 1543 2008 insitus
1577 1962 1695 2022 etc„
1730 1973 1830 2022 quo
1869 1956 1934 2007 de
1969 1958 2080 2008 loco
2112 1957 2231 2009 vide

2251 170 2288 197 Ο

123 2042 254 2091 quae
292 2033 493 2092 praeter
526 2025 839 2093 Madvigium
872 2034 923 2077 et
951 2026 1204 2077 Halmium
1237 2028 1621 2091 disputaverunt
1651 2026 1892 2077 Bakius
1924 2025 1961 2076 Ι.
1981 2042 2025 2080 o.
2056 2042 2109 2092 p.
2137 2025 2223 2079 90.
2292 2088 2299 2095 ,

125 2103 173 2146 et
213 2094 270 2147 Ο.
314 2096 401 2147 Fr.
437 2095 849 2145 Hermannus
885 2095 949 2146 de
985 2096 1098 2147 loco
1137 2095 1398 2147 Ciceronis
1436 2111 1530 2161 pro
1566 2095 1734 2146 Sestio
1769 2111 1882 2162 cap.
1918 2095 2003 2148 33.
2045 2096 2164 2146 inde
2198 2110 2230 2144 a

127 2179 177 2230 p.
216 2164 251 2216 6
283 2179 395 2227 sqq.
437 2164 541 2216 Sed
575 2166 735 2231 digna
773 2167 1250 2217 commemoratione
1281 2173 1359 2215 est
1395 2167 1549 2215 etiam
1585 2165 1673 2215 illa
1708 2166 1855 2226 ratio,
1896 2181 2050 2230 quam
2083 2165 2231 2215 inivit

124 2234 349 2285 Iustus
375 2234 644 2300 Ieepius
677 2234 712 2285 Ι.
743 2250 788 2285 c.
820 2249 870 2299 p.
902 2234 976 2301 6.,
1015 2250 1116 2299 qua
1140 2235 1469 2285 scribendum
1500 2250 1616 2285 esse
1646 2235 1991 2286 existimavite
2023 2234 2135 2287 Sed
2160 2250 2231 2285 σω

125 2303 327 2354 deserto
377 2303 534 2355 Gavio
580 2305 734 2354 olenti
777 2318 869 2354 ore
912 2320 948 2353 a
988 2306 1174 2355 calatis
1211 2305 1384 2357 Gaviis
1418 2305 1470 2354 in
1510 2304 1771 2355 Calatinos
1805 2304 1993 2355 Atilios
2009 2314 2013 2318 ⁴
2031 2306 2224 2369 ἰπείειιε,

123 2373 196 2421 iva
236 2380 433 2433 tamen,
484 2381 536 2423 ut
573 2374 728 2424 olenti
759 2387 852 2424 ore
886 2372 1006 2423 ‘illo
1042 2375 1515 2434 sensudiceretur,
1552 2389 1653 2437 quo
1688 2372 1925 2424 homines
1963 2375 2143 2424 rustici
2178 2381 2229 2423 et

122 2449 349 2507 agrestes
386 2445 554 2494 allium
583 2444 721 2493 olere
757 2442 1088 2494 dicerentur.’
1125 2442 1247 2509 Cap.
1278 2440 1363 2495 35.
1404 2445 1453 2505 5.
1483 2442 1568 2495 78.
1614 2450 1820 2493 secutus
1858 2457 1973 2492 sum
2013 2442 2067 2494 G.
2111 2442 2229 2492 Hal·

125 2512 302 2576 mium,
337 2512 425 2575 qui
455 2522 590 2564 recte
615 2511 741 2561 mihi
775 2512 972 2562 videtur
999 2513 1257 2578 recepisse
1292 2528 1356 2562 ex
1386 2513 1501 2563 cod.
1532 2514 1691 2563 Paris.
1728 2513 1798 2561 A:
1846 2514 2001 2563 Venit
2030 2512 2230 2563 tandem

122 2582 331 2634 concilio
377 2581 442 2633 de
487 2598 563 2633 me
598 2582 786 2646 agendi
823 2583 932 2633 dies
966 2587 1059 2633 etc.
1103 2581 1277 2632 adlato
1309 2580 1486 2631 Livii
1523 2581 1632 2632 loco
1671 2580 1761 2633 lib.
1804 2581 1890 2632 111.
1931 2596 1976 2631 c.
2018 2582 2104 2632 54.
2142 2581 2230 2631 Ea

123 2651 285 2701 omnia
318 2653 371 2702 in
397 2653 572 2715 pratis
606 2651 866 2703 Flaminiis
899 2652 1185 2703 concilio
1222 2650 1443 2716 plebis
1478 2657 1637 2701 acca.
1714 2649 1851 2700 Leve
1889 2658 1991 2707 est,
2026 2650 2117 2700 sed
2154 2661 2229 2700 ta·

123 2734 241 2770 men
288 2722 612 2773 adnotatione
649 2735 749 2771 non
781 2722 1083 2785 indignum,
1130 2721 1435 2787 praesertim
1483 2735 1639 2782 quum
1690 2721 1754 2770 de
1785 2718 1869 2768 his
1906 2719 2059 2769 rebus
2101 2720 2229 2769 satis

123 2791 374 2855 explicate
407 2793 695 2858 expositum
727 2790 951 2840 nondum
981 2791 1067 2848 sit,
1104 2789 1160 2841 C.
1190 2789 1448 2839 Halmium
1479 2803 1591 2853 cap.
1616 2788 1701 2841 35.
1738 2789 1787 2851 5.
1821 2789 1904 2840 77.
1945 2787 2118 2854 legere
2142 2804 2227 2839 re-

116 2857 331 2924 serem,
366 2876 522 2922 quum
561 2862 612 2909 in
648 2859 761 2910 cod.
804 2874 912 2924 reg.
953 2860 1112 2911 Paris.
1154 2860 1216 2909 A.
1259 2860 1327 2909 sit
1362 2859 1622 2922 resarciri,
1648 2868 1825 2910 contra
1857 2857 2230 2924 defatigatione

124 2942 233 2995 cap.
273 2929 357 2981 37.
401 2929 454 2991 5.
488 2927 595 2992 79.,
635 2930 724 2979 ubi
762 2928 896 2978 idem
931 2928 1044 2979 cod.
1086 2944 1203 2979 cum
1235 2928 1446 2992 reliquis
1482 2926 1630 2978 libris
1667 2943 1830 2994 paene
1862 2928 2098 2996 omnibus
2134 2928 2227 2978 ha-

124 2998 209 3047 bet
241 2998 617 3063 defetigatione.
671 2996 795 3061 Cap.
833 2995 919 3049 39.
959 2997 1010 3059 5.
1051 2996 1138 3049 84.
1180 2998 1319 3062 quod
1344 2998 1557 3063 scripsiz
1594 3013 1682 3049 vos
1715 2999 1856 3049 taciti
1886 2997 2227 3057 morabamini,

126 3074 206 3117 est
239 3068 302 3118 de
338 3066 667 3134 Seyfferti
703 3066 989 3117 coniectura
1025 3065 1059 3117 l.
1087 3083 1129 3117 c.
1155 3083 1203 3132 p.
1228 3067 1315 3119 63.
1349 3067 1629 3132 proposita.
1673 3066 1859 3117 Contra
1891 3066 1986 3117 Fr.
2026 3067 2227 3117 Iacob

124 3135 175 3184 in
212 3134 589 3187 Schneidewini
626 3134 808 3200 philol.
843 3135 944 3187 vol.
981 3136 1068 3186 ΙΙΙ.
1106 3152 1154 3201 p.
1185 3134 1304 3188 709.
1348 3138 1618 3202 proposuit
1652 3136 1923 3203 legendum
1958 3150 2105 3188 esse=
2140 3151 2229 3187 vos

125 3206 272 3256 taciti
289 3205 605 3257 maerebatis.
655 3206 727 3257 Vi
757 3213 953 3269 captum
976 3213 1092 3256 erat
1119 3206 1289 3269 fortan
1318 3213 1436 3265 etc„
1461 3204 1552 3255 Ma
1567 3206 1835 3272 dvigius
1865 3205 2232 3256 miserebamini

122 3275 281 3325 scribi
315 3275 487 3332 voluit,
518 3274 804 3325 Halmius
837 3275 1206 3342 miserabimini,
1233 3292 1331 3342 ego
1355 3274 1479 3325 olim
1514 3283 1717 3326 auctore
1748 3274 1994 3325 Lambino
2022 3275 2227 3326 mirabi-

122 3344 242 3393 mini
272 3344 591 3409 scripseram.
632 3345 687 3393 In
724 3344 866 3393 libris
902 3344 1001 3395 fide
1037 3345 1208 3411 dignis
1244 3353 1323 3395 est
1353 3344 1719 3396 maerebamini.
1762 3342 1883 3408 Cap.
1923 3342 2010 3395 40.
2050 3346 2099 3405 5.
2134 3343 2221 3395 86.

124 3410 284 3462 malui
315 3427 429 3463 cum
463 3411 604 3462 libris
633 3413 871 3463 Beruens.
901 3413 958 3463 B.
993 3410 1047 3463 O.
1089 3414 1250 3466 Palat.
1295 3428 1445 3476 nono,
1487 3411 1541 3464 Ο.
1571 3412 1748 3479 Steph.
1786 3412 2038 3462 scribere:
2076 3412 2227 3475 Quem

355 3693 395 3713 h.
