2514 3928
180 334 246 387 ss
819 328 983 391 CAP.
1013 336 1047 390 6
1062 356 1139 371 ——-
1159 340 1211 392 s.
1253 336 1306 397 §-
1341 339 1406 399 ιι
1430 361 1496 369 -·
1516 337 1599 398 ιι.
1678 371 1681 372 f
2133 333 2261 396 353

184 476 504 539 consulem
540 475 776 551 privato
808 477 1067 540 consilio
1098 478 1405 541 exercitus
1437 491 1976 556 comparaverunt:
2021 483 2115 543 sin
2146 500 2253 546 au—

183 569 298 622 tem
346 556 635 621 militibus
677 560 1040 637 exquirendi
1080 569 1223 622 sunt
1259 561 1530 630 honores
1573 566 1715 624 novi
1766 573 2010 641 propter
2044 584 2254 628 eorum

182 641 455 703 divinum
486 651 670 718 atque
700 643 1035 711 immortale
1065 646 1374 719 meritum,
1409 646 1669 718 ducibus
1704 657 1904 708 autem
1936 666 2012 723 ne
2045 649 2256 711 referri
2298 645 2303 650 ’

183 725 429 801 quidem
463 734 664 801 potest
696 726 911 803 gratia,
944 727 1083 803 quis
1112 727 1338 804 estqui
1362 745 1500 790 eum
1526 723 1761 790 hostem
1789 747 1910 791 non
1934 731 2256 808 existimet,

184 824 365 885 quem
410 809 516 885 qui
555 811 741 876 armis
787 820 1274 888 persequuntur,
1325 821 1795 877 conservatores
1841 814 1926 873 rei
1977 816 2257 888 publicae

180 892 563 954 iudicantur?
649 892 745 956 15.
792 896 872 955 At
915 912 1094 971 quam
1136 895 1618 966 contumeliosus
1665 896 1723 955 in
1776 896 2023 957 edictis!
2074 915 2257 972 quam

182 976 513 1038 barbarus!
562 995 743 1054 quam
776 978 981 1041 rudis!
1011 978 1273 1042 Primum
1303 979 1361 1039 in
1402 979 1725 1048 Caesarem
1761 979 2083 1041 maledicta
2115 996 2258 1040 con—

177 1062 371 1135 gessit
412 1059 776 1137 deprompta
811 1079 888 1122 ex
917 1064 1342 1124 recordatione
1372 1064 1782 1139 impudicitiae
1818 1072 1880 1125 et
1912 1071 2258 1139 stuprorum

179 1153 462 1205 suorum!
495 1145 643 1219 Quis
673 1145 832 1206 enim
857 1147 975 1206 hoc
998 1148 1393 1207 adolescente
1414 1148 1685 1216 castior?
1717 1149 1858 1224 quis
1883 1147 2261 1212 modestior?

178 1227 354 1301 Quod
389 1227 448 1288 in
480 1227 790 1289 iuventute
820 1229 1116 1290 habemus
1156 1228 1450 1290 illustrius
1486 1233 1832 1307 exemplum
1863 1232 2084 1294 veteris
2118 1247 2256 1292 san-

179 1310 443 1372 ctitatis?
486 1310 632 1384 Quis
663 1320 863 1372 autem
894 1310 1027 1386 illo,
1060 1313 1164 1386 qui
1198 1314 1358 1373 male
1389 1312 1564 1389 dicit,
1594 1314 1930 1390 impurior?
1969 1314 2255 1391 lgnobili'·

179 1402 360 1455 tatem
404 1393 610 1455 obiicit
640 1395 702 1455 C.
739 1394 1018 1455 Caesaris
1059 1396 1216 1469 filio,
1264 1394 1438 1456 cuius
1483 1398 1663 1458 etlam
1712 1406 1926 1458 natura
1953 1407 2154 1473 pater,
2204 1398 2258 1459 si

180 1476 302 1537 vita
338 1476 825 1552 suppeditasset,
858 1480 1070 1538 consul
1107 1480 1304 1548 factus
1334 1487 1522 1539 esset.
1552 1512 1641 1526 -·
1666 1481 1916 1540 Aricina
1943 1488 2153 1541 mater.
2175 1515 2259 1527 -

175 1559 539 1622 Trallianam
561 1570 667 1622 aut
686 1560 1015 1636 Ephesiam
1042 1570 1221 1636 putes
1245 1561 1470 1621 dicere.
1500 1563 1724 1623 Videte
1749 1579 1932 1638 quam
1955 1564 2256 1638 despicia-

177 1662 314 1706 mur
356 1661 620 1719 omnes,
651 1645 753 1720 qui
796 1661 1009 1707 sumus
1039 1661 1073 1704 e
1105 1644 1485 1721 municipiis,
1525 1644 1585 1705 id
1631 1654 1754 1718 est,
1804 1661 2018 1705 omnes
2056 1649 2256 1722 plane.

178 1730 415 1803 Quotus
457 1728 614 1789 enim
639 1729 927 1804 quisque
965 1737 1239 1790 nostrum
1283 1745 1403 1789 non
1446 1736 1581 1789 est?
1619 1729 1792 1802 Quod
1834 1738 2034 1790 autem
2066 1730 2259 1790 muni-

178 1811 404 1889 cipium
441 1829 559 1872 non
595 1811 926 1874 contemnit
954 1810 1039 1887 is‘,
1074 1810 1180 1887 qui
1208 1811 1523 1873 Aricinum
1553 1821 1719 1874 tanto
1752 1829 1941 1889 opere
1977 1813 2258 1889 despicit,
2324 1836 2350 1850 ·-

175 1903 476 1958 vetustate
534 1894 1021 1974 antiquissimum
1048 1942 1062 1966 ‚
1130 1895 1262 1957 iure
1314 1897 1691 1958 foederatum
1717 1944 1732 1972 ,
1806 1896 2258 1974 propinquitate

178 1998 374 2056 paene
449 1981 764 2043 finitimum
787 2027 802 2054 ,
878 1982 1208 2057 splendore
1279 1980 1651 2057 municipum
1715 1981 2261 2042 honestissimum?

177 2063 280 2126 16.
316 2063 475 2125 Hinc
511 2064 863 2138 Voconiae,
910 2063 1053 2125 hinc
1093 2064 1335 2125 Atiniae
1374 2065 1575 2140 leges=
1623 2061 1761 2125 hinc
1801 2067 2024 2127 multae
2069 2067 2257 2127 sellae

179 2148 426 2207 curules
469 2155 528 2208 et
567 2156 801 2223 patrum
851 2147 1142 2209 memoria
1181 2157 1241 2210 et
1270 2156 1510 2209 nostra:
1555 2149 1697 2209 hinc
1726 2149 1967 2225 equites
1996 2149 2256 2210 Romani

180 2230 501 2291 lautissimi
543 2239 602 2292 et
644 2229 904 2307 plurimi.
977 2230 1099 2292 Sed
1144 2233 1195 2293 si
1222 2231 1532 2293 Aricinam
1566 2248 1822 2294 uxorem
1854 2250 1973 2294 non
2008 2233 2254 2308 probaS‚

179 2331 292 2374 cur
336 2315 564 2390 probas
594 2315 1041 2375 Tusculanam?
1084 2314 1458 2392 Quamquam
1504 2316 1686 2378 huius
1718 2317 2140 2379 sanctissimae
2173 2318 2257 2377 t'e-

180 2396 383 2461 minae
416 2405 600 2474 atque
641 2397 905 2474 optimae
936 2406 1140 2474 pater,
1184 2400 1266 2459 Μ.
1297 2400 1476 2461 Atius
1507 2401 1770 2475 BalbuS‚
1811 2401 1871 2462 in
1908 2401 2119 2476 primis
2147 2400 2256 2461 ho-

180 2490 425 2557 nestuS,
459 2482 803 2559 praetorius
835 2482 971 2544 fuit:
1017 2491 1155 2544 tuae
1187 2484 1497 2560 coniugiS,
1533 2485 1732 2546 bonae
1765 2485 2055 2558 feminae,
2089 2487 2254 2546 locu·

180 2565 652 2642 pletisquidem
699 2575 890 2640 certe,
946 2567 1261 2628 Bambalio
1306 2567 1551 2645 quidam
1601 2578 1801 2643 pater,
1858 2569 2041 2630 homo
2089 2569 2256 2629 nullo

180 2665 465 2711 numeroe
520 2649 666 2710 nihil
727 2650 829 2710 illo
886 2651 1323 2728 contemptius,
1389 2653 1493 2727 qui
1545 2661 1793 2729 propter
1833 2651 2254 2713 haesitantiam

179 2733 422 2808 linguae
477 2743 915 2810 stuporemque
969 2736 1175 2796 cordis
1221 2753 1577 2812 cognomen
1609 2753 1686 2796 ex
1729 2734 2096 2796 contumelia
2140 2743 2265 2795 tra«

181 2816 361 2878 xerit.
385 2851 472 2881 ,—
514 2819 597 2879 At
624 2835 777 2880 avus
811 2818 1052 2880 nobilis.
1086 2853 1161 2865 —-
1195 2819 1530 2882 Tuditanus
1560 2835 1782 2895 nempe
1811 2820 1943 2891 ille,
1986 2818 2089 2893 qui
2120 2835 2257 2879 cum

180 2907 352 2981 palla,
366 2912 429 2967 et
450 2904 770 2968 cothurnis
785 2918 1071 2964 nummos
1090 2904 1328 2978 populo
1351 2904 1431 2964 de
1448 2903 1666 2965 rostris
1681 2920 1982 2981 spargere
1997 2902 2256 2964 solebat.

181 2990 422 3050 Vellem
446 2990 610 3052 hanc
646 2986 1170 3063 contemptionem
1201 2987 1505 3063 pecuniae
1538 2986 1669 3049 suis
1706 2988 2094 3063 reliquisset!
2139 2988 2258 3048 Ha-

177 3072 337 3134 betis
364 3074 741 3136 nobilitatem
771 3071 1018 3148 generis
1041 3072 1396 3148 gloriosam.
1466 3075 1561 3132 17.
1599 3072 1712 3147 Qui
1733 3082 1939 3135 autem
1965 3074 2258 3134 convenit

180 3169 248 3222 ut
278 3159 383 3221 tibi
410 3159 560 3221 Iulia
588 3168 768 3223 natus
797 3156 1098 3235 ignobilis·
1119 3158 1416 3230 videatur,
1452 3174 1637 3232 quum
1660 3159 1961 3227 tueodem
1985 3164 2257 3217 materno

117 3244 122 3247 ’
180 3248 409 3319 genere
454 3245 662 3305 soleas
707 3244 993 3319 gloriari?
1036 3243 1204 3316 Quae
1250 3258 1434 3318 porro
1468 3241 1731 3303 amentia
1761 3249 1857 3302 est
1885 3257 2022 3302 eum
2055 3241 2275 3315 dicere

184 3326 412 3402 aliquid
451 3328 528 3387 de
557 3344 818 3389 uxorum
847 3327 1255 3403 ignobilitate,
1287 3325 1473 3387 cuius
1493 3334 1666 3401 pater
1694 3322 2086 3386 Numitoriam
2118 3323 2261 3381 Fre
2313 3330 2327 3345 '

188 3411 521 3486 gellanam,
570 3410 902 3487 proditoris
934 3409 1149 3482 filiam,
1183 3409 1465 3470 habuerit
1490 3425 1775 3483 uxorem,
1807 3410 1940 3483 ipse
1971 3422 2052 3466 ex
2081 3405 2260 3464 liber

187 3493 294 3554 tini
333 3493 457 3554 filia
485 3495 829 3570 susceperit
863 3495 1134 3555 liberos?
1176 3493 1299 3555 Sed
1335 3493 1454 3553 hoc
1484 3491 1808 3552 clarissimi
1838 3489 1950 3549 viri
1981 3485 2260 3555 viderint,

188 3578 249 3637 L.
283 3576 634 3653 PhilippuS,
667 3578 771 3654 qui
800 3577 984 3638 habet
1009 3576 1321 3638 Aricinam
1351 3591 1634 3645 uxorem,
1673 3574 1734 3632 C.
1764 3569 2122 3711 lglgrcelluS,
2107 3565 2261 3640 ‚qui

271 3677 383 3720 c1c.
419 3661 492 3719 11.
527 3670 580 3724 3
