2514 3928
317 243 441 306 302
636 240 707 298 IN
742 239 819 298 M.
854 236 1254 299 ANTONIUM
1279 236 1561 299 ORATIO
1594 237 2014 298 PHILIPPICA
2040 238 2087 299 1.
2368 248 2406 301 4

320 394 449 452 dire
480 391 716 449 mallem
748 405 930 465 quam
957 388 1161 467 videre
1191 389 1605 464 haberemque
1633 388 1729 450 ius
1757 387 2087 464 legationis*
2110 388 2402 464 liberum,

319 493 393 536 ea
422 479 622 534 mente
652 471 942 546 discessi,
982 480 1049 533 ut
1077 473 1364 534 adessem
1388 471 1682 533 Kalendis
1712 472 2037 545 Ianuariis,
2074 473 2244 546 quod
2280 473 2403 532 ivri·

321 560 464 619 tium
495 564 752 618 senatus·
776 555 1037 631 cogendi
1069 556 1199 617 sore
1225 556 1563 616 videbatur.
2008 611 2020 623 ,

444 642 542 700 ΙΙΙ,
566 638 623 701 7.
657 640 948 715 Exposui,
981 647 1187 715 patres
1219 638 1567 714 conscripti,
1603 598 2005 714 pactionis*
2030 637 2401 699 eonsilium:

320 740 487 786 nunc·
507 723 909 798 reversionis,
949 739 1105 798 quae
1136 724 1274 797 plus
1305 721 1717 783 admirationis
1761 716 1958 792 habet,
1986 720 2259 782 breviter
2284 734 2405 782 ex·

323 824 562 885 ponam.
667 807 858 882 Quum
901 805 1291 867 Brundisium
1344 806 1578 880 iterque
1622 803 1799 877 illud,
1845 806 2011 879 quod
2066 805 2272 864 tritum
2334 804 2397 865 in

321 892 632 953 Graeciam
664 900 776 964 est,
808 906 930 951 non
961 889 1093 950 sine
1116 904 1305 950 causa
1329 888 1701 962 vitavissem,
1728 887 2027 948 Kalendis·
2051 886 2401 949 Sextilibus

323 976 462 1035 veni
493 975 870 1052 Syracusas,
913 973 1088 1047 quod·
1128 973 1206 1033 ab
1249 989 1330 1033 ea·
1359 972 1515 1032 urbe
1557 969 1936 1033 transmissio
1979 969 2036 1030 in
2070 970 2394 1033 Graeciam

320 1058 707 1118 laudabaturz
749 1072 909 1131 quae
956 1063 1149 1116 tamen
1198 1055 1347 1116 urbs
1387 1054 1530 1114 mihi
1561 1052 2064 1116 coniunctissima·
2089 1054 2243 1128 plus»
2270 1066 2397 1118 ulna·

319 1156 416 1199 me
477 1147 656 1200 nocte
711 1140 978 1214 cupiens·
1018 1140 1283 1200 retinere
1350 1154 1481 1199 non>
1525 1137 1736 1214 potuit.
1824 1136 2072 1198 Veritus
2124 1150 2265 1197 sum
2315 1152 2396 1198 ne

321 1236 493 1283 meus
535 1221 900 1297 repentinus·
932 1222 1011 1282 ad
1041 1236 1215 1283 meos
1253 1221 1642 1283 necessarios
1678 1220 1985 1281 adventus·
2019 1219 2395 1296 suspitionis

319 1305 560 1381 aliquid·r
577 1307 869 1379 adferret,
902 1304 956 1366 si
985 1319 1194 1365 essem
1216 1314 1643 1367 commoratus.
1733 1303 1931 1378 Quum*
1950 1312 2150 1365 autem
2178 1316 2280 1363 me
2312 1316 2388 1364 ex

321 1388 525 1450 Sicilia
546 1390 625 1449 ad
646 1390 1105 1464 Leucopetram,
1134 1390 1300 1465 quod
1322 1396 1418 1450 est
1464 1385 1952 1462 promunturium
1985 1386 2116 1462 agri
2146 1387 2395 1463 Regini,

322 1472 479 1533 venti
528 1470 918 1547 detulissent,
958 1473 1036 1532 ab
1079 1487 1162 1533 eo
1200 1473 1353 1533 loco·
1376 1470 1740 1544 conscendi,
1779 1478 1848 1533 ut
1887 1470 2395 1533 transmittet-ema

320 1571 430 1616 nec
459 1556 539 1616 ita
567 1557 817 1616 multum
843 1563 1194 1630 provectus,
1219 1555 1485 1616 reiectus
1519 1564 1726 1633 austro
1759 1570 1893 1615 sum
1929 1554 1995 1614 ὶιιζ
2018 1569 2156 1614 eum
2185 1554 2393 1628 ipsum

320 1640 550 1712 locum,
602 1640 768 1699 unde
813 1639 1314 1699 conscenderam.
1380 1636 1439 1698 82
1487 1638 1808 1714 Quumque
1850 1636 2220 1712 intempesta
2261 1651 2391 1696 nox

318 1728 483 1782 esset
513 1721 1004 1795 mansissemque
1042 1719 1101 1779 in
1135 1719 1277 1780 villa
1304 1721 1366 1779 P.
1400 1721 1660 1793 Valerii,
1710 1720 1947 1781 comitis
1976 1728 2038 1781 et
2066 1717 2391 1780 familiaris

318 1804 467 1878 mei,
507 1802 931 1879 postridieque
972 1803 1136 1877 apud
1179 1805 1458 1865 eumdem
1498 1813 1739 1866 ventum
1774 1812 2146 1879 exspectans
2180 1816 2388 1862 mane·-

318 1902 476 1959 rem,
516 1885 866 1961 municipes
940 1885 1153 1961 Regini
1196 1888 1546 1963 complures
1583 1889 1663 1948 ad
1699 1902 1803 1948 me*
1829 1894 2152 1958 venerunt,
2198 1900 2280 1946 ex
2314 1885 2389 1945 iis

319 1968 562 2045 quidam
595 1970 789 2031 Roma
818 1979 1133 2031 recentes=
1174 1987 1211 2031 a
1256 1970 1486 2047 quibus
1524 1972 1780 2048 primum
1810 1970 2048 2046 accipio
2080 1970 2157 2029 Μ.
2190 1963 2389 2031 Αηίο-

317 2052 399 2113 nii
430 2054 793 2132 contionem,
830 2070 988 2129 quae
1011 2054 1153 2115 milri
1176 2054 1257 2116 ila
1282 2055 1523 2129 placuit,
1556 2064 1717 2117 ntea
1751 2056 1904 2116 lecta
1927 2054 2005 2114 de
2027 2051 2393 2114 reversione

317 2137 575 2212 primum
606 2137 910 2216 coeperim
937 2137 1221 2213 cogitare.
1275 2139 1397 2199 Nec
1426 2139 1507 2199 itu
1536 2141 1722 2200 multo
1754 2146 1900 2215 post
1926 2136 2189 2197 edictum
2216 2134 2389 2196 Bruti

313 2220 585 2279 adfertur
608 2219 918 2282 creaasti:
951 2223 1118 2296 quod
1151 2222 1396 2297 quidem
1421 2221 1582 2295 mihi,
1613 2224 1873 2283 fortasse
1905 2220 2070 2295 quod
2104 2220 2392 2294 eosplus

316 2301 494 2361 etiam
537 2301 625 2362 rei
667 2303 949 2376 publicae
985 2319 1167 2379 quam
1196 2303 1627 2367 familiaritatis
1648 2305 1840 2381 gratia
1869 2302 2088 2379 diligo,
2131 2303 2389 2377 plenum

315 2384 637 2459 aequitatis
681 2385 1018 2447 videbatur.
1119 2388 1444 2450 Addebam
1486 2397 1799 2464 praeterea
1835 2421 1920 2432 ——
1967 2384 2221 2447 fitenim
2253 2387 2386 2460 pie—

314 2483 571 2543 rumque
598 2476 663 2529 ut
692 2467 753 2544 ii,
785 2468 886 2545 qui
917 2468 1061 2531 boni
1093 2470 1237 2546 quid
1270 2472 1481 2533 volunt
1513 2472 1772 2545 adferre,
1810 2471 2121 2544 adfingant
2147 2467 2387 2544 aliquid

316 2568 437 2627 qno
469 2553 692 2614 faciant
722 2553 812 2628 id,
844 2554 1014 2628 quod>
1041 2553 1348 2631 nuntiant,
1389 2553 1606 2616 laetius
1640 2589 1711 2600 —
1755 2571 1883 2615 rem
1912 2560 2386 2615 conventuram=

312 2634 603 2697 Kalendis
664 2645 939 2699 senatum
1006 2639 1383 2714 frequentem
1452 2638 1612 2699 l'ore2
1680 2637 2040 2711 Antonium,
2093 2634 2385 2711 repudia·

315 2718 389 2780 tis
430 2721 606 2781 malis
652 2721 1039 2796 suasoribus,
1080 2720 1377 2783 remissis·
1400 2721 1733 2796 provinciis
1771 2719 2011 2794 Galliis,
2059 2720 2138 2780 ad
2168 2725 2384 2781 aucto·

312 2802 543 2862 ritatem
595 2812 845 2865 senatus
898 2821 1043 2867 esse
1103 2805 1453 2867 rediturum.
1545 2806 1649 2865 lv.
1712 2804 1771 2866 9.
1820 2803 1971 2865 Tum
2025 2815 2171 2863 vero
2219 2810 2387 2863 tanta

312 2901 445 2945 sum
472 2886 801 2961 cupiditate
829 2887 1119 2950 incensus
1141 2888 1220 2949 ad
1250 2888 1537 2963 reditum,
1567 2896 1634 2951 ut
1653 2887 1798 2949 mihi
1828 2886 1975 2949 nulli
1999 2901 2201 2962 neque
2232 2883 2385 2945 remi

312 2983 515 3042 neque
544 2969 708 3030 venti
738 2969 887 3032 satis
914 2973 1209 3044 facerent,
1243 2988 1367 3032 non
1415 2988 1538 3047 qno
1572 2972 1778 3033 mend
1810 2977 2384 3046 tempus-occursu·

311 3066 444 3110 rum
478 3066 598 3112 non
635 3059 927 3129 putarem,
956 3055 1067 3115 sed
1099 3071 1184 3116 ne
1202 3054 1433 3116 tardius
1464 3069 1647 3131 quam
1669 3067 1954 3130 cuperem
1984 3052 2073 3113 rei
2098 3051 2389 3127 publicae

309 3134 660 3208 gratularer.
759 3138 962 3211 Atque
1014 3153 1129 3213 ego
1179 3139 1456 3200 celeriter
1503 3139 1739 3201 Veliam
1782 3138 2077 3199 devectus
2126 3136 2387 3195 Brutum

312 3216 466 3276 vidi=
516 3226 743 3293 quanto
783 3235 922 3279 meo
964 3220 1177 3282 dolore
1220 3237 1343 3281 non
1387 3222 1546 3283 dico.
1634 3223 1833 3297 Turpe
1874 3220 2017 3281 mihi
2055 3216 2178 3293 ipsi
2211 3217 2384 3277 vide·

311 3300 486 3361 batur
515 3299 575 3360 in
607 3317 740 3362 eam
778 3303 984 3363 urbem
1013 3320 1111 3364 me
1138 3305 1369 3366 audere
1401 3303 1641 3378 reverti,
1676 3321 1756 3367 ex
1787 3320 1909 3380 qua
1940 3304 2166 3364 Brutus
2197 3299 2386 3361 oede-

310 3390 430 3457 ret,
462 3391 528 3444 et·
550 3384 630 3444 ibi
659 3386 815 3446 velle
846 3393 974 3448 tuto
1004 3404 1177 3461 esse,
1223 3387 1330 3449 ubi
1372 3387 1472 3450 ille
1507 3404 1629 3449 non
1661 3396 1895 3464 posset.
1981 3385 2196 3460 Neque
2228 3398 2387 3444 vero

308 3467 474 3528 illum
505 3466 778 3530 similiter
823 3476 1006 3545 atque
1048 3471 1182 3545 ipse
1230 3488 1397 3533 eram
1422 3480 1788 3540 commotum
1824 3486 1966 3532 esse
1999 3467 2140 3529 vidi.
2232 3466 2379 3528 Ere—
