2514 3928
418 258 541 322 380
708 258 788 318 IN
819 257 899 316 Μ.
929 254 1332 316 ANTONIUM
1362 254 1645 315 ORATlo
1678 252 2101 314 PHILIPPICA
2130 254 2211 313 V.
2436 263 2491 317 82

416 410 515 472 43.
533 408 679 483 Quis
702 415 827 470 tum
849 406 1046 481 nobiS,
1076 405 1215 483 quis
1240 405 1471 482 populo
1493 406 1770 466 Romano
1795 403 2011 465 obtulit
2030 404 2195 464 hunc
2223 404 2486 466 divinum

416 494 870 554 adolescentem
900 490 1088 565 deuS,
1124 490 1257 566 qui,
1295 505 1493 565 quum
1516 489 1718 550 omnia
1747 488 1824 547 ad
1857 485 2188 563 perniciem
2227 495 2487 549 nostram

417 575 706 652 pestifero
747 574 832 636 illi
871 573 990 634 civi
1033 581 1337 649 paterent,
1391 572 1624 645 subit0,
1679 580 1922 648 praeter
1974 586 2148 645 spem
2206 573 2491 641 omnium,

417 668 669 720 exortus
725 658 895 735 prius
942 656 1206 718 confecit
1263 654 1597 717 exercitum
1656 670 1837 730 quem
1884 654 2068 714 furori
2114 654 2203 714 M.
2251 654 2493 716 Antonii

417 750 789 819 opponeret,
839 755 1017 816 quam
1060 738 1386 816 quisquam
1426 739 1544 798 hoc
1574 754 1713 798 eum
1743 736 2013 812 cogitare
2046 739 2488 813 suspicaretur.

416 825 621 902 Magni
651 825 919 886 honores
948 822 1136 885 habiti
1177 822 1282 883 Cn.
1308 822 1636 902 Pompeio,
1677 837 1863 896 quum
1900 830 2069 881 esset
2094 823 2487 892 adolescens,

420 920 477 972 et
508 910 750 985 quidem
774 906 921 969 iure.
965 906 1262 968 Subvenit
1282 907 1440 965 enim
1470 904 1558 965 rei
1588 904 1897 979 publicae,
1928 904 2040 963 sed
2070 911 2289 966 aetate
2320 908 2489 966 multo

417 991 725 1054 robustior
751 1000 811 1051 et
840 992 1089 1051 militum
1114 990 1331 1049 ducem
1364 990 1784 1065 quaerentium
1813 985 2014 1047 studio
2047 989 2339 1061 paratior
2363 999 2421 1049 et
2446 991 2487 1047 in

361 1149 364 1154 .
415 1075 534 1136 alio
565 1090 789 1150 genere
819 1073 979 1134 belli.
1023 1074 1154 1134 Non
1188 1074 1347 1133 enim
1378 1070 1658 1132 omnibus
1695 1070 1899 1131 Sullae
1930 1086 2120 1131 causa
2150 1080 2360 1145 grata.
2395 1074 2485 1132 De·

416 1159 605 1219 clarat
638 1156 955 1219 multitudo
985 1156 1499 1233 proscriptorum,
1558 1163 1645 1216 tot
1686 1151 2155 1229 municipiorum
2193 1157 2487 1216 maximae

416 1239 807 1301 calamitates.
892 1238 998 1301 44.
1040 1239 1265 1301 Caesar
1305 1247 1503 1300 autem
1548 1237 1726 1298 annis
1769 1238 1971 1298 multis
2011 1235 2221 1297 minor
2270 1248 2483 1300 vetera-

416 1341 529 1385 nos
562 1324 877 1401 cupientes
911 1323 1030 1384 iam
1063 1325 1456 1397 requiescere
1485 1320 1770 1385 armavit=
1813 1336 1945 1381 eam
1990 1322 2385 1395 complexus
2412 1332 2484 1382 est

395 1425 665 1469 causam
692 1424 850 1482 quae
875 1415 1043 1468 esset
1066 1405 1322 1480 senatui,
1351 1423 1508 1482 quae
1534 1405 1783 1481 populo,
1812 1419 1968 1480 quae
1990 1412 2264 1466 cunctae
2279 1406 2482 1474 ltaliae,

417 1508 574 1568 quae
598 1490 693 1551 dis
717 1490 1187 1565 hominibusque
1223 1489 1585 1564 gratissima.
1623 1489 1700 1548 Et
1721 1486 2048 1563 Pompeius
2077 1489 2166 1550 ad
2185 1488 2264 1548 L.
2301 1489 2482 1550 Sullae

415 1574 741 1635 maximum
770 1575 1083 1651 imperium
1119 1572 1534 1649 victoremque
1567 1570 1902 1632 exercitum
1929 1572 2239 1632 accessit=
2281 1573 2483 1634 Caesar

415 1674 484 1719 se
518 1657 596 1718 ad
627 1657 926 1719 neminem
961 1654 1265 1718 adiunxit=
1314 1655 1451 1732 ipse
1481 1657 1766 1732 princeps
1797 1652 2103 1715 exercitus
2137 1655 2419 1716 faciendi
2442 1665 2483 1714 et

414 1740 704 1816 praesidii
734 1739 1127 1816 comparandi
1162 1737 1288 1799 fuit.
1332 1741 1437 1799 llle
1458 1737 1949 1799 adversariorum
1973 1737 2268 1812 partibus
2293 1756 2484 1816 agrum

415 1823 702 1884 Picenum
734 1823 942 1884 habuit
972 1822 1309 1883 inimicumz
1338 1822 1436 1882 bic
1460 1837 1538 1882 ex
1560 1820 1808 1882 Antonii
1830 1819 2060 1892 amiciS‚
2093 1822 2215 1882 sed
2250 1822 2482 1885 amicio-

414 1906 582 1969 ribus
628 1906 920 1969 libertatis
965 1913 1175 1968 contra
1216 1905 1544 1969 Antonium
1587 1905 1849 1968 confecit
1886 1903 2252 1967 exercitum.
2341 1906 2484 1968 lllius

416 1990 639 2067 opibus
663 1990 831 2052 Sulla
858 1989 1160 2066 regnavit=
1187 1989 1368 2051 huius
1394 1989 1701 2066 praesidio
1728 1987 1976 2050 Antonii
2004 1988 2377 2054 dominatus
2398 2007 2485 2065 op-

417 2091 670 2150 pressus
705 2084 816 2136 est.
900 2072 1004 2136 45.
1046 2075 1276 2135 Demus
1308 2072 1487 2149 igitur
1514 2072 1832 2149 imperium
1872 2071 2139 2144 Caesari,
2198 2073 2353 2135 sine
2381 2089 2486 2151 quo

412 2175 514 2219 res
543 2155 816 2219 militaris
847 2155 1283 2229 administrari,
1329 2156 1522 2218 teneri
1556 2155 1889 2229 exercituS,
1930 2155 2156 2216 bellum
2192 2159 2343 2232 geri
2384 2174 2486 2218 non

416 2247 635 2315 potest.
727 2240 819 2300 Sit
855 2257 967 2315 pro
1009 2248 1289 2314 praetore
1318 2256 1393 2302 eo
1424 2240 1555 2300 iure
1586 2254 1708 2315 quo
1740 2239 1843 2314 qui
1875 2237 2126 2316 optimo.
2224 2240 2354 2315 Qui
2389 2241 2488 2302 ho-

413 2340 527 2385 nos
571 2338 955 2398 quamquam·
982 2330 1077 2384 est
1110 2339 1368 2398 magnus
1404 2322 1507 2383 illa
1535 2331 1763 2396 aetate,
1809 2331 2003 2383 tamen
2028 2323 2108 2382 ad
2153 2324 2488 2387 necessita-

416 2415 535 2466 tem
564 2421 763 2466 rerum
796 2407 1229 2481 gerendarum,
1262 2423 1383 2466 non
1424 2408 1622 2467 solum
1662 2405 1740 2466 ad
1771 2404 2120 2481 dignitatem
2155 2408 2355 2469 valet.
2389 2408 2490 2468 lta-

415 2504 537 2566 que
568 2489 670 2549 illa
700 2505 1096 2565 quaeramus,
1143 2506 1303 2564 quae
1334 2491 1437 2551 vix
1462 2489 1761 2550 hodierno
1792 2489 1892 2549 die
1921 2505 2421 2571 consequemur.

529 2574 715 2634 xvll.
771 2571 896 2633 Sed
929 2586 1119 2650 saepe
1151 2589 1335 2648 spero
1373 2575 1501 2635 fore
1543 2572 1723 2634 huius
1770 2573 2185 2634 adolescentis
2230 2573 2493 2636 ornandi

411 2657 875 2731 honorandique
912 2664 973 2717 et
1011 2657 1189 2717 nobis
1219 2665 1288 2718 -et
1329 2658 1557 2733 populo
1599 2656 1876 2718 Romano
1912 2664 2328 2731 potestaterm
2390 2659 2495 2719 hoc

414 2749 615 2803 autem
651 2750 925 2816 tempore
955 2740 1037 2801 ita
1064 2755 1292 2800 censeo
1323 2740 1806 2801 decernundume
1885 2738 1987 2801 46.
2023 2738 2206 2813 Quod
2248 2743 2322 2802 C.
2357 2743 2493 2803 Cae

414 2842 542 2896 sar,
574 2818 704 2885 Ga'ii
736 2823 932 2899 filius,
962 2820 1270 2900 pontifex,
1307 2841 1419 2899 pro
1456 2833 1768 2899 praetore,
1809 2838 2047 2884 summo
2075 2824 2168 2883 rei
2200 2825 2496 2900 publicae

411 2915 686 2983 tempore
717 2906 935 2969 milites
976 2914 1303 2968 veteranos
1337 2908 1416 2967 ad
1456 2908 1790 2969 libertatem
1828 2905 2039 2983 populi
2078 2907 2366 2970 Romani
2404 2926 2497 2970 co·

409 2989 683 3052 hortatus
744 2990 824 3051 sit
882 3007 1125 3067 eosque
1173 2990 1642 3067 conscripserit,
1705 2991 1998 3066 quodque
2047 2989 2214 3065 legio
2278 2992 2500 3054 Martia

401 3080 597 3148 ¹atque
622 3082 842 3147 quarta
864 3091 1105 3135 summo
1136 3073 1345 3134 studio
1374 3076 1735 3150 optimoque
1758 3075 1815 3135 in
1844 3090 1970 3134 rem
1994 3073 2323 3149 publicam
2356 3092 2498 3139 con-

408 3169 596 3213 sensu
626 3152 688 3213 c.
723 3152 984 3214 Caesare
1023 3156 1181 3217 duce
1212 3164 1275 3217 et
1315 3163 1564 3218 auctore
1590 3170 1718 3217 rem
1746 3149 2086 3232 publicam,
2140 3156 2499 3221 libertatem

408 3234 619 3311 populi
662 3236 918 3297 Romani
965 3239 1297 3300 defendant
1353 3239 1762 3314 defenderint,
1819 3249 1879 3302 et
1930 3240 2099 3315 quod
2145 3240 2211 3301 C.
2263 3242 2497 3304 Caesar

408 3333 521 3392 pro
563 3327 848 3393 praetore
881 3319 1111 3380 Galliae
1154 3322 1511 3396 provinciae
1543 3339 1680 3385 cum
1706 3318 1980 3385 eatercitu
2018 3322 2315 3388 subsidio
2356 3342 2493 3403 pro-

405 3401 603 3461 fectus
633 3398 740 3474 sit,
783 3402 1056 3478 equites,
1111 3404 1492 3479 sagittarios,
1539 3406 1898 3482 elephantos
1927 3406 1987 3468 in
2020 3423 2196 3468 suam
2240 3408 2493 3486 populi-

408 3500 528 3558 que
556 3484 813 3545 Romani
844 3492 1207 3559 potestatem
1236 3488 1544 3565 redegerit
1570 3489 2050 3567 difficillimoque
2080 3489 2171 3553 rei
2197 3486 2496 3567 publicae
