2514 3928
276 281 401 343 336
573 281 644 339 IN
672 280 750 338 M.
784 277 1182 337 ANTONIUM
1218 275 1502 335 ORATIO
1533 275 1957 335 PHILIPPICA
1984 276 2056 335 11.
2286 285 2361 341 38

278 430 367 492 rei
413 439 551 491 tuae
594 445 781 490 causa
827 428 1104 502 venisse,
1152 430 1457 502 populum·
1493 425 1673 487 etiam
1709 425 1983 486 dicacem
2030 424 2091 485 in
2125 433 2184 486 te
2212 423 2356 486 red‘-

277 513 501 574 didisti.
593 512 712 588 Sed
749 511 924 571 nimis
954 512 1139 571 multa
1171 512 1248 569 de
1296 511 1505 585 nugis=
1547 510 1625 568 ad
1661 508 1894 569 maiora
1924 508 2268 569 veniamus,

404 596 640 656 XXXII.
685 597 746 655 C.
782 595 1026 653 Caesari
1056 611 1134 653 ex
1167 593 1463 667 Hispania
1505 590 1782 652 redeunti
1812 592 1892 652 ob
1924 591 2083 651 viam
2114 592 2354 667 longis-

279 679 431 740 sime
475 677 851 754 processisti.
943 677 1228 737 Celeriter
1256 676 1374 747 isti,
1405 675 1631 746 redisti,
1669 683 1733 735 ut
1761 683 2167 751 cognosceret
2202 684 2263 736 te
2301 677 2354 737 si

278 762 475 822 minus
508 763 739 832 sortem,
772 770 834 822 at
862 769 1060 820 tamen
1088 768 1418 820 strenuum.
1461 759 1679 818 Factus
1710 775 1779 818 es
1810 758 1867 818 ei
1896 775 2110 819 rursus
2134 759 2351 819 nescio

280 863 402 920 quo
446 846 628 906 modo
672 842 1002 904 familiaris.
1103 843 1378 903 Habebat
1422 842 1537 901 hoc
1578 840 1822 901 omnino
1870 843 2124 903 Caesar:
2163 858 2350 916 quem

279 931 461 1003 plane
498 928 795 1004 perditum
828 942 971 986 aere
1000 927 1201 986 alieno
1233 936 1658 1000 egentemque,
1693 923 1747 985 si
1777 926 2056 986 eumdem
2081 941 2348 998 nequam

279 1012 582 1072 hominem
607 1012 1028 1083 audacemque
1053 1018 1364 1083 cognorat,
1401 1009 1558 1069 hunc
1582 1008 1640 1067 in
1674 1007 2134 1069 familiaritatem
2157 1007 2350 1068 liben-

282 1095 513 1155 tissime
552 1092 902 1168 rccipiebat.
990 1090 1092 1153 79.
1136 1092 1243 1151 His
1276 1090 1457 1167 igitur
1489 1092 1674 1151 rebus
1707 1093 2018 1165 praeclare
2039 1108 2351 1152 commen-

278 1178 476 1249 datus,
511 1176 718 1236 iussus
750 1192 818 1235 es
855 1173 1185 1235 renuntiari
1222 1176 1437 1235 consul
1467 1184 1527 1235 et
1557 1173 1801 1247 quidem
1833 1191 1967 1235 cum
2001 1175 2161 1250 ipso.
2247 1173 2346 1233 Ni-

277 1259 359 1319 hil
391 1275 617 1335 queror
651 1260 727 1320 de
758 1259 1089 1330 Dolabella,
1117 1259 1219 1333 qui
1249 1267 1375 1319 tum
1409 1266 1505 1318 est
1533 1257 1850 1333 impulsuS,
1889 1258 2196 1330 inductuS,
2220 1260 2347 1318 elu-

278 1360 406 1404 sus.
495 1343 624 1417 Qua
665 1344 724 1402 in
772 1359 835 1402 re
874 1347 1100 1416 quanta
1148 1341 1327 1401 luerit
1369 1350 1628 1415 uterque
1670 1351 1938 1401 vestrum
1983 1341 2243 1417 perfidia
2288 1342 2349 1400 in

277 1427 650 1487 Dolabellam
681 1425 819 1502 quis
854 1427 1132 1500 ignorat?
1161 1424 1262 1484 ille
1292 1423 1529 1485 induxit
1558 1433 1622 1485 ut
1653 1430 1904 1499 peteret,
1959 1424 2060 1485 ille
2087 1422 2346 1500 promis-

278 1527 410 1570 sum
442 1518 502 1570 et
527 1519 839 1585 receptum
871 1509 1207 1569 intervertit
1241 1509 1321 1567 ad
1355 1523 1548 1582 seque
1570 1507 1902 1568 transtulit:
1947 1517 2010 1569 tu
2041 1508 2176 1568 eius
2210 1524 2346 1583 per-

278 1594 461 1654 fidiae
503 1595 875 1654 voluntatem
920 1601 1079 1654 tuam
1129 1590 1490 1667 ascripsisti.
1590 1591 1860 1652 Veniunt
1899 1592 2215 1651 Kalendae
2257 1592 2349 1650 la-

277 1676 559 1737 nuariae:
606 1677 881 1752 cogimur
921 1675 978 1734 in
1012 1684 1318 1746 senatum,
1361 1674 1640 1734 invectus
1682 1684 1776 1735 est
1805 1674 2122 1749 copiosius
2158 1675 2350 1736 multo

278 1759 336 1818 in
370 1759 550 1820 istum
582 1767 642 1820 et
673 1761 941 1834 paratius
971 1759 1282 1818 Dolabella
1314 1774 1494 1832 quam
1534 1774 1692 1817 nunc
1732 1774 1866 1833 ego.
1955 1755 2056 1819 80.
2097 1757 2210 1816 Hic
2239 1774 2351 1818 au-

280 1854 395 1903 tem
434 1843 622 1902 iratus
667 1858 825 1916 quae
855 1841 1037 1914 dixit,
1079 1841 1141 1902 di
1170 1841 1346 1901 boni!
1393 1842 1651 1900 Primum
1678 1858 1862 1915 quum
1893 1841 2120 1901 Caesar
2143 1849 2352 1901 osten-

278 1927 472 1987 disset
502 1941 601 1997 se,
637 1924 805 2001 prius
840 1941 1021 2001 quam
1052 1919 1572 2001 proficisceretur,
1617 1925 1990 1985 Dolabellam
2030 1925 2350 1986 consulem

280 2025 423 2070 esse
456 2010 797 2070 iussurum=
844 2025 1022 2085 quem
1067 2018 1291 2083 negant
1330 2024 1569 2084 regem,
1613 2008 1714 2084 qui
1757 2019 1817 2070 et
1846 2009 2074 2069 faceret
2102 2026 2352 2084 semper

281 2093 415 2153 eius
460 2092 624 2154 modi
670 2093 896 2169 aliquid
942 2101 1002 2152 et
1031 2092 1289 2166 diceret,
1332 2092 1446 2152 sed
1489 2110 1671 2167 quum
1707 2093 1933 2152 Caesar
1958 2093 2039 2152 ita
2067 2092 2351 2164 dixisset,

280 2186 399 2236 tum
436 2177 533 2237 hic
562 2177 761 2237 bonus
798 2192 991 2251 augur
1018 2192 1093 2235 eo
1129 2192 1197 2236 se
1230 2175 1574 2237 sacerdotio
1620 2175 1955 2250 praeditum
2000 2191 2144 2236 esse
2178 2175 2352 2250 dixit,

282 2267 344 2319 ut
373 2259 613 2319 comitia
648 2259 942 2334 auspiciis
968 2260 1061 2318 vel
1097 2259 1392 2335 impedire
1423 2260 1519 2318 vel
1554 2258 1765 2318 vitiare
1802 2267 2037 2333 posset,
2070 2258 2260 2333 idque
2281 2276 2351 2319 se

282 2344 583 2402 facturum
645 2359 788 2402 esse
843 2343 1247 2404 adseveravit.
1350 2342 1414 2400 In
1462 2358 1585 2417 quo
1630 2341 1886 2417 primum
1929 2340 2351 2402 incredibilem

281 2424 694 2499 stupiditatem
751 2424 1010 2485 hominis
1064 2425 1444 2500 cognoscite,
1533 2422 1634 2485 81.
1692 2424 1847 2499 Quid
1907 2424 2113 2484 enim?
2164 2425 2348 2497 istud,

279 2509 446 2583 quod
477 2516 535 2568 te
566 2507 892 2569 sacerdotii
926 2507 1057 2568 iure
1090 2510 1291 2568 lacere
1322 2524 1511 2583 posse
1541 2507 1763 2581 dixisti,
1796 2507 1849 2569 si
1879 2524 2074 2583 augur
2102 2524 2227 2568 non
2253 2524 2351 2568 es·

280 2608 385 2652 ses
426 2599 487 2652 et
515 2593 732 2652 consul
769 2608 976 2664 esseS‚
1020 2591 1218 2651 minus
1255 2593 1458 2652 l‘accre
1491 2591 1847 2666 potuisses?
1876 2592 2033 2652 Vide
2055 2607 2133 2652 ne
2167 2589 2349 2652 etiam

283 2676 537 2736 facilius.
648 2675 775 2736 Nos
818 2675 974 2735 cnim
1030 2674 1469 2736 nuntiationem
1519 2677 1719 2736 solum
1759 2674 2076 2749 habemus,
2124 2691 2348 2736 consu·

278 2760 368 2819 les
401 2767 461 2821 et
492 2759 709 2835 reliqui
740 2758 1128 2833 magistratus
1161 2757 1338 2818 etiam
1393 2759 1791 2833 spectionem.
1874 2759 2057 2820 Estoz
2091 2757 2212 2819 hoc
2242 2758 2350 2817 im-

284 2842 508 2915 perite:
542 2859 657 2903 nec
688 2842 846 2902 enim
880 2851 974 2902 est
1002 2842 1078 2900 ab
1113 2841 1357 2901 homine
1391 2858 1718 2916 numquam
1743 2839 1952 2903 sobrio
1978 2842 2352 2917 postulanda

280 2925 635 3000 prudentia,
676 2927 801 2986 sed·
830 2925 1032 2985 videte
1079 2924 1532 2999 impudentiam.
1622 2924 1827 2986 Multis
1862 2934 2002 2986 ante
2030 2924 2350 2985 mensibus

280 3006 343 3066 in
391 3016 609 3082 senatu
649 3009 803 3068 dixit
851 3024 919 3067 se
956 3008 1308 3068 Dolabellae
1351 3008 1594 3068 comitia
1632 3017 1738 3069 aut
1771 3008 2210 3083 prohibiturum
2241 3025 2347 3069 au-

282 3087 495 3163 spiciis
537 3099 643 3150 aut
670 3090 731 3150 id
766 3092 1059 3150 facturum
1085 3107 1255 3162 esse,
1305 3092 1471 3166 quod
1503 3091 1661 3153 lecit.
1751 3091 2166 3167 Quisquamne
2196 3091 2350 3151 divi-

276 3186 425 3230 nare
470 3179 671 3245 potest
713 3173 859 3246 quid
901 3172 1029 3232 vitii
1073 3173 1131 3232 in
1186 3174 1479 3250 auspiciis
1516 3176 1780 3236 futurum
1810 3174 1917 3249 sit,
1960 3175 2078 3236 nisi
2121 3173 2226 3251 qui
2269 3176 2353 3235 de

277 3252 451 3312 caelo
482 3269 730 3312 servare
766 3254 1123 3314 constituit?
1167 3260 1329 3331 quod
1382 3274 1581 3328 neque
1633 3258 1776 3319 licet
1816 3258 2077 3319 comitiis
2123 3275 2235 3335 per
2264 3259 2351 3319 le-

277 3350 407 3409 geS,
439 3344 517 3406 et,
552 3335 655 3410 qui
690 3337 974 3408 servavit,
1008 3354 1126 3397 non
1148 3340 1408 3401 comitiis
1443 3340 1683 3411 habitis,
1707 3343 1815 3402 sed
1845 3342 2012 3416 prius
2036 3357 2217 3417 quam
2243 3341 2347 3401 ha·

172 3468 181 3481 .,
276 3414 564 3490 beantur,
598 3418 782 3478 debet
821 3419 1114 3480 nuntiare.
1205 3424 1431 3484 Verum
1470 3424 1778 3499 implicata
1800 3424 2123 3485 inscientia
2151 3426 2343 3499 impu‹

279 3497 480 3559 dentia
527 3509 621 3560 est
663 3516 776 3560 nec
817 3501 932 3562 scit
969 3504 1135 3577 quod
1168 3521 1458 3580 augurem
1501 3523 1615 3567 nec
1647 3507 1787 3568 lacit
1816 3509 1983 3583 quod
2017 3508 2350 3584 pudentem

2478 443 2488 648 l

2485 651 2488 758 l
