2514 3928
269 242 395 305 140
867 241 942 300 IN
973 241 1039 302 L.
1069 239 1408 300 PISONEM
1439 239 1742 300 ORATIO.
1843 323 1856 334 .
2272 252 2355 302 42

267 394 579 467 somnum,
639 392 901 452 hominis
944 390 1571 463 furacissimifilium,
1626 407 1816 451 ausus
1855 400 1953 451 est
1992 391 2351 466 appellare=

265 484 326 537 et
366 476 615 554 [homini
659 477 777 536 levi
818 483 877 535 et
916 475 1144 553 subito]
1188 474 1374 534 filiam
1416 474 1757 534 collocavit.
1817 474 2010 534 IDEM
2050 481 2111 535 et
2146 475 2350 535 ARU-

267 560 551 621 §IANUS
578 559 917 621 MESSIUS
964 576 1023 635 p.
1053 558 1196 620 221.
1236 558 1510 617 Lindem.

393 658 547 716 VIll.
633 659 798 731 Quae
840 667 909 733 te
947 659 1192 718 beluam
1247 673 1325 716 ex
1383 663 1588 727 utero,
1656 672 1779 716 non
1823 655 2127 716 hominem
2169 657 2346 719 rudit.

264 741 602 803 SERVIUS
631 742 739 802 AD
771 742 984 803 VIRG.
1015 741 1192 800 AEN.
1224 739 1327 799 lib.
1358 741 1517 798 v111.
1555 756 1607 800 v.
1643 737 1784 800 139.

386 841 486 901 IX.
519 842 712 914 Quum
741 840 846 902 tibi
871 845 996 900 tota
1021 837 1303 911 cognatio
1330 853 1580 897 serraco
1604 835 1959 897 advehatur.
2006 835 2342 910 QmNCTl-

266 924 548 985 LIANUS
579 926 716 984 inst.
751 931 894 983 orat.
933 921 1030 981 lib.
1059 922 1220 981 VIII.
1255 936 1309 980 c.
1338 919 1400 980 3.
1428 926 1481 986 §-
1515 919 1618 980 21.

360 1012 456 1098 [X.
544 1022 865 1081 Proximus
908 1006 1267 1092 Pompeium
1309 1016 1622 1077 sedebam.
1690 1014 2087 1078 DIOMEDES
2130 1017 2232 1077 lib.
2277 1016 2340 1078 l.

265 1124 323 1181 p.
354 1103 499 1167 405.
541 1101 630 1180 Ρ.]

384 1217 427 1276 Ι.
477 1215 530 1275 1.
588 1263 602 1277 .
629 1261 643 1276 .
671 1261 686 1275 .
713 1262 767 1275 ..
814 1219 1021 1279 Iamne
1062 1216 1268 1288 vides,
1313 1215 1524 1288 belua,
1578 1215 1780 1274 iamne
1820 1215 2010 1274 sentis
2055 1230 2214 1289 quae
2257 1215 2341 1274 sit

262 1300 570 1361 hominum
587 1304 863 1374 querella
880 1301 1094 1362 frontis
1126 1305 1307 1360 tuae?
1342 1299 1531 1359 Nemo
1561 1299 1834 1372 queritur
1867 1296 2088 1374 Syrum
2121 1299 2335 1359 nescio

263 1400 444 1458 quem
479 1387 556 1444 de
582 1401 769 1460 grege
800 1386 1179 1446 noviciorum
1209 1384 1435 1443 factum
1465 1397 1607 1443 esse
1637 1380 1970 1442 consulem.
2015 1381 2148 1440 Non
2173 1382 2337 1440 enim

262 1484 376 1528 nos
407 1469 578 1529 color
605 1468 722 1529 iste
752 1468 1010 1542 serviliS,
1040 1484 1161 1528 non
1195 1468 1433 1543 pilosae
1465 1480 1684 1541 genae,
1712 1480 1833 1524 non
1866 1465 2081 1525 dentes
2109 1465 2338 1540 putridi

262 1552 664 1628 deceperunt}
712 1551 904 1625 oculi,
947 1552 1303 1627 supercilia,
1349 1551 1551 1623 frons,
1595 1551 1797 1609 vultus
1844 1548 2110 1623 denique
2151 1555 2335 1623 totuS,

262 1634 368 1711 qui
399 1652 601 1703 sermo
634 1637 881 1711 quidam
913 1636 1129 1696 tacitus
1160 1635 1378 1694 mentis
1405 1640 1515 1705 est,
1548 1632 1647 1692 hic
1668 1631 1728 1692 in
1754 1633 2028 1692 fraudem
2047 1631 2341 1692 homines

260 1719 525 1794 impulit:
569 1719 668 1778 hic
711 1735 854 1793 eos,
904 1718 1127 1793 quibus
1169 1725 1300 1778 erat
1326 1718 1601 1792 ignotuS,
1646 1716 1915 1790 decepit,
1962 1716 2196 1786 fefellit,
2242 1717 2331 1774 in-

262 1803 453 1861 duxit.
510 1802 694 1862 Pauci
726 1803 842 1863 ista
870 1808 974 1861 tua
1001 1802 1293 1860 lutulenta
1323 1801 1463 1860 vitia
1501 1816 1820 1860 noramus=
1872 1799 2052 1874 pauci
2084 1799 2328 1860 tardita-

260 1894 379 1945 tem
410 1885 653 1960 ingenii,
687 1893 1000 1960 stuporem
1023 1885 1515 1959 debilitatemque
1536 1885 1796 1959 linguae.
1839 1883 2182 1959 Numquam
2200 1892 2332 1944 erat

258 1969 464 2030 audita
515 1985 636 2029 vox
686 1970 746 2030 in
800 1971 965 2029 foro:
1022 1985 1353 2043 numquam
1407 1970 1739 2044 periculum
1787 1969 2012 2030 factum
2058 1967 2326 2028 consilii=
2365 2003 2369 2008 -

258 2054 486 2113 nullum
533 2070 653 2113 non
685 2054 871 2115 modo
904 2053 1165 2125 illustre,
1211 2053 1324 2112 sed
1355 2068 1431 2110 ne
1460 2059 1665 2112 notum
1700 2052 1942 2127 quidem
1974 2052 2198 2114 factum
2225 2060 2330 2111 aut

257 2136 504 2197 militiae
547 2144 650 2197 aut
691 2137 875 2197 domi.
949 2136 1288 2211 Obrepsisti
1332 2138 1408 2195 ad
1453 2136 1719 2196 honores
1760 2151 1967 2197 errore
1997 2135 2329 2209 hominum,

257 2220 782 2281 commendatione
813 2221 1186 2281 fumosarum
1216 2218 1576 2295 imaginum,
1622 2236 1875 2295 quarum
1909 2219 2105 2278 simile
2131 2218 2326 2279 habes

255 2304 401 2361 nihil
435 2310 673 2379 praeter
708 2306 997 2366 colorem.
1054 2303 1113 2364 2.
1155 2304 1214 2362 Is
1244 2303 1387 2362 mihi
1416 2304 1595 2363 etiam
1626 2301 2000 2377 gloriabatur
2018 2322 2091 2365 se
2111 2318 2326 2363 omnes

255 2388 638 2461 magistratus
686 2389 820 2448 sine
860 2388 1112 2462 repulsa
1153 2388 1557 2447 adsecutum?
1597 2386 1743 2446 Mihi
1788 2387 1906 2446 ista
1950 2386 2092 2449 licet
2120 2386 2197 2445 de
2227 2401 2325 2446 me

257 2486 402 2529 vera
444 2486 578 2531 cum
626 2471 820 2546 gloria
863 2472 1238 2547 praedicare.
1311 2468 1533 2529 Omnes
1567 2471 1725 2530 enim
1756 2470 2021 2531 honores
2055 2470 2324 2545 populus
2442 2499 2464 2521 ο

257 2553 566 2615 Romanus
605 2554 748 2615 mihi
791 2555 910 2630 ipsi
956 2554 1182 2615 homini
1226 2554 1456 2615 detulit.
1529 2554 1679 2613 Nam
1723 2561 1785 2613 tu
1816 2569 1999 2629 quum
2031 2560 2321 2628 quaestor

253 2652 322 2697 es
356 2640 582 2714 sactuS,
628 2641 807 2706 etiam
845 2638 953 2715 qui
985 2645 1044 2699 te
1075 2655 1404 2713 numquam
1436 2637 1745 2714 viderant,
1787 2644 1985 2696 tamen
2017 2637 2181 2696 illum
2211 2636 2320 2697 ho-

253 2738 463 2781 norem
505 2722 730 2783 nomini
764 2723 1131 2783 mandabant
1154 2729 1277 2797 tuo.
1341 2720 1575 2786 Aedilis
1606 2736 1676 2782 es
1707 2722 1934 2781 factusz
1979 2719 2119 2781 Piso
2150 2727 2245 2781 est
2282 2736 2319 2789 a

257 2807 484 2880 populo
512 2809 788 2867 Romano
823 2808 1049 2879 sactus,
1085 2822 1206 2866 non
1239 2804 1353 2864 iste
1382 2804 1544 2863 Piso.
1587 2804 1878 2864 Praetura
1912 2805 2053 2864 item
2079 2803 2291 2863 maiori

251 2887 368 2947 bus
399 2891 597 2950 delata
628 2900 724 2952 est
755 2892 891 2951 tuis.
949 2890 1085 2950 Noti
1117 2894 1289 2949 erant
1314 2888 1397 2947 illi
1417 2890 1673 2949 *mortuiz
1718 2894 1777 2948 te
1808 2888 2013 2948 vivum
2048 2887 2318 2948 nondum

252 2982 506 3033 noverat
536 2974 882 3049 quisquam.
925 2972 1027 3033 Me
1054 2988 1240 3045 quum
1271 2979 1659 3045 quaestorem
1690 2971 1749 3032 in
1785 2971 2026 3047 primis,
2058 2971 2316 3031 aedilem

251 3054 535 3130 priorem,
569 3064 908 3130 praetorem
930 3055 1187 3131 primum
1212 3054 1448 3115 cunctis
1473 3055 1783 3131 suffragiis
1807 3055 2074 3131 populus
2096 3055 2313 3115 Roma-

250 3154 363 3198 nus
397 3138 686 3213 faciebat,
718 3139 945 3199 homini
974 3138 1075 3198 ille
1102 3139 1429 3214 honorem,
1461 3156 1584 3201 non
1615 3140 1842 3215 generi,
1875 3138 2162 3211 moribuS,
2194 3153 2315 3198 non

250 3221 579 3283 maioribus
624 3223 808 3296 meiS,
867 3222 1069 3282 virtuti
1114 3231 1504 3298 perspectae,
1573 3240 1693 3283 ron
1736 3223 1978 3284 auditae
2020 3220 2314 3283 nobilitati

248 3306 577 3367 deserebat.
635 3304 696 3366 3.
735 3306 884 3365 Nam
919 3305 1065 3380 quid
1094 3323 1209 3381 ego
1241 3308 1319 3367 de
1350 3309 1673 3368 consulatu
1699 3308 1951 3382 loquar,
1993 3314 2169 3382 parto
2202 3305 2313 3380 viS,

245 3405 405 3449 anne
445 3398 664 3465 gesto?
716 3390 1005 3451 Miserum
1048 3400 1176 3451 me!
1234 3405 1371 3450 cum
1416 3391 1531 3451 hac
1569 3406 1667 3450 me
1709 3406 1873 3451 nunc
1916 3397 2090 3466 peste
2130 3396 2315 3464 atque

247 3474 382 3534 labe
412 3476 696 3536 confero!
743 3474 867 3535 Sed
896 3474 1039 3535 nihil
1072 3472 1469 3549 comparandi
1498 3489 1688 3533 causa
1714 3475 1961 3551 loquar,
2008 3488 2084 3533 ac
2110 3479 2315 3536 tamen
