2514 3928
163 125 243 189 12
756 125 907 186 PRo
936 124 1000 185 P.
1035 108 1304 187 SESTIO
1340 127 1646 188 ORA‘no.

158 292 354 349 roque
379 274 701 336 coniuncta
724 284 907 351 atque
931 276 1305 351 communia,
1335 279 1455 339 hoc
1483 297 1663 340 unum
1685 279 1869 341 habet
1890 279 2229 357 proprium,

159 367 224 420 ut
251 375 330 418 ex
361 359 508 418 urbe
537 358 868 435 expulerit,
901 362 1063 436 relat,
1032 361 1211 434 arit‚
1248 379 1372 423 non
1405 363 1549 423 dico
1575 362 1840 436 equitem
1862 365 2225 461 Romanum,

157 459 278 502 non
316 440 762 503 ornatissimum
797 451 981 518 atque
1022 445 1315 520 optimum
1350 445 1575 519 virum,
1620 462 1742 506 non
1785 445 2229 509 amicissimum

157 524 243 585 rei
286 524 566 601 publicae
608 525 833 600 civem,
887 543 1005 587 non
1046 528 1148 588 illo
1192 528 1331 603 ipso
1366 538 1641 605 tempore
1673 546 1793 590 una
1823 546 1963 591 cum
2005 541 2227 594 senatu

156 616 377 669 etcum
400 608 579 669 bonis
604 609 884 671 omnibus
911 627 1123 672 casum
1147 611 1324 672 amici
1354 612 1567 689 reique
1589 613 1871 688 publicae
1894 614 2224 690 lugentem,

157 694 270 754 sed
294 694 492 752 civem
515 693 856 752 Romanum
881 692 1016 752 sine
1036 696 1159 754 ullo
1185 694 1411 753 iudicio
1441 703 1506 754 ut
1528 694 1730 755 edicto
1759 712 1836 753 ex
1857 694 2053 769 patria
2076 711 2221 756 con·

155 779 253 837 sul
280 775 545 837 eiecerit.
605 776 704 836 30.
729 775 887 835 Nihil
911 776 1194 837 acerbius
1219 777 1376 836 socii
1400 785 1462 838 et
1482 778 1677 838 Latini
1703 780 1864 838 serre
1886 777 2050 838 soliti
2075 786 2230 840 sunt.

158 875 339 932 quam
375 875 474 930 se,
522 858 583 918 id
615 859 781 933 quod
822 875 1071 934 perraro
1114 859 1363 932 accidit,
1416 877 1496 921 ex
1535 861 1686 920 urbe
1726 859 1899 922 exire
1929 877 1968 921 a
2001 876 2219 923 consu-

156 941 316 1002 libus
355 939 566 1001 iuberi.
651 943 855 1016 Atque
894 941 1013 1002 illis
1039 949 1167 1009 tum
1211 952 1342 1004 erat
1378 943 1611 1004 reditus
1648 945 1707 1004 in
1740 961 1887 1005 suas
1923 943 2226 1018 civitateS,

156 1025 236 1085 ad
267 1040 420 1086 suos
437 1025 628 1084 Lares
657 1023 983 1084 familiares
1014 1033 1075 1086 et
1093 1025 1154 1085 in
1183 1025 1288 1086 illo
1314 1025 1624 1098 ,communi
1646 1027 2032 1088 incommodo
2058 1029 2227 1089 nulla

154 1107 215 1169 in
259 1123 629 1182 quemquam
668 1107 918 1183 propria
958 1107 1291 1184 ignominia
1333 1109 1681 1172 nominatim
1728 1112 2003 1172 cadebat.
2088 1111 2228 1171 Hoc

156 1206 304 1251 vero
351 1192 498 1266 quid
541 1199 677 1252 est?
729 1191 1154 1254 exterminabit
1199 1192 1371 1254 cives
1402 1194 1717 1255 Romanos
1757 1192 1960 1255 edicto
2004 1195 2225 1256 consul

154 1290 192 1335 a
225 1274 355 1335 suis
387 1274 480 1334 dis
512 1274 879 1351 penatibus?
908 1277 1173 1351 expellet
1196 1290 1276 1336 ex
1305 1277 1539 1352 patria?
1568 1276 1791 1352 deliget
1812 1293 1994 1352 quem
2034 1278 2226 1346 volet,

154 1357 465 1420 damnabit
494 1367 679 1435 atque
709 1357 907 1420 eiiciet
929 1359 1325 1421 nominatim?
1376 1359 1519 1433 Hic,
1556 1360 1609 1421 si
1638 1377 1925 1435 umquam
1949 1377 2063 1421 vos
2087 1376 2225 1432 e08,

157 1443 261 1518 qui
292 1459 454 1504 nunc
486 1443 666 1515 estis,
711 1443 773 1502 in
802 1458 871 1502 re
900 1443 1145 1517 publica
1173 1446 1306 1503 sore
1335 1452 1642 1519 putasset,
1691 1443 1744 1504 si
1777 1442 2040 1518 denique
2072 1443 2220 1503 ima-

153 1525 355 1601 ginem
387 1525 750 1587 iudiciorum
778 1533 884 1586 aut
909 1527 1295 1587 simulacrum
1326 1526 1576 1602 aliquod
1608 1530 1868 1589 futurum
1894 1526 1955 1588 in
1979 1525 2224 1586 civitate

151 1610 453 1684 reliquum
496 1608 888 1679 credidisset,
938 1626 1224 1685 umquam
1267 1627 1457 1671 ausus
1500 1620 1669 1673 esset
1713 1620 1992 1672 senatum
2036 1611 2114 1670 de
2152 1626 2226 1669 re

153 1692 400 1766 publica
439 1692 680 1764 tollere,
731 1690 1002 1767 equitum
1028 1694 1442 1754 Romanorum
1489 1711 1707 1770 preces
1741 1693 2090 1769 aspernari,
2136 1692 2219 1752 ci-

155 1774 320 1836 vium
361 1774 630 1850 denique
660 1773 923 1835 omnium
956 1775 1134 1836 novis
1177 1785 1239 1838 et
1278 1775 1567 1839 inauditis
1595 1777 1815 1839 edictis
1845 1777 1943 1839 ius
1980 1777 2223 1837 liberta-

153 1866 398 1934 temque
420 1862 816 1933 pervertere?
869 1858 970 1919 31.
1000 1858 1130 1920 Etsi
1153 1876 1250 1921 me
1272 1860 1692 1922 attentissimis
1717 1859 1952 1934 animis,
1986 1876 2223 1921 summa

154 1959 289 2003 cum
329 1941 700 2018 benignitate
738 1943 990 2013 auditiS‚
1040 1943 1304 2017 iudiceS,
1353 1953 1553 2006 tamen
1583 1961 1805 2007 vereor
1838 1961 1915 2005 ne
1948 1944 2085 2021 quis
2118 1959 2218 2005 ve·

154 2035 347 2087 strum
375 2029 531 2089 forte
571 2027 820 2088 miretur
849 2026 997 2102 quid
1027 2028 1178 2088 haec
1207 2045 1344 2088 mea
1374 2027 1566 2091 oratio
1601 2037 1721 2090 tam
1752 2031 1939 2105 longa
1966 2036 2072 2089 aut
2102 2036 2224 2089 tam

152 2111 271 2171 alte
309 2112 568 2186 repetita
609 2109 754 2171 velit
791 2119 895 2172 aut
928 2112 1075 2187 quid
1116 2113 1193 2172 ad
1223 2112 1285 2171 P.
1320 2111 1504 2174 Sestii
1535 2129 1781 2175 causam
1818 2128 2059 2187 eorum,
2116 2109 2224 2186 qui

151 2202 292 2255 ante
333 2194 513 2255 huius
553 2193 918 2255 tribunatum
951 2212 1078 2255 rem
1117 2194 1420 2269 publicam
1452 2205 1780 2269 vexarunt,
1830 2195 2053 2258 delicta
2082 2211 2220 2270 per·

149 2277 406 2339 tineant:
482 2276 626 2337 mihi
663 2278 1023 2339 autem-hoc
1066 2278 1452 2353 propositum
1480 2287 1604 2355 est,
1658 2281 1982 2342 ostendere
2014 2275 2220 2339 omnia

152 2360 410 2422 consilia
446 2361 510 2420 P.
547 2360 731 2422 Sestii
765 2370 1150 2437 mentemque
1193 2362 1378 2424 totius
1424 2363 1763 2425 tribunatus
1805 2363 1963 2424 hanc
2007 2361 2226 2436 fuisse,

152 2453 217 2505 ut
257 2442 540 2505 adflictae
580 2452 641 2505 et
684 2444 958 2521 perditae
997 2444 1088 2504 rei
1130 2445 1411 2521 publicae
1446 2456 1734 2521 quantum
1769 2455 1987 2522 posset
2013 2446 2218 2507 mede·

146 2536 335 2607 retur.
387 2532 484 2590 Ac
511 2527 565 2589 si
595 2528 654 2588 in
686 2528 1074 2604 exponendis
1103 2528 1461 2591 vulneribus
1489 2528 1611 2593 illis
1642 2532 1719 2591 de
1747 2547 1845 2592 me
1873 2529 2013 2605 ipso
2045 2530 2222 2605 plura

151 2612 356 2674 dicere
385 2613 673 2686 videbor,
703 2612 1100 2688 ignoscitote!
1162 2613 1315 2673 Nam
1342 2622 1402 2674 et
1421 2612 1585 2674 illam
1613 2630 1810 2675 meam
1840 2614 2073 2674 cladem
2106 2628 2226 2673 vos

151 2703 209 2754 et
239 2714 452 2758 omnes
485 2695 631 2757 boni
661 2696 989 2758 maximum
1018 2713 1164 2757 esse
1190 2695 1280 2756 rei
1311 2696 1592 2771 publicae
1645 2699 1866 2759 vulnus
1901 2694 2224 2757 iudicastis

150 2786 211 2838 et
235 2778 298 2837 Ρ.
331 2780 568 2841 Sestius
604 2789 701 2841 est
731 2798 877 2841 reus
907 2798 1028 2841 non
1061 2797 1207 2852 suo,
1256 2781 1371 2840 sed
1402 2797 1540 2842 meo
1573 2780 1849 2856 nomine,
1897 2780 2001 2856 qui
2035 2797 2224 2856 quum

151 2878 391 2923 omnem
420 2861 540 2922 vim
583 2879 615 2923 s
709 2863 1048 2927 tribunatus
1090 2863 1153 2923 in
1197 2879 1332 2923 mea
1364 2865 1558 2925 salute
1588 2861 2068 2941 consumpserit,
2116 2878 2221 2923 ne.-

151 2961 331 3006 cesse
361 2954 457 3008 est
484 2962 621 3006 mea
584 2881 682 3007 affl
714 2962 965 3009 causam
991 2945 1305 3025 praeteriti
1337 2946 1627 3023 temporis
1666 2965 1803 3009 cum
1832 2946 2015 3009 huius
2046 2962 2223 3022 prae-

150 3030 307 3089 senti
340 3030 701 3090 defensione
729 3045 872 3093 esse
906 3030 1311 3092 coniunctam.

315 3114 472 3172 XIV.
503 3112 607 3174 32.
652 3113 796 3176 Erat
821 3114 1003 3191 igitur
1027 3114 1090 3176 in
1131 3117 1299 3176 luctu
1328 3123 1611 3176 senatus·
1656 3114 1978 3190 squalebat
2005 3113 2226 3176 civitas

147 3196 396 3271 publico
440 3193 699 3258 consilio
745 3206 917 3259 veste
964 3203 1219 3259 mutata·
1273 3199 1503 3259 nullum
1548 3207 1678 3260 erat
1717 3197 1925 3259 Italiae
1968 3196 2220 3259 munici-

148 3279 345 3355 pium,
376 3281 542 3341 nulla
569 3279 842 3356 colonia,
874 3283 1036 3342 nulla
1068 3282 1477 3356 praefectura,
1507 3273 1671 3342 nulla
1691 3283 1923 3343 Romae
1952 3279 2227 3343 societas

149 3361 562 3439 vectigalium,
607 3365 833 3425 nullum
865 3364 1187 3438 collegium
1215 3374 1324 3427 aut
1353 3366 1675 3427 concilium
1707 3374 1811 3427 aut
1839 3365 2086 3428 omnino
2116 3363 2226 3423 ali·
