2514 3928
629 391 794 452 CAP.
828 401 1088 454 40—42.
1118 399 1172 459 S.
1199 398 1270 456 87
1297 400 1469 456 -92.
2018 395 2102 457 35

23 543 396 620 dignitatem,
429 544 684 620 gloriam
713 553 891 605 natus
917 544 978 604 vi
1008 545 1447 606 sceleratorum
1471 543 1782 607 hominum
1806 549 2098 608 corrobo-

21 638 173 702 rata,
215 627 455 704 legibus
487 627 858 703 iudiciisque
889 627 1193 689 sublatis?
1257 628 1546 690 Cervices
1576 629 1855 692 tribunus
1896 632 2098 707 plebis

17 712 281 789 privat0,
339 712 904 788 praestantissimus
948 713 1041 772 vir
1079 710 1584 789 profligatissimo
1617 713 1847 776 homini
1883 715 2100 776 daret?

17 814 89 857 an
114 812 367 858 causam
399 798 762 873 susceptam
782 795 1146 879 adfligeret?
1187 813 1266 857 an
1296 814 1367 858 se
1402 797 1565 859 domi
1599 798 1982 860 contineret?
2023 801 2098 861 Et

16 881 170 940 vinci
204 889 381 957 turpe
419 881 651 957 putavit
681 889 741 942 et
769 879 1063 943 deterreri
1093 889 1155 942 et
1182 883 1393 945 latere.
1469 881 1731 943 Perfecit
1761 892 1854 955 ut,
1900 900 2090 958 quon-

13 963 127 1025 iam
158 963 276 1026 sibi
309 964 370 1026 in
403 967 570 1026 illum
599 965 838 1041 legibus
872 965 960 1026 uti
991 982 1114 1026 non
1151 963 1396 1039 liceret,
1442 964 1606 1027 illius
1644 966 1765 1026 vim
1801 982 2006 1042 neque
2035 966 2093 1026 in

13 1066 122 1109 suo
157 1066 359 1125 neque
390 1049 450 1109 in
477 1049 566 1110 rei
595 1049 882 1126 publicae
913 1049 1184 1125 periculo
1219 1050 1698 1126 pertimesceret.

170 1132 348 1194 XLII.
378 1133 479 1195 90.
526 1133 657 1208 Quo
681 1134 869 1195 modo
901 1133 1084 1210 igitur
1110 1134 1313 1195 hocin
1341 1151 1571 1211 genere
1598 1132 1893 1211 praesidii
1926 1150 2091 1197 com·

9 1217 198 1293 parati
228 1234 493 1279 accusas
519 1216 807 1290 Sestium,
841 1235 1028 1292 quum
1057 1217 1217 1278 idem
1249 1220 1467 1280 laudes
1490 1215 1823 1280 Milonem?
1861 1219 1961 1279 An
1986 1218 2091 1295 qui

9 1318 119 1361 sua
163 1310 326 1363 tecta
371 1300 672 1380 defendit,
727 1300 835 1376 qui
876 1302 954 1360 ab
983 1301 1140 1374 ariS,
1190 1303 1347 1362 focis
1391 1305 1617 1362 ferrum
1658 1303 2092 1377 flammamque

10 1383 289 1459 depellit,
335 1383 442 1457 qui
471 1382 591 1443 sibi
620 1382 806 1444 licere
835 1384 966 1442 vult
994 1391 1123 1443 tuto
1160 1400 1305 1444 esse
1331 1386 1392 1443 in
1424 1386 1594 1455 foro,
1637 1386 1697 1446 in
1727 1387 1986 1462 templo,
2027 1386 2089 1446 in

13 1466 197 1535 curia,
228 1465 360 1526 iure
387 1464 763 1541 praesidium
794 1473 1138 1540 comparata
1172 1466 1281 1540 qui
1306 1465 1681 1537 vulneribuS,
1713 1484 1873 1544 quae
1902 1469 2096 1530 cernit

13 1547 238 1609 cotidie
271 1557 399 1610 toto
436 1564 730 1624 corpore,
773 1557 1056 1610 monetur
1096 1556 1162 1609 ut
1211 1548 1421 1625 aliquo
1466 1549 1777 1625 praesidio
1814 1560 1998 1625 eaput
2034 1561 2097 1613 et

9 1631 285 1694 cervices
310 1639 372 1693 et
393 1631 669 1709 iugulum
688 1649 764 1694 ac
792 1633 986 1694 latera
1014 1641 1256 1707 tutetur,
1291 1633 1453 1694 hunc
1480 1633 1561 1693 de
1588 1632 1652 1693 vi
1679 1635 2095 1695 accusandum

5 1723 231 1793 putas?
284 1715 385 1780 91.
420 1717 569 1792 Quis
598 1717 758 1778 enim
788 1725 1098 1791 nostrum,
1131 1715 1403 1791 iudiceS,
1434 1716 1677 1794 ignorat
1705 1716 1788 1779 ita
1819 1725 2094 1779 naturam

3 1818 202 1862 rerum
237 1801 482 1875 tulisse,
534 1809 603 1863 ut
644 1803 914 1877 quodam
949 1810 1226 1877 tempore
1261 1800 1543 1872 homines
1574 1802 1845 1885 nondum
1889 1817 2093 1879 neque

2 1884 260 1947 naturali
290 1903 496 1961 neque
525 1884 687 1946 civili
718 1885 854 1948 iure
885 1879 1199 1964 descripto
1224 1887 1347 1948 fusi
1374 1903 1486 1961 per
1513 1903 1700 1962 agros
1724 1904 1798 1948 ac
1821 1885 2091 1963 dispersi

3 1979 369 2047 vagarentur
406 1980 762 2049 tantumque
798 1970 1123 2041 haberent,
1185 1981 1481 2062 quangum
1527 1988 1711 2033 manu
1749 1988 1824 2034 ac
1855 1970 2088 2035 viribus

4 2070 115 2131 per
146 2056 400 2117 caedem
443 2072 517 2116 ac
550 2057 805 2117 vulnera
845 2064 952 2118 aut
992 2058 1370 2132 eripereaut
1397 2055 1665 2117 retinere
1700 2057 2091 2133 potuissent?

2 2137 118 2213 Qui
145 2137 328 2214 igitur
361 2138 536 2214 primi
576 2138 799 2201 virtute
826 2148 888 2200 et
927 2139 1187 2201 consilio
1229 2139 1567 2217 praestanti
1607 2140 2000 2213 exstiterunt,
2046 2139 2089 2200 ii

0 2232 335 2299 perspecto
367 2237 597 2298 genere
628 2222 932 2285 humanae
970 2221 1298 2285 docilitatis
1328 2234 1516 2300 atque
1547 2223 1775 2300 ingenii
1818 2223 2087 2299 dissipa·

0 2315 98 2368 tos
135 2324 324 2367 unum
356 2306 433 2367 in·
452 2308 653 2368 locum
684 2316 1136 2383 congregarunt
1166 2323 1408 2387 eosque
1438 2324 1521 2369 ex
1548 2307 1846 2369 efferitate
1875 2308 1980 2368 illa
2009 2306 2085 2367 ad

3 2387 295 2449 iustitiam
351 2396 538 2464 atque
591 2390 669 2448 ad
726 2388 1263 2450 mansuetudinem
1315 2388 1819 2449 transduxerunt.
1923 2389 2076 2449 Tum

5 2488 106 2532 res
155 2474 231 2531 ad
274 2488 662 2532 communem
707 2473 1055 2540 utilitatem,
1116 2471 1273 2547 quas
1331 2470 1609 2547 publicas
1664 2472 2077 2548 appellamus,

0 2562 126 2614 tum
159 2551 589 2615 conventicula
617 2552 962 2625 hominum,
998 2568 1159 2628 quae
1190 2560 1409 2628 postea
1432 2550 1712 2613 civitates
1736 2550 2085 2612 nominatae

0 2644 171 2709 sunt,
215 2646 343 2698 tum
372 2636 681 2698 domicilia
711 2637 1067 2709 coniuncta,
1105 2652 1262 2711 quas
1292 2635 1477 2696 urbes
1505 2633 1798 2707 dicimuS,
1832 2635 2083 2694 invento

0 2729 59 2782 et
89 2719 298 2782 divino
335 2720 467 2782 iure
497 2728 558 2781 et
598 2721 864 2781 humano
907 2719 1228 2781 moenibus
1264 2727 1651 2795 saepserunt.
1734 2718 1837 2779 9'2.
1877 2720 2084 2792 Atque

0 2804 157 2865 inter
199 2804 356 2865 hanc
400 2804 584 2865 vitam
629 2803 990 2880 perpolitam
1031 2802 1403 2864 humanitate
1453 2811 1515 2864 et
1557 2802 1720 2862 illam
1760 2802 2084 2862 immanem

0 2887 146 2948 nihil
187 2898 305 2949 tam
336 2888 588 2949 interest
619 2905 799 2964 quam
832 2888 927 2948 ius
958 2897 1144 2963 atque
1173 2886 1290 2947 vis.
1352 2887 1583 2948 Horum
1626 2894 1763 2946 utro
1794 2883 1881 2945 uti
1912 2884 2083 2946 nolu-

0 2989 168 3045 muS‚
198 2973 390 3034 altero
424 2979 520 3033 est
551 2972 860 3048 utendum.
908 2972 1047 3036 Vim
1077 2973 1363 3032 volumus
1386 2968 1724 3046 exstingui:
1755 2967 1851 3030 ius
1882 2969 2086 3029 valeat

0 3072 264 3118 necesse
288 3064 415 3128 est,
445 3055 510 3115 id
533 3065 645 3130 est,
674 3056 928 3128 iudicia,
967 3057 1193 3132 quibus
1229 3072 1410 3115 omne
1440 3056 1537 3115 ius
1566 3052 1927 3115 continetur.
1985 3054 2083 3112 Iu-

0 3139 162 3200 dicia
203 3140 531 3215 displicent
572 3148 677 3201 aut
715 3141 880 3200 nulla
920 3148 1095 3201 sunt=
1149 3138 1245 3200 vis
1286 3139 1633 3200 dominetur
1665 3152 1927 3199 necesse
1965 3144 2079 3195 est.

0 3226 134 3285 Hoc
165 3223 375 3285 vident
404 3240 647 3286 omnes·
690 3224 836 3285 Milo
870 3231 930 3284 et
961 3223 1113 3285 vidit
1141 3230 1203 3283 et
1245 3222 1417 3295 fecit,
1461 3230 1528 3283 ut
1557 3223 1652 3283 ius
1682 3219 2080 3297 experiretur,

0 3307 123 3369 vim
155 3308 508 3385 depelleret
573 3309 783 3370 Altero
815 3307 900 3368 uti
929 3307 1149 3379 voluit,
1193 3314 1263 3368 ut
1300 3306 1495 3368 virtus
1526 3304 1846 3366 audaciam
1875 3300 2081 3361 vince-

0 3400 123 3454 ret.
173 3394 364 3453 altero
395 3409 549 3453 usus
581 3391 934 3454 necessario
969 3399 1094 3463 est,
1143 3406 1223 3450 ne
1240 3388 1443 3451 virtus
1473 3389 1551 3449 ab
1586 3385 1846 3449 audacia
1876 3382 2081 3454 vinee·

0 3484 183 3539 retur.
287 3476 644 3551 Eademque
681 3474 834 3538 ratio
875 3475 986 3535 suit
1015 3472 1233 3547 Sestii,
1286 3472 1342 3533 si
1380 3471 1579 3532 minus
1621 3471 1682 3530 in
1725 3451 2078 3528 accusando

0 3591 79 3606 --
114 3576 322 3637 neque
352 3557 509 3621 enim
535 3576 648 3683 per
675 3575 889 3621 omnes
919 3556 1032 3619 fuit
1059 3556 1222 3617 idem
1252 3555 1386 3616 fleri
1414 3568 1801 3686 ηοοθεέῗ-η
1832 3550 2079 3613 atcerte
