2514 3928
184 187 271 250 32
799 184 948 244 PRO
976 183 1042 242 P.
1074 179 1339 243 SESTIO
1371 179 1675 242 ORATIO.

188 339 502 410 diuturna,
534 336 701 396 adeo-
718 335 839 394 vim
872 332 1159 394 facinoris
1191 332 1288 393 sui
1317 333 1820 407 perhorruerant,
1847 339 1931 404 ut,
1964 330 2019 391 si
2049 330 2255 408 paullo

186 420 430 496 longior
472 417 680 494 opinio
722 417 932 479 mortis
967 416 1149 478 Sestii
1195 415 1442 487 fuisset,
1487 415 1827 477 Gracchum
1869 414 2039 475 illum
2077 432 2255 475 suum

191 501 609 565 transferendi·
629 499 689 561 in
725 517 842 561 nos
877 498 1144 561 criminis
1173 515 1367 560 causa
1396 500 1680 560 occidere
1708 498 2058 575 cogitarim..
2104 499 2257 558 Sen-

192 587 273 648 sit
298 585 629 647 rusticulus
663 601 785 646 non
817 582 1101 645 incautus
1128 615 1217 629 --
1256 599 1460 658 neque
1490 582 1652 642 enim
1683 582 1965 643 homines
1995 597 2258 656 nequam

192 680 396 731 tacere
426 676 753 744 potuerunt
792 697 867 711 —-
899 683 1076 728 suum
1116 666 1477 742 sanguinem
1520 666 1734 741 quaeri
1762 667 1841 726 ad
1874 665 2259 741 restinguen-

188 755 332 814 dam
362 750 650 812 invidiam
687 749 974 812 facinoris
1006 749 1310 811 Clodiani=
1332 747 1717 811 mulionicam
1740 751 2062 825 paenulam
2099 747 2250 808 adri-

191 836 353 911 puit,
387 851 524 896 cum
555 852 677 910 qua
706 833 964 909 primum
987 835 1240 894 Romam
1274 835 1352 893 ad
1381 833 1626 895 comitia
1649 843 1928 896 venerata
1960 830 2262 895 messoria

195 936 265 979 se
306 919 494 979 corbe
537 917 825 978 contexit.
917 916 1114 990 Quum
1170 927 1534 992 quaererent
1578 917 1680 977 alii
1728 916 2105 986 Numerium,
2157 913 2258 976 alii

190 1000 518 1076 Quintium,
559 1000 781 1076 gemini
824 998 1086 1060 nominis
1131 1015 1339 1060 errore
1382 1008 1664 1062 servatus
1702 1010 1815 1065 cst.
1895 1004 2099 1076 Atque
2143 999 2261 1059 hoc

194 1084 364 1147 scitis
396 1098 638 1155 omneS,
672 1099 872 1159 usque
901 1084 1058 1144 adeo
1082 1083 1384 1145 hominem
1422 1085 1478 1143 in
1510 1084 1782 1159 periculo
1806 1084 2019 1156 ruisse,
2053 1082 2260 1159 quoad

196 1167 413 1231 scitum
444 1175 542 1228 est
566 1165 833 1228 Sestium
874 1168 1115 1228 vivere.·
1152 1168 1349 1241 *Quod
1383 1167 1443 1227 ni
1467 1178 1630 1230 esset
1655 1167 2043 1241 patefactum,
2056 1167 2261 1242 paullo

198 1252 377 1313 citIus
420 1267 600 1324 quam
648 1252 897 1322 vellem,
950 1268 1071 1311 non
1114 1251 1199 1311 illi
1228 1251 1474 1326 quidem
1498 1261 1693 1313 morte
1718 1252 2117 1313 mercennarii
2166 1249 2258 1310 sui

195 1338 527 1396 transferre
572 1333 916 1409 potuissent
950 1333 1243 1395 invidiam
1278 1335 1338 1395 in
1383 1352 1541 1409 quos
1575 1335 1901 1410 putabant,
1945 1335 2057 1396 sed
2092 1349 2261 1395 acer·

194 1417 434 1479 bissimi
463 1420 715 1479 sceleris
747 1418 1054 1479 infamiam
1088 1427 1262 1493 grato
1308 1420 1574 1493 quodam
1607 1422 1843 1480 scelere
1877 1418 2260 1478 minuissent.

195 1501 297 1564 83.
334 1506 427 1564 Ac
458 1501 512 1562 si
555 1510 676 1562 tum
707 1502 771 1560 P.
803 1501 1075 1572 SestiuS,
1129 1502 1395 1574 iudiceS,
1450 1502 1508 1561 in
1551 1504 1777 1577 templo
1823 1501 2090 1562 Castoris
2131 1498 2262 1559 ani·

196 1602 356 1646 mam
393 1602 575 1661 quam
612 1584 715 1644 vix
744 1585 990 1646 retinuit
1016 1583 1341 1657 edidisset,
1378 1602 1497 1645 non
1531 1585 1739 1646 dubito
1772 1585 1951 1660 quin,
1985 1583 2037 1645 si
2078 1584 2262 1643 modo

198 1676 368 1730 esset
394 1669 455 1728 in
483 1684 551 1727 re
597 1667 842 1742 publica
881 1675 1163 1740 senatuS‚
1210 1668 1265 1728 si
1308 1669 1597 1730 maiestas
1643 1669 1854 1744 populi
1885 1669 2137 1730 Romani
2170 1682 2262 1725 re-

196 1750 486 1823 vixisset,
530 1750 860 1826 aliquando
905 1760 1105 1812 statua
1152 1751 1294 1812 huic
1331 1753 1409 1813 ob
1442 1769 1568 1812 rem
1603 1751 1908 1828 publicam
1945 1751 2261 1811 interfecto

197 1836 258 1897 in
298 1835 432 1896 soro
479 1841 860 1895 statueretur.
941 1835 1068 1895 Nec
1121 1851 1265 1896 vero
1312 1835 1549 1896 illorum
1609 1835 1965 1910 quisquam,
2022 1852 2179 1911 quos
2224 1849 2265 1892 a

198 1915 531 1980 maioribus
571 1916 799 1981 nostris
839 1926 1034 1980 morte
1079 1919 1244 1981 obita
1282 1918 1521 1994 positos
1564 1920 1621 1978 in
1668 1918 1770 1980 illo
1821 1920 1958 1980 loco
1988 1927 2174 1994 atque
2204 1916 2261 1976 in

197 2001 415 2065 rostris
450 2001 786 2063 collocatos
816 2001 1055 2072 videtis,
1097 2011 1267 2064 esset
1292 2003 1356 2062 P.
1386 2002 1587 2064 Sestio
1611 2013 1718 2064 aut
1744 2002 2073 2064 acerbitate
2106 2017 2264 2062 mor-

202 2085 276 2147 tis
311 2094 414 2146 aut
441 2082 641 2145 animo
674 2085 732 2144 in
763 2102 890 2145 rem
913 2086 1217 2160 publicam
1244 2087 1749 2162 praeponendus:
1781 2086 1886 2162 qui
1911 2103 2098 2161 quum
2122 2102 2264 2145 cau·

201 2185 333 2230 sam
364 2166 517 2228 civis
549 2168 918 2241 calamitosi,
955 2185 1205 2230 causam
1236 2167 1445 2240 amici,
1479 2186 1725 2230 causam
1760 2171 1915 2231 bene
1945 2171 2023 2229 de
2060 2186 2124 2230 re
2152 2185 2263 2243 pu-

202 2252 358 2312 blica
400 2250 623 2325 meriti,
680 2267 925 2312 causam
973 2261 1251 2326 senatus,
1312 2269 1559 2313 causam
1602 2253 1838 2324 ltaliae,
1884 2270 2130 2314 causam
2176 2250 2263 2311 rei

202 2333 484 2410 publicae
505 2334 920 2410 suscepisset,
960 2352 1271 2412 quumque
1291 2336 1587 2412 auspiciis
1612 2335 2015 2413 religionique
2039 2351 2262 2411 parens

201 2416 618 2489 obnuntiaret,
669 2418 835 2492 quod
879 2429 1182 2492 senserat,
1228 2421 1366 2480 luce
1408 2420 1608 2495 palam
1637 2436 1673 2480 a
1706 2419 1955 2481 nefariis
1988 2418 2263 2496 pestibus

200 2500 261 2561 in
293 2501 545 2562 deorum
576 2503 1011 2578 hominumque
1044 2512 1382 2578 conspectu
1413 2512 1583 2567 esset
1606 2503 1851 2565 occisus
1875 2500 2263 2565 sanctissimo

196 2585 259 2645 in
292 2585 547 2660 templo,
599 2585 988 2647 sanctissima
1027 2586 1086 2646 in
1120 2603 1338 2661 causa,
1379 2587 1765 2649 sanctissimo
1800 2586 1858 2647 in
1891 2585 2264 2662 magistratu.

201 2668 350 2730 Eius
382 2668 565 2745 igitur
604 2670 785 2731 vitam
819 2669 1143 2746 quisquam
1179 2670 1562 2745 spoliandam
1598 2672 1970 2732 ornamentis
2001 2686 2143 2731 esse
2174 2667 2266 2728 di·

204 2761 326 2824 cet,
380 2752 559 2814 euius
608 2762 859 2815 mortem
912 2755 1244 2815 ornandam
1291 2761 1682 2816 monumento
1733 2757 2103 2831 sempiterno
2151 2770 2262 2828 pu-

202 2835 452 2896 teretis?

370 2918 630 2978 XXXIX.
669 2918 771 2982 84.
815 2917 1141 2996 Ηοῐηίηέε,
1170 2920 1391 2996 inquit,
1429 2920 1658 2993 emisti,
1691 2920 1978 2995 coegisti,
2019 2917 2264 2995 parasti.

204 3034 288 3046 -
312 3000 469 3074 Quid
502 3001 587 3062 uti
622 3002 892 3063 faceret?
942 3012 1219 3064 senatum
1257 3004 1612 3065 obsideret?
1669 3003 1837 3065 cives
1879 3003 2263 3064 indemnatos

202 3085 580 3158 expelleret?
623 3086 783 3145 bona
819 3085 1150 3161 diriperet?
1196 3088 1385 3149 aedes
1418 3088 1810 3149 incenderet?
1853 3096 2011 3148 tecta
2042 3084 2265 3147 distur-

205 3166 418 3229 baret?
480 3169 704 3243 templa
751 3169 1004 3230 deorum
1037 3170 1454 3234 immortalium
1497 3170 1936 3234 inflammaret?
1988 3169 2265 3230 tribunos

204 3248 404 3326 plebis
435 3252 595 3312 ferro
628 3269 663 3313 e
695 3251 912 3314 rostris
939 3254 1315 3329 expelleret?
1354 3253 1701 3330 provincias
1735 3271 1888 3330 quas
1918 3254 2100 3314 vellet
2131 3251 2266 3331 qui·

204 3334 322 3393 bus
372 3334 559 3396 vellet
606 3334 938 3397 venderet?
992 3353 1171 3411 reges
1223 3339 1603 3413 appellaret?
1662 3353 1865 3398 rerum
1918 3334 2266 3411 capitalium

206 3416 642 3479 condemnatos
681 3418 743 3479 in
783 3416 1006 3482 liberas
1051 3420 1327 3481 civitates
1370 3437 1479 3497 per
1518 3423 1752 3497 legatos
1795 3429 2042 3482 nostros
2084 3420 2269 3480 redu-
