2514 3928
239 216 367 288 218
614 208 766 281 PRO
797 214 859 281 C.
889 214 1217 281 RABIRIO
1244 212 1610 281 POSTUMO
1643 216 1947 282 ORATIO.
2248 234 2387 286 120

240 374 472 452 iniqui,
515 372 653 450 ipse
694 369 876 434 etiam
919 369 1233 433 insanisse
1265 387 1336 432 se
1362 372 1704 446 confitetur,
1739 373 1906 447 quod
1937 389 2130 448 suam,
2162 375 2376 449 quod

236 459 572 523 amicorum
630 454 953 532 pecuniam
1012 456 1142 531 regi
1191 454 1520 518 crediderit
1555 472 1694 518 cum
1737 462 1910 517 tanto
1952 459 2372 520 fortunarum

232 560 487 606 suarum
513 542 819 618 periculo=
844 541 965 602 hoc
989 539 1458 616 quidemssemel
1481 548 1776 616 suscepto
1805 549 1994 617 atque
2017 550 2368 605 contracto

235 626 645 706 perpetienda
676 625 780 686 illa
815 626 1087 697 suerunt,
1122 631 1188 686 ut
1215 641 1287 686 se
1312 623 1646 701 aliquando
1675 625 1757 684 ad
1788 642 1942 689 suos
1974 624 2366 690 vindicaret.

239 715 454 791 Itaque
483 709 741 773 obiicias
770 708 914 771 licet
946 725 1128 786 quam
1158 710 1339 770 voles
1370 724 1582 785 saepe,
1615 708 1928 784 palliatum
1961 709 2192 785 fuisse,
2230 710 2361 772 ali·

237 813 365 874 qua
396 793 691 858 habuisse
720 810 843 855 non
873 792 1133 854 Romani
1163 792 1428 854 hominis
1471 791 1762 869 insignia=
1803 795 2087 870 quotiens
2119 811 2359 858 eorum

236 879 560 958 quippiam
591 878 785 953 dices,
813 876 1039 939 totiens
1068 893 1254 938 unum
1286 877 1459 938 dices
1470 875 1883 956 [atqueJ-illud‚
1910 886 2141 939 temere
2168 878 2356 941 hunc

238 962 564 1041 pecuniam
589 961 721 1037 regi
751 960 1092 1022 credidisse
1116 1007 1133 1037 ,
1163 978 1314 1023 suas
1337 962 1616 1023 fortunas
1636 969 1828 1038 atque
1848 964 2067 1024 famam
2093 962 2353 1024 libidini

239 1047 446 1124 regiae
476 1045 885 1107 commisisse.
913 1043 1017 1105 26.
1045 1044 1301 1106 Fecerat
1328 1053 1586 1107 terum-ez
1610 1046 1834 1107 fateor=
1861 1047 2075 1108 mutari
2107 1048 2349 1109 sactum

241 1132 363 1191 iam
395 1132 562 1191 nullo
594 1127 778 1190 modo
810 1136 1080 1205 poterat=
1106 1138 1212 1191 aut
1232 1130 1479 1205 pallium
1513 1131 1875 1192 sumendum
1896 1130 2348 1204 Alexandriae,

239 1223 307 1276 ut
333 1215 389 1275 ei
412 1217 647 1275 Romae
674 1221 884 1290 togato
919 1228 1065 1275 esse
1088 1213 1314 1285 liceret,
1345 1222 1452 1275 aut
1481 1230 1697 1276 omnes
1728 1216 2009 1276 fortunae
2039 1212 2345 1277 abiicien-

241 1300 378 1374 dae‚
408 1299 460 1360 si
490 1307 695 1374 togam
717 1296 1096 1360 ¹retinu1sset.
1182 1299 1255 1358 X.
1285 1297 1653 1359 Deliciarum
1685 1313 1874 1361 causa
1904 1306 1966 1360 et
1997 1299 2342 1374 voluptatis

241 1400 363 1444 non
425 1384 610 1443 modo
654 1383 825 1443 cives
866 1383 1209 1456 RomanoS,
1255 1382 1366 1443 sed
1402 1390 1469 1443 et
1511 1383 1753 1444 nobiles
1800 1384 2233 1445 adolescentes
2277 1391 2344 1444 et

238 1469 549 1544 quosdam
583 1468 761 1529 etiam
794 1474 1148 1541 senatoreS,
1191 1482 1429 1528 summo
1458 1469 1598 1527 loco
1629 1473 1840 1542 natoS,
1885 1483 2005 1528 non
2039 1467 2099 1527 in
2135 1467 2339 1530 hortis

151 1570 154 1571 ⁷
248 1557 359 1611 aut
382 1551 752 1612 suburbanis
780 1551 930 1624 suis,
955 1552 1069 1610 sed
1093 1550 1351 1625 Neapoli
1373 1548 1434 1609 in
1475 1547 1873 1609 celeberrimo
1911 1549 2141 1624 oppido
2176 1565 2317 1609 eum

252 1636 488 1695 Graeca
513 1637 674 1709 palla
699 1649 891 1710 saepe
904 1634 1187 1694 vidimus.
1234 1631 1336 1693 27.
1365 1633 1823 1709 chlamydatam
1849 1630 2008 1692 illam
2025 1635 2091 1693 L.
2110 1632 2323 1694 Sullae

250 1717 660 1794 imperatoris,
685 1720 751 1778 L.
766 1733 918 1779 vero
933 1716 1263 1793 ScipioniS,
1290 1716 1395 1792 qui
1409 1717 1635 1778 bellum
1648 1716 1708 1776 in
1724 1715 1874 1778 Asia
1891 1716 2088 1792 gessit
2104 1717 2320 1780 Antio-

244 1799 555 1874 chumque
586 1795 846 1870 devicit,
888 1811 1010 1855 non
1043 1795 1242 1856 solum
1278 1811 1415 1854 cum
1448 1794 1803 1875 chlamyde,
1837 1796 1949 1856 sed
1981 1795 2160 1856 etiam
2191 1811 2331 1855 eum

248 1881 523 1958 crepidis
555 1880 616 1941 in
648 1877 948 1954 Capitolio
982 1886 1239 1940 statuam
1271 1876 1514 1940 videtis.
1557 1878 1826 1954 Quorum
1860 1877 2191 1955 impunitas
2221 1878 2334 1940 luit

239 1983 365 2029 non
392 1966 577 2027 modo
606 1982 644 2024 a
672 1962 931 2036 iudici0‚
966 1961 1078 2025 sed
1108 1963 1287 2025 etiam
1315 1980 1353 2023 a
1382 1980 1687 2036 sermone.
1772 1962 2037 2025 Facilius
2068 1971 2232 2025 certe
2261 1962 2325 2023 P.

237 2049 529 2112 Rutilium
556 2051 779 2110 Rufum
811 2046 1199 2109 necessitatis
1228 2048 1547 2110 excusatio
1577 2048 1898 2110 desendet=
1946 2049 2049 2124 qui
2075 2065 2259 2124 quum
2288 2064 2328 2108 a

235 2134 587 2195 Mithridate
615 2130 926 2209 Mytilenis
969 2148 1315 2208 oppressus
1361 2139 1558 2204 esset,
1604 2130 2018 2193 crudelitatem
2061 2130 2225 2207 regis
2263 2130 2323 2191 in

234 2227 486 2293 togatos
519 2217 783 2278 vestitus
819 2214 1152 2277 mutatione
1182 2215 1411 2278 vitavit.
1481 2216 1644 2291 Ergo
1677 2215 1780 2277 ille
1808 2216 1869 2277 P.
1909 2214 2189 2291 Rutiliae,
2220 2214 2322 2291 qui

233 2304 655 2363 :documenum
684 2300 796 2361 suit
830 2298 1179 2362 hominibus
1211 2298 1441 2361 nostris
1470 2299 1728 2374 virtutiS‚
1758 2299 2155 2375 antiquitatiS,
2185 2315 2319 2374 pru-

231 2385 503 2458 dentiae,
534 2384 879 2445 consularis
908 2384 1112 2458 homo,
1144 2400 1371 2445 soccos
1396 2382 1608 2446 habuit
1633 2392 1695 2445 et
1728 2383 2008 2459 pallium=
2041 2399 2155 2444 nec
2176 2398 2318 2443 vero

242 2469 305 2528 id
328 2467 556 2529 homini
584 2475 710 2529 tum
737 2468 1096 2544 quisquam,
1142 2468 1256 2529 sed
1297 2467 1556 2544 tempori
1591 2468 2034 2548 adsignandum
2069 2465 2320 2543 putavit=

245 2550 539 2614 Postumo
558 2554 784 2615 crimen
808 2553 1070 2615 vestitus
1088 2553 1328 2613 adferet
1348 2550 1420 2624 is,
1435 2550 1495 2610 in
1514 2565 1638 2625 quo
1653 2565 1803 2624 spes
1820 2548 1946 2621 fuit,
1964 2562 2152 2624 posse
2165 2560 2305 2605 sese

248 2634 582 2711 aliquando
608 2640 688 2700 ad
724 2640 1001 2700 fortunas
1038 2653 1186 2698 suas
1218 2634 1588 2713 pervenire?
1657 2631 1758 2692 28.
1792 2633 2034 2695 Namut
2066 2635 2306 2689 ventum

246 2721 706 2784 Alexandream
748 2732 871 2793 est,
908 2721 1172 2794 iudiceS‚
1212 2721 1367 2781 haec
1396 2736 1520 2779 una
1552 2716 1707 2778 ratio
1742 2734 1779 2777 a
1814 2732 1960 2793 rege
1993 2712 2308 2791 proposita

243 2800 541 2869 Postumo
572 2814 669 2868 est
690 2808 1036 2867 servandae
1061 2806 1388 2881 pecuniae,
1421 2804 1472 2863 si
1498 2802 1873 2863 curationem
1903 2807 1967 2860 et
1991 2797 2168 2875 quasi
2193 2796 2306 2857 dis-

244 2891 678 2959 pensationem
695 2892 925 2967 regiam
941 2887 1348 2963 suscepisset.
1390 2888 1458 2947 Id
1480 2893 1688 2947 autem
1709 2888 1916 2946 faeere
1931 2901 2052 2945 non
2069 2886 2306 2959 poterat

239 2967 361 3029 :nisi
380 2971 693 3054 dioecetes
712 3008 786 3019 —
804 2973 925 3034 hoc
942 2973 1099 3031 enim
1125 2969 1375 3030 nomine
1396 2970 1598 3043 utitur,
1629 2968 1732 3046 qui
1753 2967 2073 3044 pecuniam
2088 2964 2301 3042 regiam

248 3052 474 3128 redigit
492 3089 564 3099 -
582 3063 755 3116 esset
768 3055 1162 3116 constitutus
1203 3054 1496 3115 Odiosum
1511 3054 1824 3130 neg-otium
1835 3054 2134 3114 Postumo
2151 3049 2302 3109 vide·

246 3136 445 3210 batur,
460 3139 570 3198 sed
590 3144 723 3197 erat
734 3139 901 3198 nulla
917 3136 1164 3198 omnino
1180 3142 1490 3201 recusatio
1507 3157 1523 3200 ε
1549 3141 1877 3199 molestum
1896 3136 2076 3197 etiam
2092 3148 2300 3195 nornen

237 3225 478 3298 ipsum,
519 3222 629 3282 sed
672 3237 775 3282 res
815 3219 1083 3284 habebat
1111 3236 1334 3282 nomen
1364 3221 1485 3283 hoc
1512 3223 1680 3299 apud
1708 3221 1879 3295 illue,
1923 3240 2045 3285 non
2074 3222 2186 3282 hic
2212 3220 2305 3280 im·

239 3315 566 3382 posuerat:
609 3306 826 3367 oderat
868 3304 1152 3366 vestitum
1186 3304 1369 3367 etiam
1403 3308 1598 3380 illum,
1643 3308 1755 3367 sed
1800 3307 1935 3368 sine
1965 3323 2041 3368 eo
2072 3323 2184 3367 nec
2211 3321 2307 3365 no·

241 3405 379 3449 men
413 3389 559 3451 illud
597 3398 836 3466 poterat
864 3406 979 3451 nec
1012 3407 1235 3451 munus
1265 3389 1438 3452 tueri.
1514 3391 1688 3467 Ergo
1733 3393 1956 3462 ademi
1992 3394 2109 3464 υἰε,
2151 3397 2212 3449 ut
2235 3387 2304 3449 ait

237 3480 428 3553 poeta
497 3474 598 3535 ille
655 3483 895 3550 noster,
952 3492 1108 3551 quae
1171 3492 1432 3536 summas
1477 3475 1723 3549 sranm't
1770 3478 2145 3550 infirmatque
2161 3490 2287 3549 opes
