2514 3928
267 181 403 241 440
547 180 619 237 m
653 180 731 239 M.
763 178 1165 238 ANToNlUM
1198 178 1484 239 ORArio
1521 149 1937 242 pfflmppch
1971 182 2114 269 xu.
2304 191 2409 242 142

281 344 438 403 nius.
503 344 561 404 6.
592 344 691 404 Ad
721 359 861 403 eum
893 343 981 404 ire
1011 348 1072 403 te
1105 345 1370 419 legatum
1406 348 1542 421 quis
1565 362 1687 405 non
1718 347 2095 409 miraretur?
2149 350 2263 409 De
2300 365 2407 409 1113

284 427 626 502 experiorz·
648 427 823 486 cuius
851 426 1013 487 idem
1044 428 1366 489 consilium
1400 430 1565 503 quod
1594 436 1765 488 tuum
1794 431 1995 490 sentio
2035 448 2255 505 quam
2301 449 2399 492 re·

282 511 720 584 prehendatur.
808 511 934 571 Nos
977 512 1485 585 reprehendimur
1517 514 1674 572 soli?
1718 514 1910 585 Quid?
1962 514 2069 574 vir
2098 515 2400 575 fortissi-

283 609 417 654 mus
445 595 646 654 Pansa
681 594 815 654 sine
848 609 1037 654 causa
1068 598 1274 669 paullo
1315 603 1455 655 ante
1485 604 1610 654 tam
1650 605 1939 657 accurate
1975 599 2257 668 locutus
2295 608 2397 659 est

280 687 402 739 tam
437 680 582 740 diu?
644 678 798 752 Quid
830 677 955 752 egit
984 677 1100 738 nisi
1129 678 1216 739 uti
1248 681 1459 740 salsam
1493 678 1857 754 proditionis
1887 696 1926 739 a
1956 696 2031 740 se
2064 681 2394 757 suspitio·

283 780 423 823 nem
451 764 831 838 depelleret?
875 762 1053 823 Unde
1072 770 1276 823 autem
1308 762 1426 822 ista
1454 763 1712 837 suspitio
1745 764 1882 824 est?
1923 764 2017 823 Ex
2051 767 2256 838 pacis
2281 782 2388 840 pa·

279 847 543 907 trocinio
575 845 925 921 repentino,
960 846 1126 920 quod
1157 845 1362 906 subito
1395 847 1700 921 suscepit,
1737 847 1956 905 eodem
1993 857 2247 922 captus
2287 866 2382 907 er·

280 947 421 989 rore
456 947 578 1004 quo
609 946 744 990 nos.

409 1015 467 1073 7.
504 1015 678 1089 Quod
711 1014 762 1073 si
789 1020 884 1072 est
908 1021 1191 1085 erratum,
1224 1020 1433 1089 patres
1459 991 1805 1090 conscripti,
1841 1030 1956 1089 spe
1981 1015 2167 1073 salsa
2181 1022 2385 1088 atque

284 1100 506 1168 fallaci,
554 1097 880 1156 redeamus
926 1096 983 1155 in
1033 1098 1213 1157 viam.
1279 1097 1554 1171 Optimus
1601 1107 1695 1158 est
1738 1104 1956 1173 portus
2004 1096 2377 1193 poenitenti

281 1183 533 1243 mutatio
569 1180 824 1241 consilii.
913 1181 1007 1240 111.
1044 1182 1198 1256 Quid
1228 1181 1393 1241 3111111
1421 1188 1659 1257 potest,
1704 1198 1819 1257 per
1853 1182 2009 1241 deos
2043 1180 2374 1241 immorta-

284 1270 401 1327 les!
452 1268 536 1327 rei
583 1264 865 1339 publicae
913 1266 1215 1338 prodesse
1259 1273 1474 1325 nostra
1503 1266 1766 1340 legatio?
1815 1265 2139 1324 Prodesse
2182 1264 2379 1324 dico?

278 1356 431 1431 Quid
450 1401 464 1429 ,
506 1358 555 1415 si
587 1364 766 1416 etlam
800 1353 1081 1415 obfutura
1112 1361 1249 1415 est?
1303 1354 1637 1415 Obrutura?
1696 1351 1882 1427 Quid,
1912 1350 1965 1412 si
1993 1350 2124 1412 iam
2155 1350 2377 1413 nocuit

280 1449 459 1516 atque
491 1438 727 1499 obtuit?
778 1440 873 1497 An
909 1454 1021 1498 vos
1058 1437 1411 1498 acerrimam
1443 1437 1603 1497 illam
1637 1446 1696 1497 et
1719 1434 2123 1496 fortissimam
2149 1436 2376 1511 populi

274 1522 534 1585 Romani
578 1521 869 1582 libertatis
908 1522 1371 1596 recuperandae
1405 1521 1791 1595 cupiditatem
1824 1536 1943 1578 non
1977 1518 2373 1581 imminutam

274 1624 346 1668 ac
378 1607 745 1667 debilitatam
782 1604 1005 1680 putatis
1031 1605 1334 1680 legatione
1359 1603 1527 1680 pacis
1551 1602 1798 1662 audita?
1840 1601 1998 1676 Quid
2022 1603 2371 1677 municipia

276 1689 540 1751 censetis
556 1697 593 1762 ’ζ
617 1688 774 1764 011111
804 1689 1123 1749 colonias?
1167 1687 1310 1763 quid
1343 1697 1620 1748 cunctam
1642 1686 1917 1745 ltaliam?
1942 1687 2240 1745 'futuram
2266 1703 2367 1746 eo-

276 1775 412 1835 dem
444 1772 676 1844 studi0‚
712 1788 833 1847 quo
866 1778 1077 1832 contra
1106 1787 1426 1832 commune
1456 1769 1802 1830 incendium
1834 1776 2208 1829 exarserat?
2273 1773 2364 1828 An

276 1875 396 1918 non
431 1865 717 1932 putamus
747 1857 876 1915 sore
908 1864 974 1916 ut
1003 1871 1113 1915 eos
1147 1856 1455 1929 poeniteat
1485 1856 1803 1929 professos
1834 1869 1975 1914 esse
2007 1860 2069 1913 et
2105 1868 2269 1928 prae
2302 1868 2372 1911 se

274 1941 488 2004 tulisse
531 1938 737 2000 odium
776 1939 835 1998 in
868 1938 1229 2013 Antonium,
1278 1936 1381 2015 qui
1423 1937 1715 2014 pecunias
1749 1935 1999 2012 polliciti
2032 1945 2216 2009 sunt,
2264 1935 2369 2011 qui

272 2043 457 2098 arma,
494 2023 597 2099 qui
628 2040 697 2084 se
728 2031 892 2084 totos
923 2031 984 2084 et
1011 2022 1230 2083 animis
1260 2032 1320 2084 et
1348 2021 1713 2098 corporibus
1741 2021 1800 2080 in
1833 2022 2093 2103 salutem
2128 2020 2220 2080 rei
2260 2037 2367 2094 pu·

273 2109 470 2171 blicae
500 2110 923 2169 contulerunt?
980 2107 1169 2181 Quem
1200 2107 1276 2166 ad
1313 2107 1560 2166 modum
1590 2114 1859 2166 vestrum
1885 2105 2003 2165 hoc
2027 2103 2366 2165 consilium

275 2193 483 2267 Capua
515 2191 823 2268 probabit,
870 2206 1027 2266 quae
1068 2189 1445 2266 temporibus
1476 2189 1572 2249 his
1599 2190 1794 2249 Roma
1825 2191 2014 2249 altera
2044 2194 2191 2249 est?
2260 2189 2367 2247 Illa

273 2276 497 2351 impios
529 2275 698 2335 cives
728 2273 1034 2343 iudicavit,
1075 2273 1271 2349 eiecit,
1300 2273 1580 2334 exclusit.
1645 2271 1754 2343 1111,
1785 2271 1887 2343 1111,
1914 2270 2194 2347 inquam,
2229 2273 2363 2331 urbi

275 2359 607 2420 fortissime
638 2356 881 2418 conanti
913 2373 947 2417 3
980 2357 1262 2418 manibus
1292 2366 1389 2418 est
1409 2364 1654 2430 ereptus
1675 2354 2004 2423 Antonius.
2060 2354 2125 2416 8.
2160 2354 2368 2428 Quid?

273 2443 579 2518 legionum
626 2449 966 2502 nostrarum
1007 2458 1234 2503 nervos
1280 2458 1482 2502 nonne
1524 2439 1618 2501 his
1662 2438 1935 2515 consiliis
1986 2437 2368 2498 incidimus?

274 2527 421 2602 Quis
462 2535 556 2587 est
596 2525 756 2586 enim
797 2525 900 2601 qui
945 2527 1019 2585 ad
1064 2527 1290 2586 bellum
1333 2524 1702 2585 inflammato
1746 2523 1947 2583 animo
1993 2523 2243 2583 iuturus
2287 2523 2363 2582 sit

274 2628 387 2688 spe
426 2610 597 2686 pacis
636 2611 883 2671 oblata?
941 2611 1085 2683 Ipsa
1115 2609 1217 2669 illa
1242 2609 1487 2680 Martia,
1523 2606 1808 2669 caelestis
1841 2615 1901 2667 et
1928 2605 2142 2666 divina
2175 2605 2357 2680 legio,

269 2696 390 2757 1103
421 2694 634 2756 nuntio
673 2695 1029 2769 languescet
1057 2701 1116 2753 et
1145 2694 1445 2753 mollietur
1471 2699 1655 2766 atque
1697 2691 1844 2751 illud
1878 2689 2363 2764 pulcherrimum

272 2780 552 2840 Martium
606 2794 823 2839 nomen
877 2776 1132 2838 amittet·
1200 2777 1487 2837 excident
1534 2773 1750 2848 gladii:
1814 2774 2006 2834 fluent
2061 2789 2235 2832 arma
2284 2773 2364 2833 de

274 2864 575 2924 manibus.
666 2862 954 2922 Senatum
992 2859 1150 2920 enim
1176 2868 1390 2920 secuta
1425 2876 1544 2918 non
1577 2857 1960 2919 arbitrabitur
1977 2874 2049 2918 se
2070 2858 2364 2932 graviore

275 2946 418 3005 odio
456 2949 513 3005 in
550 2945 879 3007 Antonium
916 2960 1058 3004 esse
1091 2944 1318 3003 debere
1351 2959 1531 3018 quarn
1565 2950 1863 3002 senatum.
1950 2940 2146 3001 Pudet
2173 2939 2362 3000 huius

275 3029 551 3103 legionis,
587 3030 776 3103 pudet
810 3036 1079 3104 quartae,
1118 3043 1279 3103 quae
1312 3025 1439 3101 pari
1475 3025 1692 3086 virtute
1726 3032 1995 3084 nostram
2027 3023 2352 3083 auctorita·

274 3119 394 3172 tem
440 3113 709 3187 probans
751 3127 872 3172 non
905 3119 969 3171 ut
997 3111 1311 3171 consulem
1344 3118 1406 3170 et
1431 3110 1860 3184 imperatorem
1891 3122 2099 3174 suum,
2147 3106 2261 3166 sed
2295 3115 2355 3166 ut

271 3194 509 3254 hostem
553 3193 613 3253 31
652 3202 1132 3269 oppugnatorem
1184 3193 1417 3268 patriae
1455 3190 1700 3266 reliquit
1738 3190 2102 3251 Antonium:
2169 3190 2354 3263 pudet

273 3275 483 3349 optimi
513 3275 850 3350 exercituS,
886 3277 990 3352 qui
1020 3279 1381 3338 coniunctus
1411 3285 1507 3337 est
1546 3293 1623 3336 ex
1659 3276 1932 3336 duobus=
1979 3271 2083 3349 qui
2118 3270 2237 3332 iam
2267 3274 2328 3334 lu

273 3367 530 3431 stratus,
574 3359 675 3433 qui
720 3361 1030 3432 proiectus
1066 3362 1142 3421 ad
1172 3360 1463 3421 Mutinam
1496 3369 1616 3421 esta
1663 3357 1767 3435 qui
1813 3358 1866 3419 si
1897 3355 2097 3434 pacis,
2145 3354 2211 3416 id
2240 3364 2352 3428 est,

273 3441 505 3502 timoris
533 3439 741 3513 nostri5
774 3457 993 3502 nomen
1019 3442 1336 3518 audiverit,
1366 3453 1429 3503 ut
1456 3460 1576 3504 non
1601 3445 1824 3503 reserat
1848 3442 2086 3520 pedem,
2114 3439 2355 3500 insistet
