2514 3928
262 249 385 313 248
699 245 847 307 PRO
877 245 945 305 T.
979 242 1217 304 ANNIO
1245 241 1544 303 MILONE
1574 240 1878 303 ORATIO.
2258 252 2336 308 24

261 398 531 462 auditum
563 413 642 457 ex
668 396 925 457 Milone=
964 394 1361 471 profectionis
1388 391 1571 455 huius
1601 390 1762 453 diem
1789 389 1875 452 illi
1906 400 2148 470 notum,
2187 396 2331 456 red-

261 482 383 545 itus
412 480 575 541 illius
609 479 752 541 huic
773 479 1046 555 ignotum
1081 477 1303 538 fuisse=
1346 476 1527 538 huius
1556 475 1671 537 iter
1698 476 2135 552 necessarium,
2167 475 2333 540 illius

261 564 441 627 etiam
472 562 677 640 potius
704 563 998 625 alienum=
1043 561 1207 623 hunc
1249 577 1398 637 prae
1427 577 1497 621 se
1527 560 1740 621 tulisse
1770 575 1840 620 se
1870 559 1974 622 illo
2005 559 2105 621 die
2133 562 2334 624 Roma

261 647 562 709 exiturum
580 693 597 723 ,
626 646 793 708 illum
825 662 900 708 eo
928 646 1028 706 die
1055 661 1127 706 se
1154 642 1584 706 dissimulasse
1607 642 1973 704 rediturum=
2008 643 2173 705 hunc
2202 649 2335 706 nul-

260 730 380 792 lius
421 730 511 791 rei
553 738 826 792 mutasse
872 728 1226 815 consilium,
1268 726 1436 788 illum
1485 742 1736 788 causam
1776 727 2049 788 mutandi
2088 727 2331 788 consilii

261 813 552 876 finxisse=
593 814 767 889 huic,
808 812 862 873 si
889 812 1309 892 insidiaretur,
1348 818 1592 872 noctem
1634 826 1831 885 prope
1863 809 2078 872 urbem
2107 827 2333 888 exspe-

263 898 576 972 ctandam,
606 896 710 971 illi,
745 897 925 957 etiam
960 894 1014 954 si
1040 894 1205 955 hunc
1235 909 1362 954 non
1389 894 1642 965 timeret,
1673 900 1872 954 tamen
1899 909 2223 956 accessum
2254 897 2336 956 ad

261 983 474 1043 urbem
509 988 874 1040 nocturnum
906 977 1103 1039 fuisse
1131 977 1544 1039 metuendum.

374 1064 503 1124 XX.
532 1061 634 1125 53.
659 1061 993 1123 Videamus
1023 1076 1186 1122 nunc
1214 1060 1310 1136 id,
1347 1060 1514 1135 quod
1542 1068 1725 1135 caput
1753 1067 1876 1136 est,
1913 1061 2091 1122 locus
2125 1061 2205 1121 ad
2243 1058 2335 1121 in-

264 1145 455 1207 sidias
485 1146 586 1205 ille
614 1144 782 1220 ipse,
813 1144 916 1205 ubi
948 1143 1270 1220 congressi
1303 1151 1463 1217 sunt,
1492 1142 1612 1206 utri
1633 1143 1877 1204 tandem
1907 1144 2087 1205 fuerit
2113 1142 2335 1219 aptior.

262 1229 332 1289 ld
359 1244 542 1303 vero,
597 1227 866 1302 iudiceS,
908 1228 1088 1289 etiam
1127 1227 1526 1288 dubitandum
1573 1234 1634 1288 et
1675 1226 1901 1288 dlutius
1941 1226 2336 1302 cogitandum

263 1319 402 1373 est?
439 1312 602 1373 Ante
633 1313 887 1373 fundum
922 1311 1134 1386 Clodii,
1167 1327 1290 1387 quo
1325 1311 1386 1371 in
1422 1311 1609 1372 fundo
1641 1317 1894 1385 propter
1918 1310 2168 1371 insanas
2198 1309 2333 1375 illas

262 1396 748 1458 substructiones
795 1396 972 1456 facile
1002 1393 1317 1457 hominum
1359 1394 1524 1455 mille
1553 1394 1956 1455 versabantur
1982 1393 2346 1468 valentium,

262 1479 426 1540 edito
459 1478 798 1541 adversarii
820 1486 1006 1554 atque
1028 1480 1279 1540 excelso
1310 1479 1448 1539 loco
1485 1476 1865 1553 superiorem
1895 1493 1965 1538 se
1998 1478 2127 1539 fore
2161 1486 2331 1553 puta·

262 1569 357 1622 rat
383 1562 562 1639 Milo,
606 1571 669 1624 et
701 1564 780 1624 ob
812 1577 943 1622 eam
974 1579 1102 1622 rem
1134 1577 1273 1621 eum
1307 1561 1508 1623 locum
1539 1562 1618 1622 ad
1648 1577 1915 1636 pugnam
1949 1559 2335 1636 potissimum

263 1647 572 1722 elegerat?
617 1662 697 1706 an
742 1645 804 1705 in
847 1661 922 1705 eo
965 1647 1104 1705 loco
1149 1653 1245 1705 est
1283 1645 1488 1719 potius
1531 1652 1924 1720 exspectatus
1966 1644 2043 1704 ab
2085 1660 2194 1718 ec,
2230 1644 2342 1720 qui

262 1727 459 1804 ipsius
489 1727 611 1789 loci
643 1744 758 1804 spe
787 1728 991 1788 facere
1024 1726 1315 1802 impetum
1342 1730 1678 1803 cogitarat?
1716 1728 1841 1789 Res
1884 1726 2152 1804 loquitur
2179 1727 2343 1802 ipsa,

265 1809 534 1883 iudices,
580 1827 738 1885 quae
769 1825 1013 1885 semper
1042 1811 1202 1871 valet
1234 1810 1576 1886 plurimum.
1663 1809 1762 1872 54.
1800 1810 1866 1871 Si
1894 1810 2046 1872 haec
2077 1827 2200 1871 non
2230 1827 2342 1886 ge-

264 1902 358 1953 sta
387 1892 699 1969 audiretis,
730 1893 843 1954 sed
877 1893 1039 1969 picta
1069 1892 1388 1968 *videretiffl
1419 1902 1618 1955 tamen
1657 1901 1981 1971 appareret
2007 1901 2141 1955 uter
2169 1903 2345 1974 esset

263 1974 612 2050 insidiator,
647 1985 782 2039 uter
809 1978 956 2039 nihil
987 1977 1282 2053 cogitaret
1308 1979 1479 2053 mali,
1524 1995 1708 2054 quum
1738 1980 1889 2039 alter
1924 1977 2244 2038 veheretur
2276 1978 2342 2038 in

262 2060 456 2121 raeda
490 2061 871 2136 paenulatuS,
901 2077 1023 2122 una
1051 2062 1297 2123 sederet
1322 2078 1482 2123 uxor
1510 2104 1691 2121 .....
1781 2061 1937 2135 Quid
1964 2060 2180 2122 horum
2211 2078 2343 2122 non

263 2142 838 2219 impeditissimum?
863 2146 1123 2207 vestitus
1153 2161 1229 2204 an
1269 2145 1611 2206 vehiculum
1643 2162 1718 2205 an
1752 2150 2005 2206 comes?
2050 2145 2196 2220 quid
2227 2145 2345 2204 mi-

265 2243 381 2287 nus
406 2235 754 2303 promptum
779 2229 857 2288 ad
891 2244 1174 2303 pugnarn,
1207 2245 1390 2303 quum
1417 2230 1679 2304 paenula
1699 2227 1982 2303 irretitus,
2008 2228 2203 2288 raeda
2223 2227 2343 2287 im-

262 2307 540 2384 peditus,
580 2326 775 2370 uxore
805 2326 1001 2385 paene
1031 2310 1397 2373 constrictus
1427 2318 1636 2373 esset?
1675 2311 1896 2372 Videte
1938 2327 2099 2372 nunc
2144 2311 2339 2383 illum,

264 2388 524 2467 primum
556 2392 967 2468 egredientem
998 2410 1034 2454 e
1067 2393 1240 2467 villa,
1275 2393 1506 2456 subito=
1550 2402 1701 2456 cur?
1743 2394 2019 2470 vesperi=
2052 2393 2199 2470 quid
2227 2409 2343 2453 ne·

263 2489 442 2535 cesse
471 2482 611 2536 est?
651 2477 853 2537 tarde=
887 2475 993 2553 qui
1023 2476 1329 2551 convenit,
1362 2477 1719 2552 praesertim
1751 2477 1813 2538 id
1845 2477 2181 2553 temporis?
2215 2478 2344 2537 De-

264 2555 442 2621 vertit
474 2557 538 2622 in
570 2559 775 2620 villam
797 2558 1091 2636 Pompeii.
1178 2560 1535 2636 Pompeium
1576 2570 1643 2622 ut
1673 2560 1947 2622 videret?
1992 2560 2225 2621 sciebat
2271 2560 2346 2619 in

259 2640 533 2704 Alsiensi
573 2658 746 2704 esse=
789 2642 992 2705 villam
1047 2653 1112 2705 ut
1150 2644 1570 2721 perspiceret?
1611 2643 1848 2705 miliens
1889 2647 1950 2704 in
1997 2660 2071 2705 ea
2116 2645 2345 2704 fuerat.

261 2724 419 2801 Quid
448 2742 597 2802 ergo
630 2733 799 2788 erat?
836 2744 1009 2789 mora
1041 2736 1105 2789 et
1138 2727 1590 2804 tergiversatio=
1632 2728 1775 2788 dum
1823 2726 1922 2788 hic
1951 2726 2216 2803 veniret,
2247 2727 2345 2787 10-

261 2824 398 2870 cum
425 2809 771 2886 relinquere
797 2811 1008 2873 noluit.
2056 2805 2071 2813 x

383 2892 539 2952 XXI.
568 2891 668 2954 55.
691 2899 828 2969 Age
858 2910 1021 2955 nunc
1050 2893 1164 2955 iter
1192 2893 1463 2969 expediti
1496 2892 1749 2956 latronis
1779 2909 1918 2955 cum
1946 2891 2195 2955 Milonis
2226 2891 2346 2953 im-

258 2973 624 3048 pedimentis
669 2986 1041 3051 comparate.
1130 2975 1390 3052 Semper
1418 2974 1520 3037 ille
1551 2983 1731 3038 antea
1760 2992 1898 3039 cum
1933 2992 2161 3049 uxore,
2205 2984 2345 3037 tum

259 3053 395 3116 sine
424 3071 529 3116 ea=
557 3073 890 3132 numquam
923 3057 1042 3119 nisi
1075 3057 1134 3118 in
1160 3061 1369 3133 raeda,
1400 3059 1607 3122 lumin
1640 3076 1834 3136 equo=
1868 3058 2121 3121 comites
2146 3059 2345 3119 Grae-

259 3136 400 3212 culi,
432 3153 827 3214 quocumque
847 3140 989 3214 ibat,
1013 3142 1191 3202 etiam
1224 3159 1412 3218 quum
1441 3143 1501 3203 in
1532 3151 1732 3205 castra
1758 3143 2017 3205 Etrusca
2040 3157 2346 3219 propera-

260 3219 391 3281 bat:
432 3227 559 3281 tum
598 3237 900 3297 nugarum
942 3222 1003 3283 in
1050 3226 1341 3288 comitatu
1374 3225 1541 3287 nihil.
1625 3226 1801 3300 Milo,
1838 3226 1943 3302 qui
1984 3242 2343 3301 numquam.

257 3311 383 3365 tum
410 3318 561 3363 casu
589 3320 816 3378 pueros
852 3306 1333 3383 symphoniacos
1362 3307 1576 3370 uxoris
1609 3309 1872 3371 ducebat
1892 3316 1955 3370 et
1980 3310 2351 3369 ancillarum

257 3400 498 3460 greges.
583 3386 719 3459 Ille,
765 3388 869 3463 qui
916 3406 1162 3465 semper
1203 3407 1420 3453 secum
1465 3400 1696 3464 scorta,
1739 3407 1986 3467 semper
2031 3392 2352 3464 exoletos,

257 3483 502 3544 semper
536 3471 713 3545 lupas
749 3471 1016 3548 duceret,
1044 3480 1170 3534 tum
1195 3476 1516 3548 neminem,
1547 3471 1664 3534 nisi
1695 3482 1760 3535 ut
1790 3473 1983 3535 virum
2015 3490 2052 3533 a
2086 3472 2219 3534 viro
2252 3474 2348 3533 le·
