2514 3928
826 141 995 200 CAP.
1029 147 1294 202 29—32.
1340 147 1392 206 s.
1422 147 1687 205 70—77.
2129 148 2130 153 ’
2195 139 2280 203 97

193 289 503 364 homines,
546 290 663 352 nisi
709 292 926 365 sobrii,
984 290 1103 352 nisi
1150 290 1431 352 industrii
1476 290 1776 367 consequi
1826 309 1947 371 non
1999 302 2288 368 possunt,
2337 350 2348 361 ,

191 375 395 436 omnia
442 376 653 436 labore
699 383 760 437 et
793 374 1106 450 diligentia
1150 383 1246 436 est
1286 384 1677 436 consecutus.
1734 373 1927 438 75.1n
1960 376 2078 437 hoc
2112 375 2282 437 flexu

192 458 373 536 quasi
396 458 615 519 aetatis
635 493 703 503 —
742 457 889 518 nihil
926 457 1086 519 enim
1113 459 1433 519 occultabo
1473 459 1661 519 fretus
1691 458 2060 521 humanitate
2083 476 2156 520 ac
2182 477 2279 521 sa-

193 541 424 619 pientia
459 549 662 604 vestra
690 575 772 588 -
802 543 961 601 sama
990 542 1408 603 adolescentis
1442 543 1711 617 paullum
1743 542 1942 604 haesit
1971 544 2046 602 ad
2085 552 2279 604 metas

193 625 597 687 notitia-nova
629 624 897 686 mulieris
934 636 994 686 et
1034 625 1262 686 infelici
1303 625 1609 686 vicinitate
1654 634 1714 686 et
1753 625 2077 687 insolentia
2112 629 2279 688 volu-

194 718 446 787 ptatum,
477 726 633 785 quae
655 728 840 787 quum
865 710 1141 770 inclusae
1170 710 1399 771 diutius
1436 717 1497 770 et
1519 709 1713 785 prima
1742 718 1939 770 aetate
1970 726 2282 785 compres-

195 810 306 855 sae
328 801 390 855 et
411 793 778 855 constrictae
803 795 1062 867 fuerunt,
1098 794 1301 856 subito
1326 811 1396 855 se
1420 810 1543 855 non
1569 811 1879 869 nunquam
1907 794 2285 870 profundunt

194 887 389 953 atque¹
416 876 664 940 eiiciunt
690 877 1035 939 universae.
1091 878 1221 952 Qua
1253 896 1333 939 ex
1361 877 1483 938 vita
1512 879 1614 938 vel
1646 877 1844 938 dicam
1885 895 2007 954 quo
2041 894 2115 936 ex
2156 894 2283 938 ser·

192 978 374 1022 mone
402 995 486 1005 —
521 977 907 1038 nequaquam
927 963 1089 1022 enim
1118 971 1347 1023 tantum
1378 970 1508 1022 erat
1544 970 1832 1036 quantum
1864 961 2145 1023 homines
2195 963 2278 1022 lo-

192 1044 540 1122 quebantur
579 1080 664 1090 -
694 1062 904 1105 verum
939 1062 1019 1105 ex
1046 1062 1120 1106 eo
1157 1045 1459 1121 quidquid
1490 1062 1637 1117 erat,
1685 1047 1934 1106 emersit
1964 1055 2281 1119 totumque

195 1146 267 1190 se
297 1128 483 1190 eiecit
517 1136 702 1202 atque
733 1129 976 1202 extulit,
1018 1137 1373 1202 tantumque
1404 1128 1580 1188 abest
1609 1129 1685 1187 ab
1719 1128 1881 1189 illius
1916 1128 2281 1190 familiarita-

197 1212 276 1272 tis
306 1211 590 1284 ini'amia,
631 1218 701 1269 ut
745 1210 1023 1269 eiusdem
1065 1226 1228 1269 nunc
1272 1211 1349 1268 ab
1391 1225 1534 1269 sese
1575 1209 1917 1270 inimicitias
1951 1215 2283 1287 odiumque

197 1293 540 1369 propulset.
597 1290 698 1354 76.
731 1294 935 1367 Atque
981 1300 1048 1353 ut
1081 1291 1196 1352 iste
1237 1290 1639 1366 interpositus
1683 1308 1886 1351 sermo
1930 1294 2286 1354 deliciarum

196 1374 604 1449 desidiaeque
633 1383 970 1435 moreretur
1001 1409 1081 1420 —
1118 1374 1262 1436 fecit
1301 1391 1399 1435 me
1436 1374 1780 1434 mehercule
1810 1374 2007 1436 invito·
2036 1384 2097 1437 et
2132 1379 2280 1436 mul-

199 1470 330 1522 mm
366 1466 778 1535 repugnante,
828 1459 941 1519 sed
985 1468 1178 1521 tamen
1222 1458 1367 1520 fecit
1397 1495 1511 1532 —,
1556 1475 1778 1518 nomen
1825 1457 2005 1518 amici
2046 1462 2161 1519 mei
2207 1461 2288 1520 de

198 1542 432 1605 ambitu
460 1543 702 1603 detulit:
752 1559 933 1619 quem
975 1543 1321 1604 absolutum
1352 1542 1714 1619 insequitur,
1743 1550 2023 1603 revocat:
2058 1543 2284 1602 nemini

196 1633 477 1689 nostrum
515 1629 922 1704 obtemperat,
975 1635 1070 1688 est
1110 1625 1436 1688 violentior
1467 1644 1651 1702 quam
1683 1628 1919 1686 vellem.
2011 1626 2133 1687 Sed
2169 1644 2285 1703 ego

195 1729 318 1772 non
350 1712 575 1786 loquor
603 1711 687 1771 de
718 1710 1038 1788 sapientia,
1072 1728 1230 1787 quae
1253 1728 1376 1773 non
1402 1711 1566 1773 cadit
1598 1709 1656 1770 in
1695 1711 1852 1771 hanc
1885 1719 2173 1771 aetatem:
2207 1713 2286 1772 dc

117 1814 121 1817 ’
196 1796 430 1870 impetu
459 1793 644 1855 animi
678 1796 916 1870 loquor,
951 1797 1027 1854 de
1060 1794 1393 1870 cupiditate
1425 1795 1728 1867 vincendi,
1758 1795 1838 1855 dc
1868 1792 2088 1855 ardore
2119 1812 2281 1855 men-

197 1880 277 1940 tis
308 1879 389 1939 ad
423 1880 706 1953 gloriam=
745 1895 903 1955 quae
939 1879 1140 1939 studia
1169 1881 1227 1938 in
1261 1877 1359 1939 his
1388 1878 1507 1939 iam
1544 1877 1844 1940 aetatibus
1878 1879 2107 1940 nostris
2139 1896 2279 1941 con—

199 1961 489 2025 tractiora
517 1980 660 2024 esse
692 1963 935 2038 debent,
977 1966 1035 2023 in
1066 1962 1485 2025 adolescentia
1523 1980 1673 2023 vero
1708 1970 2015 2038 tamquam
2055 1962 2112 2023 in
2147 1963 2279 2025 her-

196 2046 295 2107 bis
327 2045 675 2122 significant
721 2064 880 2123 quae
925 2047 1163 2108 virtutis
1202 2049 1519 2109 maturitas
1558 2055 1619 2108 et
1648 2056 1911 2121 quantae
1957 2049 2164 2121 fruges
2195 2046 2283 2106 in—

198 2129 472 2191 dustriae
502 2132 622 2191 sint
653 2131 910 2195 futurae.
978 2131 1214 2192 Etenim
1257 2148 1504 2207 semper
1544 2147 1765 2207 magno
1796 2130 2043 2207 ingenio
2075 2131 2281 2190 adole-

204 2220 452 2275 scentes
494 2212 844 2274 rel'renandi
877 2214 1078 2289 potius
1123 2232 1159 2275 a
1185 2214 1379 2289 gloria
1434 2232 1618 2291 quam
1672 2214 1964 2275 incitandi
2012 2215 2283 2274 fuerunt:

201 2299 573 2373 amputanda
597 2300 773 2373 plura
795 2306 937 2358 sunt
968 2298 1053 2358 illi
1082 2298 1280 2368 aetati,
1321 2298 1374 2360 si
1417 2299 1663 2375 quidem
1696 2297 2034 2359 efflorescit
2060 2296 2286 2372 ingenii

201 2383 516 2453 laudibus,
562 2397 747 2457 quam
790 2380 1139 2439 inserenda.
1200 2380 1301 2438 77.
1345 2379 1477 2453 Qua
1502 2393 1572 2438 re
1600 2377 1654 2438 si
1685 2376 1783 2437 cui
1819 2377 2067 2435 nimium
2099 2378 2276 2437 effer·

202 2467 418 2528 buisse
446 2467 692 2526 videtur
720 2464 902 2523 huius
933 2465 1032 2524 vel
1065 2462 1122 2522 in
1157 2460 1574 2537 suscipiendis
1618 2462 1716 2520 vel
1748 2461 1808 2520 in
1838 2458 2126 2534 gerendis
2168 2458 2277 2519 ini·

203 2550 443 2616 micitiis
475 2548 605 2611 suis
639 2547 951 2625 ferocitaS‚
985 2546 1038 2607 si
1073 2561 1254 2620 quem
1290 2544 1473 2603 etiam
1506 2543 1893 2604 minimorum
1928 2542 2143 2601 horum
2172 2541 2277 2601 ali-

205 2634 357 2710 quid
389 2632 677 2706 offendit,
716 2632 766 2693 si
795 2645 1113 2707 purpurae
1142 2644 1374 2705 genus,
1420 2627 1475 2686 si
1503 2627 1839 2688 amicorum
1872 2633 2189 2694 catervae,
2225 2626 2278 2686 si

203 2718 537 2794 splendor,
586 2718 642 2777 si
670 2716 858 2787 nitor,
895 2716 1013 2773 iam
1047 2713 1161 2773 ista
1198 2710 1648 2796 deferbuerint,
1688 2709 1807 2769 iam
1850 2717 2028 2768 aetas
2055 2709 2277 2783 omnia,

204 2804 326 2863 iam
358 2819 531 2873 usus,
565 2802 681 2861 iam
715 2798 848 2859 dies
883 2797 1184 2874 mitigarit'.

327 2890 566 2951 XXXII.
605 2889 981 2949 conservate
1010 2885 1191 2959 igitur
1216 2880 1307 2941 rei
1334 2879 1629 2956 publicae,
1663 2874 1920 2947 iudiceS,
1952 2876 2147 2935 civem
2173 2874 2281 2933 bo—

203 2991 418 3036 narum
448 2973 684 3047 artium,
713 2972 1012 3031 bonarum
1036 2968 1316 3043 partium,
1346 2964 1644 3023 bonorum
1670 2960 1958 3020 virorum.
1999 2957 2287 3054 Promitto

204 3061 327 3119 hoc
364 3056 541 3118 vobis
573 3065 633 3118 et
660 3055 749 3116 rei
785 3052 1067 3131 publicae
1098 3051 1411 3125 spondeo,
1452 3047 1503 3107 si
1549 3047 1731 3106 modo
1763 3062 1878 3104 nos
1909 3042 2029 3118 ipsi
2060 3058 2148 3101 rei
2180 3058 2288 3115 pu·

203 3142 402 3203 blicae
431 3142 582 3202 satis
614 3138 901 3211 fecimus,
947 3150 1277 3210 numquam
1299 3132 1461 3191 hunc
1490 3148 1528 3191 a
1560 3129 1787 3191 nostris
1819 3125 2157 3187 rationibus
2186 3138 2289 3218 ‘se-

206 3227 477 3289 iunctum
503 3226 653 3285 fore.
701 3223 874 3297 Quod
907 3232 1092 3297 quum
1123 3219 1313 3278 fretus
1336 3223 1547 3276 nostra
1574 3211 1973 3273 familiaritate
2010 3212 2293 3281 promitto

210 3328 337 3373 tum
371 3308 537 3386 quod
573 3306 918 3369 durissimis
953 3322 1022 3365 sc
1051 3301 1188 3377 ipse
1218 3300 1453 3375 legibus
1484 3297 1603 3357 iam
1636 3292 1944 3369 obligavit.
2009 3281 2111 3350 78.
2154 3288 2286 3384 Non

210 3398 375 3457 enim
412 3400 646 3469 potest,
680 3389 784 3467 qui
818 3389 1121 3449 hominem
1154 3384 1574 3455 consularem,
1617 3378 1793 3517 quod?
1813 3376 1889 3434 ab
1919 3388 1994 3430 eo
2024 3384 2158 3426 rem
2185 3380 2311 3435 pu·-

296 3494 408 3537 cxc.
437 3477 512 3537 ΙΙ.
545 3484 598 3537 3.
