2514 3928
70 106 402 120 *ijrq
517 109 524 114 ⁵
1253 110 1281 113 ἡ,
1308 111 1329 112 ἶ
1368 111 1393 112 77
1452 107 1841 112 7j47,*j7j7j777j
1870 107 1875 108 ⁷

274 319 337 374 91
924 312 1088 369 CAP.
1122 322 1155 371 5
1178 345 1246 354 -
1266 318 1317 371 7.
1364 316 1416 376 s.
1450 318 1711 371 12—19.
2236 302 2361 365 689

279 464 407 534 tuit,
436 469 640 522 tamen
672 463 1005 535 legatorum
1040 460 1297 520 reditum
1329 459 1703 534 exspectetis
1731 460 1932 520 animo
1967 475 2192 535 aequo.
2238 455 2352 517 Ge·
2384 501 2385 504 η

281 546 486 606 leritas
519 545 789 604 detracta
819 544 897 602 de
933 558 1120 602 causa
1152 551 1275 602 est:
1320 541 1466 601 boni
1496 551 1695 602 tamen
1726 543 1956 619 aliquid
1985 541 2250 603 accessit
2276 541 2358 601 ad

277 643 551 688 causam.
619 627 715 688 16.
763 627 957 700 Quum
988 626 1148 685 enim
1181 625 1361 699 legati
1404 623 1828 692 renuntiarint,
1873 628 2040 701 quod
2071 637 2235 688 certe
2258 643 2359 704 re-

282 708 678 774 nuntiabunt.
699 726 822 770 non
852 710 909 767 in
943 718 1147 769 vestra
1180 714 1502 784 potestate,
1533 725 1654 768 non
1690 708 1749 767 in
1780 717 2031 770 senatus
2067 727 2208 772 esse
2229 712 2356 771 An-

280 793 537 866 tonium,
572 793 710 869 quis
746 791 859 853 erit
889 799 1005 852 tam
1037 792 1352 867 improbus
1384 790 1536 851 civis
1569 791 1674 867 qui
1703 790 1868 851 illum
1900 792 2094 852 civem
2128 795 2355 854 haben-

280 878 424 938 dum
469 884 681 953 putet?
737 876 909 935 Nunc
954 875 1112 935 enitn
1156 883 1299 936 sunt
1339 873 1518 950 pauci
1560 873 1643 934 illi
1691 874 1970 950 quidem,
2013 877 2124 935 sed
2161 884 2357 938 tamen

281 964 517 1037 plureS,
564 977 745 1036 quam
788 975 853 1019 re
897 959 1143 1035 publica
1176 960 1424 1034 dignum
1454 967 1578 1030 est,
1626 958 1731 1033 qui
1765 957 1848 1019 ita
1875 960 2232 1033 loquantur:
2270 961 2360 1021 Ne

282 1046 514 1119 legatos
548 1043 793 1120 quidem
823 1044 1329 1120 expectabimus?
1370 1044 1554 1103 Istam
1583 1050 1747 1102 certe
1777 1057 1993 1103 vocem
2027 1041 2357 1103 simulatio·

279 1144 544 1203 nemque
572 1127 927 1187 clementiae
958 1126 1349 1202 extorquebit
1377 1124 1508 1186 istis
1538 1142 1641 1187 res
1669 1124 1808 1202 ipsa
1836 1125 2151 1205 [publicaJ.
2228 1125 2358 1199 Quo

280 1210 489 1283 etiam,
536 1218 601 1269 ut
628 1212 921 1270 confitear
952 1210 1159 1280 vobiS,
1204 1208 1494 1282 QuiriteS,
1540 1209 1738 1270 minus
1761 1208 2059 1271 hodierno
2088 1209 2187 1269 die
2215 1225 2360 1269 con-

281 1293 478 1366 tendi,
517 1292 719 1353 minus
760 1292 1060 1362 laboravi,
1104 1302 1172 1353 ut
1202 1290 1347 1351 mihi
1377 1301 1627 1353 senatus
1657 1294 2011 1353 adsentiens
2043 1295 2358 1355 tumultum

281 1381 667 1447 decerneret,
721 1391 871 1450 saga
920 1375 1078 1435 sumi
1131 1375 1384 1436 iuberet.
1470 1375 1656 1435 Malui
1703 1374 1917 1449 viginti
1957 1377 2173 1438 diebus
2219 1386 2362 1453 post

283 1460 644 1521 sententiam
690 1475 884 1518 meam
929 1458 1163 1518 laudari
1204 1459 1283 1517 ab
1329 1457 1611 1519 omnibus
1643 1475 1824 1533 quam
1859 1476 1897 1518 a
1927 1459 2143 1533 paucis
2165 1460 2360 1530 ,hodie

285 1544 633 1617 vituperari.
724 1541 821 1604 17.
869 1542 1280 1617 Quapropter,
1323 1540 1603 1615 QuiriteS,
1638 1550 1995 1616 exspectate
2027 1543 2355 1615 legatorum

281 1627 539 1687 reditum
568 1635 629 1686 et
658 1642 996 1701 paucorum
1026 1624 1273 1685 dierum
1293 1624 1631 1685 molestiam
1669 1624 1979 1686 devorate.
2033 1624 2145 1698 Qui
2175 1643 2354 1702 quum

284 1709 596 1781 redierint,
627 1710 681 1770 si
715 1726 930 1785 pacem
965 1710 1272 1781 adferent,
1307 1707 1597 1782 cupidum
1627 1724 1752 1767 me:
1775 1708 1854 1768 'si
1883 1708 2125 1780 bellum,
2158 1709 2351 1783 provi—

280 1796 424 1854 dum
464 1792 811 1854 iudicatote.
876 1793 972 1852 An
1016 1808 1131 1867 ego
1176 1809 1298 1851 non
1334 1790 1691 1867 provideam
1724 1790 1875 1851 meis
1914 1790 2197 1852 civibus?
2237 1808 2358 1851 non

280 1877 414 1939 dies
446 1886 787 1952 noctesque
818 1878 896 1935 de
928 1885 1134 1936 vestra
1162 1874 1459 1947 libertate,
1491 1876 1568 1935 de
1597 1876 1685 1934 rei
1722 1875 2002 1950 publicae
2033 1875 2229 1936 salute
2256 1892 2359 1935 co—

281 1960 503 2036 gitemr
564 1961 721 2036 Quid
751 1959 910 2020 enim
935 1977 1055 2020 non
1084 1960 1281 2020 debeo
1318 1958 1514 2031 vobiS,
1553 1958 1832 2033 Quirites,
1866 1964 2047 2034 quem
2079 1977 2192 2020 vos
2221 1977 2258 2019 a
2288 1977 2360 2020 se

282 2051 475 2104 ortum
496 2045 846 2105 hominibus
870 2042 1269 2105 nobilissimis
1284 2042 1564 2103 omnibus
1585 2043 1920 2104 honoribus
1948 2043 2362 2118 praetulistis?

253 2131 378 2200 ¹An
404 2127 677 2201 ingratus
701 2134 880 2187 sumt*
917 2126 1054 2202 quis
1086 2125 1328 2187 minus?
1373 2126 1475 2201 qui
1507 2126 1695 2201 partis
1725 2126 2061 2207 honoribus
2106 2128 2358 2186 eosdem

283 2211 342 2267 in
387 2211 519 2270 soro
559 2208 728 2284 gessi
773 2209 1014 2269 labores
1058 2225 1215 2284 quos
1260 2209 1559 2284 petendis.
1636 2210 1832 2270 Rudis
1879 2209 1939 2270 in
1976 2225 2044 2269 re
2076 2208 2361 2284 publica?

284 2293 421 2368 quis
464 2291 879 2366 exercitatior,
922 2294 1023 2368 qui
1068 2292 1273 2368 viginti
1315 2293 1433 2352 iam
1473 2309 1670 2354 annos
1711 2294 1935 2354 bellum
1979 2309 2184 2368 geram
2222 2310 2359 2354 cum

285 2375 485 2451 impiis
530 2375 813 2436 civibus?
894 2376 1026 2435 Vll.
1062 2374 1156 2438 18.
1201 2375 1391 2450 Quam
1438 2378 1518 2438 ob
1549 2393 1705 2449 rem,
1758 2377 2050 2452 QuiriteS‚
2099 2376 2356 2438 consilio

284 2468 572 2534 quantum
601 2468 847 2535 potero,
885 2460 1094 2520 labore
1131 2461 1270 2535 pius
1307 2476 1502 2536 paene
1539 2478 1720 2535 quam
1755 2470 2001 2536 potero,
2037 2461 2357 2521 excubabo

283 2542 675 2619 vigilaboque
705 2560 817 2618 pro
847 2544 1043 2604 vobis.
1100 2543 1337 2604 Etenim
1363 2543 1502 2620 quis
1533 2553 1629 2606 est
1657 2544 2216 2620 civiS,.praesertim
2241 2544 2359 2604 hoc

285 2627 499 2702 gradu,
531 2642 656 2701 quo
684 2644 783 2687 me
809 2643 927 2699 vos
951 2644 1095 2688 esse
1116 2626 1422 2700 voluistiS,
1446 2636 1568 2688 tam
1593 2629 1815 2688 oblitus
1838 2626 2122 2688 beneficii
2150 2628 2357 2698 vestri,

285 2717 402 2769 tam
446 2711 760 2771 immemor
807 2709 1069 2785 patriae,
1131 2719 1251 2771 tam
1296 2710 1578 2771 inimicus
1620 2710 1926 2785 dignitatis
1986 2725 2136 2770 suae
2179 2725 2361 2782 quem

281 2809 404 2852 non
451 2793 703 2866 excitet,
753 2811 877 2854 non
925 2793 1259 2855 inflammet
1300 2802 1502 2855 tantus
1557 2802 1760 2855 vester
1807 2793 1922 2853 iste
1973 2800 2362 2857 consensus?

274 2876 500 2937 Multas
546 2893 924 2953 magnasque
958 2877 1142 2938 habui
1173 2881 1400 2938 ‘consul
1443 2877 1794 2951 contiones,
1841 2876 2044 2938 multis
2089 2876 2358 2937 interfui:

276 2961 506 3027 nullam
537 2978 822 3036 umquam
849 2960 972 3021 vidi
993 2969 1239 3033 tantam,
1274 2968 1502 3037 quanta
1524 2977 1686 3022 nunc
1711 2968 1980 3021 vestrum
2005 2968 2118 3022 est.
2161 2961 2359 3022 Unum

279 3043 519 3123 sentitis
551 3060 797 3116 omnes,
825 3061 1013 3105 unum
1043 3045 1336 3118 studetiS,
1376 3045 1458 3105 Μ.
1488 3044 1739 3106 Antonii
1771 3054 2031 3108 conatus
2086 3054 2361 3106 avertere

279 3143 319 3185 a
340 3141 407 3185 re
427 3129 687 3202 publica,
722 3130 987 3190 furorem
1012 3127 1424 3204 exstinguere,
1454 3128 1802 3204 opprimere
1823 3130 2158 3195 audaciam.
2190 3130 2359 3190 Idem

278 3210 496 3273 volunt
524 3224 739 3273 omnes
763 3211 1041 3273 ordines=
1075 3213 1294 3272 eodem
1318 3212 1673 3276 incumbunt
1691 3213 2036 3290 municipia,
2063 3213 2362 3284 coloniae,

277 3301 499 3354 cuncta
518 3293 705 3355 Italia.
745 3296 962 3372 ltaque
984 3304 1262 3356 senatum
1282 3296 1447 3358 bene
1474 3312 1591 3357 sua
1619 3305 1849 3373 sponte
1871 3299 2106 3358 firmum
2136 3295 2359 3356 firmio·

277 3394 409 3437 rem
448 3385 655 3439 vestra
695 3379 1054 3441 auctoritate
1088 3378 1340 3442 fecistiS.
1429 3379 1527 3441 19.
1572 3382 1756 3441 Venit
1785 3387 2044 3454 tempuS,
2077 3376 2361 3451 QuiriteS,

279 3459 483 3521 serius
514 3460 779 3534 omnino,
809 3480 995 3538 ¹¹quam
1020 3462 1268 3538 dignum
1297 3465 1526 3538 populo
1548 3465 1826 3525 Romano
1853 3462 1979 3532 suit,
2018 3461 2130 3520 sed
2164 3467 2360 3516 tamen

276 3543 367 3604 ita
396 3553 722 3618 maturum,
767 3555 834 3607 ut
861 3546 1091 3608 differri
1122 3547 1238 3607 iam
1268 3546 1481 3608 horam
1510 3562 1632 3605 non
1664 3544 1882 3620 possit.
1969 3541 2107 3600 Fuit
2138 3538 2359 3611 aliquis
