2514 3928
154 282 226 338 69
845 274 1011 335 CAP.
1048 284 1239 335 1—2.
1283 280 1337 341 s.
1371 285 1400 335 1
1427 283 1561 336 -5.
2097 270 2213 340 367

150 433 346 487 antur.
388 427 595 500 Atque
624 433 689 485 ut
711 425 905 486 oratio
938 425 1261 486 consulum
1289 424 1556 487 anImum
1585 444 1782 488 meum
1803 430 2001 490 erexit-
2019 445 2209 504 spem·

155 523 280 584 que
317 507 515 569 attulit
553 519 679 569 non
720 508 905 569 modo
957 507 1173 569 salutis
1224 511 1719 583 conservandae,
1777 527 1990 573 verum
2041 512 2218 575 etiam

153 590 462 666 dignitatis
506 590 799 666 pristinae
836 592 1331 666 recuperandae,
1374 590 1465 652 sic
1511 608 1608 652 me
1639 596 2221 667 perturbasse-telus

152 673 482 748 sententia,
523 673 633 749 >qui
675 673 907 750 primus
948 683 1199 750 rogatus
1244 684 1369 749 est,
1410 674 1529 734 nisi
1564 681 1806 737 vesu-ae
1843 679 2048 739 virtuti
2077 695 2221 741 con-

152 757 538 833 stantiaeque
595 759 985 819 confiderem.
1074 754 1133 817 2.
1185 757 1301 819 Hic
1357 759 1516 818 enim
1559 758 1692 819 dies
1744 760 1953 833 vobis,
2016 771 2221 836 patres

150 840 514 917 conscripti,
557 840 780 916 illuxit,
825 842 980 903 haec
1021 850 1300 918 potestas
1342 843 1483 903 data
1509 850 1635 913 est,
1685 852 1748 903 ut
1780 858 2070 918 quantum
2102 845 2221 905 vir·

152 925 325 1000 tutis,
371 935 659 1001 quantum
699 925 1108 1000 constantiae,
1152 934 1443 1001 quantum
1478 925 1791 1001 gravitatis
1823 927 1882 986 in
1914 926 2097 988 huius
2126 945 2220 989 or·
2336 997 2343 1003 ,

150 1008 313 1070 dinis
342 1006 600 1070 consilio
637 1018 809 1071 esset
833 1010 1066 1085 populo
1092 1011 1371 1070 Romano
1404 1011 1719 1071 declarare
1747 1010 2039 1087 possetis.
2104 1012 2212 1072 Re

146 1092 481 1154 cot-damini
524 1092 628 1169 qui
669 1092 805 1154 dies
848 1093 1071 1154 nudius
1121 1093 1335 1155 tertius
1381 1092 1654 1155 decimus
1694 1094 1902 1168 fuerit,
1955 1104 2221 1172 quantus

152 1192 500 1237 consensus
531 1182 828 1249 vestrum,
860 1186 1087 1251 quanta
1118 1176 1342 1252 virtuS‚
1372 1186 1600 1253 quanta
1623 1179 1996 1241 constantim
2031 1197 2212 1255 quan-

150 1269 270 1320 tam
298 1259 433 1321 sitis
462 1275 500 1319 a
536 1260 767 1335 populo
791 1261 1067 1320 Romano
1103 1261 1363 1331 laudem,
1402 1269 1688 1335 quantam
1716 1264 1992 1337 gloriam,
2029 1281 2219 1339 quan·

149 1352 269 1404 tam
319 1342 574 1417 gratiam
620 1341 954 1404 consecuti.
1042 1345 1248 1417 Atque
1289 1342 1393 1403 illo
1432 1343 1563 1418 die,
1618 1353 1821 1419 patres
1871 1347 2220 1422 conscripti,

146 1442 224 1487 ea
259 1424 701 1499 constituistis,
749 1434 814 1487 ut
854 1426 1031 1488 vobis
1070 1426 1188 1487 iam
1225 1425 1372 1487 nihil
1409 1425 1491 1486 sit
1517 1426 1812 1501 integrum
1845 1428 1961 1489 nisi
1984 1430 2193 1491 autho

146 1519 326 1571 nesta
353 1526 478 1586 pax
506 1518 611 1570 aut
642 1510 863 1571 bellum
898 1509 1336 1572 necessarium.
1409 1509 1469 1572 3.
1512 1510 1731 1570 Pacem
1766 1512 1894 1572 vult
1919 1512 1998 1571 M.
2030 1516 2221 1574 Anto-

147 1593 334 1654 nius?
364 1598 552 1654 Arma
575 1593 862 1670 deponat,
891 1601 1085 1670 roget,
1115 1594 1499 1668 deprecetur.
1538 1593 1847 1654 Neminem
1870 1595 2223 1669 aequiorem

142 1676 415 1753 reperiet
461 1693 640 1752 quam
686 1679 986 1755 me‚‚cui,
1034 1679 1178 1738 dum
1215 1693 1286 1737 se
1318 1677 1555 1739 civibus
1585 1677 1789 1753 impiis
1818 1680 2221 1750 commendat,

143 1758 429 1822 inimicus
474 1778 658 1836 quam
697 1761 930 1823 amicus
958 1778 1103 1823 esse
1131 1761 1359 1822 maluit.
1427 1761 1583 1822 Nihil
1620 1769 1715 1822 est
1744 1763 2020 1837 profecto
2055 1764 2222 1837 quod

142 1845 346 1920 possit
374 1845 504 1905 dari
533 1845 755 1905 bellum
785 1844 1046 1920 gerenti=
1079 1845 1192 1905 erit
1220 1846 1485 1906 fortasse
1513 1844 1742 1920 aliquid
1772 1846 1940 1922 quod
1964 1845 2221 1907 concedi

143 1928 349 2004 possit
395 1926 663 2005 roganti=
728 1930 800 1989 ll.
855 1931 1089 2004 legatos
1149 1945 1297 1990 vero
1353 1929 1432 1990 ad
1475 1945 1614 1991 eum
1661 1928 1922 2002 mittere,
1976 1931 2054 1991 de
2097 1947 2219 2005 quo

142 2011 575 2089 gravissimum
615 2019 677 2072 et
717 2013 1172 2074 severissimum
1213 2012 1500 2074 iudicium
1544 2013 1769 2076 nudius
1814 2014 2026 2076 tertius
2056 2013 2219 2075 deci-

143 2113 285 2156 mus
318 2094 616 2166 feceritis„
660 2112 781 2157 non
814 2095 932 2156 iam
959 2095 1219 2157 levitatis
1248 2105 1372 2170 est,
1426 2099 1570 2169 sed,
1615 2107 1679 2159 ut
1703 2099 1871 2172 quod
1902 2097 2101 2158 sentio
2132 2099 2220 2157 di-

146 2194 315 2253 cam,
346 2177 706 2241 dementiae.
777 2179 1036 2241 Primum
1067 2181 1259 2240 duces
1291 2181 1828 2255 coslaudavistis,
1873 2180 1978 2257 qui
2006 2190 2219 2242 contra

143 2262 316 2324 illum
363 2261 588 2323 bellum
631 2261 868 2337 privato
912 2263 1168 2324 consilio
1222 2266 1675 2340 suscepissent:
1733 2265 1958 2326 deinde
1999 2265 2217 2327 milites

148 2355 506 2420 veteranos,
554 2348 657 2421 qui
689 2364 874 2421 quum
908 2347 986 2408 ab
1027 2348 1296 2409 Antonio
1328 2348 1385 2408 in
1417 2349 1693 2419 colonias
1723 2357 1932 2410 essent
1954 2347 2220 2422 deducti,

141 2430 309 2492 illius
381 2429 679 2491 beneflcio
748 2432 1083 2493 libertatem
1139 2433 1354 2507 populi
1409 2432 1666 2494 Romani
1716 2441 2218 2508 anteposuerunt.

136 2515 204 2576 4.
239 2512 441 2588 Quid?
466 2512 625 2589 legio
648 2513 892 2575 Martia:
930 2516 1121 2591 quid?
1150 2525 1385 2591 quarta,
1417 2533 1526 2577 cur
1556 2516 1922 2578 laudantur?
1962 2515 2030 2575 Si
2059 2515 2217 2575 enim

141 2598 461 2658 consulem
496 2613 674 2659 suum
710 2597 1114 2675 reliquerunt,
1151 2599 1593 2674 vituperandae
1621 2606 1795 2661 sunt=
1826 2600 1877 2658 si
1910 2597 2219 2683 inimicum

140 2679 234 2741 rei
267 2680 578 2757 publicae,
612 2680 744 2741 iure
780 2682 1117 2745 laudantur.
1189 2684 1379 2759 Atqui
1409 2701 1597 2759 quum
1628 2685 1916 2744 consules
1948 2681 2217 2742 nondum

141 2763 486 2841 haberetis,
518 2764 884 2827 decrevistis
926 2774 996 2828 ut·
1030 2775 1092 2828 et
1120 2768 1201 2828 de
1232 2768 1520 2841 praemiis
1551 2766 1803 2828 militum
1830 2774 1891 2826 et
1920 2765 1998 2825 de
2026 2764 2217 2825 hono-

141 2846 316 2909 ribus
350 2845 783 2923 imperatorum
819 2848 1014 2925 primo
1048 2866 1296 2926 quoque
1327 2862 1600 2927 tempore
1629 2852 1974 2910 referretur.
2016 2848 2221 2909 Placet

145 2932 367 2992 eodem
399 2941 679 3008 tempore
710 2932 980 3008 praemia
1001 2933 1373 2995 constituere
1396 2934 1489 3008 iis,
1525 2935 1626 3010 qui
1651 2942 1864 2995 contra
1885 2931 2217 2995 Antonium

144 3029 317 3075 arma
362 3015 666 3091 ceperint,
708 3025 771 3076 et
812 3018 1047 3093 legatos
1077 3018 1152 3077 ad
1180 3017 1514 3079 Antonium
1544 3017 1820 3080 mittere?
1865 3024 1930 3079 ut
1959 3017 2078 3078 iam
2106 3035 2218 3093 pu·

143 3097 414 3159 dendum
444 3100 523 3160 sit
549 3099 906 3161 honestiora
935 3102 1182 3163 decreta
1210 3117 1354 3162 esse
1383 3102 1689 3178 legionum
1723 3119 1905 3178 quam
1933 3109 2216 3163 senatusz

145 3181 204 3243 si
243 3180 493 3258 quidem
545 3183 822 3259 legiones
861 3185 1267 3246 decreverunt
1305 3194 1583 3247 senatum
1628 3187 1959 3247 defendere
2006 3192 2220 3247 contra

142 3265 509 3342 Antonium,
566 3275 819 3329 senatus
860 3269 1133 3330 decernit
1170 3269 1410 3345 legatos
1453 3270 1533 3330 ad
1574 3269 1924 3331 Antonium.
2003 3267 2218 3328 Utrum

99 3400 105 3405 .
143 3349 267 3411 hoc
310 3358 408 3412 est
447 3350 808 3413 confirmare
851 3352 1101 3414 militum
1140 3351 1378 3413 animos
1400 3408 1401 3411 ,
1424 3369 1502 3413 an
1542 3351 1859 3414 debilitare
1897 3350 2218 3411 virtutem?

141 3430 205 3494 5.
248 3433 381 3495 Hoc
426 3433 560 3497 dies
594 3435 918 3496 duodecim
949 3437 1370 3513 profecerunt,
1411 3444 1505 3510 ut,
1556 3452 1737 3511 quem
1767 3448 1944 3493 nemo
1975 3435 2217 3505 praeter

143 3516 426 3596 Cotylam
498 3516 787 3579 inventus
842 3519 922 3580 sit
980 3519 1085 3596 qui
1135 3521 1526 3589 defenderet,
1593 3520 1646 3580 is
1691 3516 1914 3576 habeat
1961 3510 2079 3569 iam
2109 3522 2183 3580 pa
