2514 3928
154 227 241 291 '72
742 225 891 287 PRO
920 226 1000 285 Μ.
1026 226 1312 291 ,CAELIO
1350 225 1657 288 ORATIO.

162 378 343 428 molest
424 377 603 436 ferret,
653 388 879 426 mutuam
928 380 1179 444 cepisset,
1223 394 1377 443 quam
1420 380 1563 429 daret
1604 383 1765 431 servis
1802 382 1862 436 L.
1899 384 2140 445 Lucceii‚
2179 395 2239 435 ut

160 448 287 507 Dio,
319 447 335 495 l
364 447 592 511 *gationis
621 445 997 496 Alexandrinae
1025 449 1290 513 princeps,
1326 460 1614 513 necaretur,
1647 450 1864 513 denique
1896 452 2033 514 quod
2069 454 2240 518 ipsius

164 516 372 566 Clodiae
401 514 653 565 tollendae
686 529 842 565 causa
875 530 1123 566 venenum
1154 525 1403 581 parasset.
1476 517 1535 568 L.
1563 520 1809 580 Atratino,
1848 521 1993 570 euius
2024 536 2238 572 accusa-

164 586 358 636 tionem‘
385 584 576 634 orando
606 584 799 633 adiuvit
826 585 977 633 etiam
1001 585 1059 638 L.
1081 587 1361 639 Herennius
1384 586 1587 644 Balbus,
1618 590 1987 652 responderunt
2011 591 2235 654 primum

161 656 276 720 ipse
313 652 382 715 llll.-
425 652 641 714 Caelius,
671 660 780 701 tum
809 651 877 705 M.
907 653 1138 713 Crassus,
1176 658 1265 718 qui
1301 656 1365 705 de
1395 656 1734 706 seditionibus
1764 656 2131 725 Neapolitanis,
2171 661 2238 708 de

166 723 624 791 Alexandrinorum
661 721 945 786 pulsatione
974 723 1270 790 Puteolana,
1303 725 1366 774 de
1396 724 1541 773 bonis
1566 725 1737 775 Pellae
1773 727 1933 787 dixit,
1977 735 2029 778 et
2057 727 2126 780 Μ.
2154 727 2235 777 Ci-

91 840 97 844 .
164 798 309 850 cero,
359 791 441 840 cui
483 791 807 855 potissimum
851 792 915 841 de
958 801 1118 842 morte
1151 793 1332 842 Dionis
1374 801 1442 843 et·
1469 793 1531 842 de
1563 810 1756 844 veneno
1795 805 1970 846 contra
2001 796 2233 848 Clodiam

163 869 338 925 parato
371 859 639 909 dicendum
668 868 773 909 erat
800 868 1006 923 totaque
1037 877 1192 911 causa
1223 862 1505 926 peroranda
1524 898 1539 924 ,
1580 863 1632 913 id
1656 864 1794 926 quod
1814 863 1911 913 hac
1947 866 2076 931 ipsa,
2101 882 2235 927 quae

166 928 297 978 infra
342 928 557 994 legitur,
597 931 823 978 oratione
868 929 1003 980 fecit.
1078 928 1283 980 Constat
1320 941 1487 980 autem
1529 932 1592 982 Μ.
1634 931 1859 982 Caelium
1897 932 1995 984 hoc
2044 936 2237 983 iudicio

163 997 450 1048 absolutum
481 1012 610 1049 esse.
1679 1054 1705 1075 Ἣ
1731 1014 1784 1078 4)

1635 1092 1670 1116 Ρ

334 1116 375 1188 I.
421 1127 478 1191 1.
525 1088 602 1186 Si
635 1126 808 1202 quis,
853 1126 1118 1203 iudiceS,
1151 1131 1306 1190 sorte
1336 1147 1496 1191 nunc
1530 1124 1978 1223 a‘dsitffiignarus
2011 1133 2236 1208 legum,

163 1213 555 1283 iudiciorum,
590 1188 1054 1273 consuetudinis
1086 1223 1363 1314 nostrae„
1385 1213 1632 1295 miretur
1659 1208 1935 1290 profecto
1968 1233 2126 1290 quae
2157 1217 2236 1301 Sl}
2257 1270 2274 1301 s

166 1304 328 1358 tanta
357 1296 644 1356 atrocitas
677 1294 933 1367 huiusce
965 1312 1223 1373 causae,
1270 1274 1438 1374 quiid
1467 1297 1700 1359 ⁸diebus
1735 1298 1909 1359 sestis
1946 1296 2238 1374 ludisque
2265 1304 2272 1307 “

167 1378 463 1524 ppcssglistis,
490 1378 772 1441 omnibus
804 1372 1150 1441 forensibus
1194 1381 1457 1454 negotiis
1487 1379 1871 1453 intermissiS,
1905 1385 2235 1480 unumallQss

271 1483 289 1523 1

162 1556 467 1624 arguatur,
501 1556 564 1608 ut
593 1564 668 1608 eo
698 1549 976 1623 neglecto
1011 1547 1226 1609 civitas
1253 1557 1415 1610 stare
1440 1566 1559 1608 non
1585 1549 2011 1693 pgyaesss'lii'j‘qqm
2047 1569 2234 1625 quum

163 1632 372 1693 audiat
416 1648 558 1692 esse
601 1633 797 1705 legem
841 1647 1001 1707 quae
1043 1632 1122 1691 de
1150 1630 1461 1711 seditiosis
1495 1650 1607 1693 con
1687 1650 1721 1692 e
1746 1633 2055 1709 eratisque
2086 1635 2231 1695 civi-

163 1717 309 1787 buS‚
346 1713 452 1791 qui
477 1714 689 1774 armati
720 1723 998 1775 senatum
1029 1710 1400 1787 obsederint,
1427 1716 1887 1803 magistratibus
1921 1718 2045 1778 vim
2079 1728 2233 1778 attu-

162 1798 370 1870 lerint,
400 1815 528 1858 rem
602 1797 863 1877 ublieam
895 1799 1337 1874 oppugnarint,
1381 1787 1610 1861 cutidie‘
1641 1802 1850 1876 quaeri
1881 1800 2115 1876 iubeat,
2148 1805 2228 1860 le·
2263 1870 2280 1883 ‚

159 1899 297 1956 gom
327 1898 450 1942 non
479 1881 555 1940 im
584 1879 799 1951 ‘robet,
834 1881 1058 1941 crimen
1093 1885 1260 1957 quod
1292 1893 1567 1966 versetur
1593 1884 1649 1943 in
1679 1884 1904 1961 iudicio
1926 1887 2232 1968 'requiratz

163 1982 350 2041 quum
379 1964 588 2026 audiat
617 1966 843 2026 nullum
876 1964 1144 2043 facinus,
1187 1950 1796 2043 nullam¹audiii3iam‘,
1821 1964 2072 2030 ‘nullam
2110 1971 2231 2029 vim

159 2048 220 2109 in
255 2048 546 2109 iudicium
583 2048 821 2120 vocari,
866 2050 977 2109 sed
1013 2051 1466 2112 adolescentem
1500 2053 1715 2113 illustri
1744 2052 2021 2128 ingenim
2051 2055 2229 2115 indu-

162 2134 340 2207 stria,
376 2132 569 2208 gratia
597 2134 876 2193 accusari
905 2134 982 2193 ab
1013 2133 1147 2195 eius
1177 2135 1335 2207 filio,
1371 2153 1550 2209 quem
1583 2135 1734 2209 ipse,
1756 2137 2137 2230 inqiudicium
2169 2147 2232 2199 et

167 2227 349 2277 vocet
370 2228 433 2298 et
452 2220 704 2304 Yocarit,
729 2218 1079 2302 oppugnari
1098 2225 1303 2298 autem
1328 2218 1551 2293 opibus
1565 2217 1952 2308 meretriciis]
1960 2221 2223 2281 Atratini

162 2297 323 2360 illius
349 2291 638 2375 p'ie'takem
657 2320 778 2363 non
803 2295 1229 2379 reprehendat,
1255 2302 1609 2362 muliebrem
1625 2301 1936 2362 libidinem
1960 2303 2223 2379 compri-

162 2386 449 2445 mendam
477 2391 684 2462 putet,
722 2403 842 2448 vos
879 2385 1231 2448 laboriosos
1278 2384 1584 2448 existimet
1624 2385 1846 2464 quibus
1891 2387 2107 2447 otiosis
2145 2404 2224 2446 ne

163 2466 219 2524 in
256 2471 561 2528 communi
589 2470 835 2538 quidem
873 2473 998 2529 otio
1037 2471 1216 2529 liceat
1244 2486 1406 2528 esse.
1466 2468 1523 2529 2.
1552 2467 1787 2528 Etenim
1820 2468 1871 2530 si
1904 2471 2227 2531 attendere

157 2548 506 2623 diligenter,
539 2548 886 2609 existimare
916 2566 1061 2610 vere
1096 2551 1173 2610 de
1208 2551 1372 2632 omni
1403 2552 1517 2612 hac
1549 2568 1739 2612 eausa
1767 2551 2102 2622 volueritis,
2135 2552 2226 2610 sic

157 2631 574 2707 constituetiS,
625 2631 892 2706 iudiceS,
939 2633 1526 2695 neeidescensurum
1558 2652 1928 2711 quemquam
1957 2635 2037 2695 ad
2069 2635 2228 2694 hanc

154 2717 613 2778 accusationem
646 2717 863 2790 fuisse,
896 2718 992 2779 eui
1022 2726 1217 2779 utrum
1250 2719 1433 2779 vellet
1460 2718 1697 2792 liceret,
1728 2735 1872 2792 nec,
1907 2737 2092 2795 quum
2118 2720 2223 2778 de-

160 2802 524 2873 scendisset,
556 2800 889 2876 quidquam
921 2801 1262 2872 habiturum
1294 2802 1430 2882 spei
1461 2804 1673 2877 fuisse,
1703 2802 1819 2863 nisi
1856 2802 2113 2864 alieuius
2138 2805 2224 2861 in-

158 2885 458 2944 tolerabili
498 2885 745 2945 libidine
793 2894 854 2946 et
894 2886 1072 2946 nimis
1116 2869 1342 2946 aderito
1390 2887 1532 2956 odio
1571 2887 1878 2948 niteretur.
1949 2888 2073 2947 sed
2106 2903 2224 2960 ego

150 2968 456 3045 Atratino,
508 2967 948 3030 humanissimo
993 2979 1179 3044 atque
1221 2970 1449 3043 optimo
1495 2972 1904 3041 adolescenti,
1948 2987 2086 3030 meo
2118 2986 2222 3029 ne·

158 3051 464 3122 cessariO,
508 3050 795 3125 ignosco,
842 3053 946 3128 qui
988 3054 1170 3113 habet
1209 3054 1671 3115 excusationem
1714 3056 1812 3114 vel
1847 3054 2087 3130 pietatis
2121 3054 2219 3113 vel

155 3132 546 3195 necessitatis
577 3136 670 3194 vel
701 3137 936 3197 aetatis.
983 3137 1047 3199 Si
1077 3136 1270 3198 voluit
1307 3154 1632 3211 accusare,
1663 3138 1871 3214 pietati
1903 3137 2133 3199 tribuo:
2168 3134 2245 3195 si·⁴

155 3214 172 3276 ἶ
177 3235 365 3280 ussus
401 3224 523 3288 est,
567 3217 949 3281 necessitati:
997 3220 1052 3282 si
1082 3221 1356 3296 speravit
1380 3221 1642 3297 aliquid,
1684 3221 2005 3298 pueritiae.
2109 3225 2221 3286 Ce-

142 3283 301 3370 ’ceris
333 3318 455 3361 non
485 3301 669 3363 modo
706 3300 852 3363 nihil
882 3305 1356 3381 ignoscendum,
1399 3308 1511 3367 sed
1544 3307 1724 3388 etiam
1754 3305 1976 3367 acriter
2004 3311 2101 3365 est
2127 3319 2222 3363 re-

146 3383 514 3451 sistendum.

322 3468 395 3528 11.
439 3466 500 3533 3.
565 3470 656 3529 Ac
697 3468 842 3530 mihi
887 3469 1129 3545 quidem
1175 3471 1440 3548 videtur,
1489 3472 1754 3549 iudiceS,
1798 3472 1898 3534 llic
1939 3469 2224 3533 introitus

186 1484 224 1525 ¹²
295 1481 452 1523 cmm
499 1474 889 1536 exerceatur,
937 1480 1051 1524 nec
1097 1465 1331 1526 dubitet
1372 1466 1512 1541 quin
1558 1466 1704 1525 tanti
1753 1466 2043 1526 facinoris
2085 1449 2266 1528 reti&
2297 1441 2390 1485 ’ΤΗ
