2514 3928
349 73 610 97 ἥ-ιῴιτ

0 93 349 121 W

0 349 73 406 97
619 345 788 406 CAP.
817 351 1055 403 23—25.
1099 351 1153 412 s.
1181 350 1420 403 55—61.
1956 327 2073 394 195

7 508 238 582 aculei,
281 509 335 570 si
373 525 530 585 quos
563 509 829 571 habuisti
858 509 917 570 in
962 526 1061 570 me
1101 508 1643 585 reprehendendo,
1686 515 1890 569 tamen
1925 505 2069 568 mihi

10 609 132 652 non
164 592 383 667 ingrati
413 593 787 654 acciderunt.
876 592 977 653 59.
1010 592 1316 668 Quaesisti
1357 601 1562 653 utrum
1594 591 1734 652 mihi
1767 600 2066 667 putarem,

9 674 234 749 equitis
264 675 524 737 Romani
542 675 701 747 filio,
737 677 1072 740 faciliorem
1095 676 1291 737 ruisse
1314 677 1394 736 ad
1417 675 1852 750 adipiscendos
1877 675 2069 735 hono·

12 773 113 817 res
150 757 309 818 viam
333 775 411 819 an
448 761 709 820 futuram
746 767 891 823 esse
921 759 1048 823 filio
1079 775 1222 820 meo
1242 805 1257 830 ,
1291 757 1430 833 quia
1466 766 1635 820 esset
1669 758 1893 818 familia
1923 774 2070 819 con·

13 840 218 900 sulari.
281 843 412 918 Ego
445 859 598 903 vero
640 861 1008 920 quamquam
1039 843 1124 905 illi
1152 841 1359 904 omnia
1386 845 1546 902 malo
1581 858 1762 916 quam
1786 841 1945 910 mihi,
1976 846 2070 901 ta-

12 939 150 982 men
194 923 494 987 honorum
536 927 740 988 aditus
785 945 1114 1004 numquam
1160 925 1246 986 illi
1281 924 1589 986 faciliores
1636 925 1848 1000 optavi
1890 941 2070 998 quarn

11 1006 152 1066 mihi
189 1008 452 1071 fuerunt.
512 1011 664 1085 Quin
702 1013 902 1085 etiam,
938 1028 1018 1072 ne
1050 1014 1210 1072 rorte
1238 1009 1342 1069 ille
1371 1009 1613 1069 sibime
1643 1009 1854 1085 potius
1883 1022 2050 1083 pepe

10 1089 172 1152 risse
206 1091 322 1152 iam
355 1093 628 1155 honores
661 1112 844 1171 quam
882 1096 1000 1156 iter
1030 1096 1497 1155 demonstrasse
1528 1092 2074 1169 adipiscendorum

12 1181 219 1252 putet,
262 1175 418 1237 haec
452 1177 537 1238 illi
578 1181 753 1239 soleo
791 1179 1177 1255 praecipere,
1223 1193 1591 1252 quamquam
1630 1177 1709 1237 ad
1737 1182 2075 1254 praecepta

9 1267 182 1319 aetas
213 1274 340 1319 non
377 1267 475 1320 est
501 1261 772 1335 grandiS,
803 1276 964 1335 quae
994 1276 1108 1321 rex
1134 1261 1236 1319 ille
1272 1276 1309 1318 a
1340 1262 1489 1320 Iove
1524 1267 1697 1322 ortus
1728 1261 1858 1323 suis
1895 1274 2073 1335 prae·

11 1341 179 1417 cepit
207 1341 379 1402 filiis:
439 1344 820 1416 Viqilandum
849 1350 936 1402 est
971 1359 1234 1417 semper.-
1280 1346 1500 1402 multae
1526 1345 1781 1403 insidiae
1805 1351 1943 1404 sunt
1955 1344 2074 1402 bo-

9 1428 121 1485 πίε.
192 1424 401 1484 Nostis
429 1430 655 1484 cetera.
723 1425 980 1484 Nonne?
1031 1425 1113 1484 Id
1149 1425 1308 1496 quod
1341 1427 1513 1483 multi
1536 1427 1865 1501 invideant,
1916 1441 2075 1499 quae

13 1505 265 1581 scripsit
294 1506 501 1581 gravis
537 1513 600 1567 et
631 1506 991 1582 ingeniosus
1020 1510 1239 1582 poeta,
1279 1504 1529 1581 scripsit
1557 1520 1682 1566 non
1712 1514 1781 1566 ut
1807 1506 1949 1566 illos
1978 1521 2074 1565 re-

12 1590 152 1666 gios
191 1604 441 1664 pueros,
477 1589 582 1664 qui
615 1588 733 1650 iam
763 1606 1065 1666 nusquam
1099 1595 1293 1660 erant,
1339 1589 1454 1648 sed
1485 1594 1554 1648 ut
1583 1605 1698 1650 nos
1730 1596 1792 1649 et
1825 1595 2077 1649 nostros

15 1673 355 1735 liberos-ad
389 1673 662 1733 laborem
698 1674 867 1735 etad
899 1673 1139 1734 laudem
1173 1671 1488 1734 excitaret.

143 1757 244 1818 60.
293 1756 548 1835 Quaeris
595 1758 743 1832 quid
775 1756 1049 1833 potuerit
1075 1754 1339 1830 amplius
1372 1755 1633 1831 adsequi
1669 1753 1982 1826 Planciu8‚
2025 1753 2082 1815 si

15 1842 121 1901 Cn.
156 1839 465 1914 Scipionis
500 1840 723 1902 fuisset
744 1840 932 1908 filius.
986 1838 1182 1916 Magis
1207 1839 1422 1900 aedilis
1447 1839 1581 1899 fieri
1601 1855 1723 1901 non
1749 1839 2078 1914 potuisset,

13 1925 128 1986 sed
153 1923 274 1984 hoc
297 1932 661 2000 praestaret,
687 1925 857 2001 quod
879 1924 938 1987 ei
958 1923 1158 1987 minus
1181 1921 1579 1985 invideretur.
1626 1923 1863 1985 Etenim
1886 1923 2079 1983 hono·

11 2024 150 2070 rum
172 2010 403 2083 gradus
426 2010 679 2069 summis
703 2008 1051 2069 hominibus
1087 2014 1150 2068 et
1176 2006 1400 2067 infimis
1425 2015 1570 2069 sunt
1590 2023 1774 2084 pares
1790 2055 1806 2080 ,
1843 2008 2080 2084 gloriae

11 2090 321 2164 dispares,
364 2092 553 2151 XXV.
580 2091 727 2167 Quis
753 2100 1033 2152 nostrum
1057 2107 1128 2151 se
1142 2089 1401 2150 dicitM’.
1418 2092 1619 2164 Curio,
1649 2091 1788 2167 quis
1802 2091 2079 2153 C.Fabri-

13 2173 135 2243 cio,
173 2172 311 2247 quis
343 2175 407 2233 C.
423 2175 663 2234 Duellio
691 2177 938 2249 parem?
982 2173 1119 2250 quis
1139 2174 1325 2234 Atilio
1361 2174 1677 2236 Calatino?
1721 2174 1860 2249 quis
1886 2174 1993 2235 Cn.
2018 2179 2082 2234 et

13 2259 80 2319 P.
98 2254 535 2329 Scipionibus?
589 2258 726 2331 quis
769 2257 1091 2327 Africano,
1143 2258 1468 2330 Marcello,
1512 2257 1823 2319 Maximo?
1871 2264 2079 2318 tamen

16 2339 275 2402 eosdem
307 2355 521 2400 sumus
552 2340 854 2401 honorum
889 2342 1118 2416 gradus
1155 2357 1316 2415 quos
1347 2340 1432 2401 illi
1464 2340 1766 2403 adsecuti.
1838 2340 2080 2403 Etenim

17 2424 79 2484 in
110 2423 337 2483 virtute
369 2422 540 2484 multi
565 2431 709 2484 sunt
731 2440 1053 2495 ascensus,
1086 2429 1152 2483 ut
1179 2424 1233 2485 is
1262 2423 1527 2486 maxime
1560 2424 1757 2502 gloria
1796 2426 2077 2496 excellat,

15 2504 125 2582 qui
143 2506 371 2568 virtute
391 2506 717 2583 plurimum
740 2516 1045 2583 praestet:
1079 2508 1384 2569 honorum
1409 2509 1625 2585 populi
1649 2507 1789 2570 linis
1813 2516 1911 2571 est
1933 2523 2078 2582 cone

15 2590 290 2651 sulatus:
317 2604 503 2665 quem
515 2591 934 2667 magistratum
947 2591 1065 2651 iam
1083 2591 1415 2666 octingenti
1431 2594 1559 2652 fere
1574 2592 1890 2652 consecuti
1904 2598 2077 2652 sunt:

17 2672 268 2744 horum,
299 2671 357 2732 si
382 2671 709 2749 diligenter
737 2690 1024 2749 quaeres,
1056 2673 1163 2733 vix
1199 2675 1495 2734 decimam
1532 2683 1770 2752 partem
1803 2674 2080 2749 reperies

16 2755 217 2833 gloria
245 2756 509 2832 dig-nam.
569 2758 697 2819 Sed
725 2773 907 2818 nemo
938 2772 1228 2831 umquam
1260 2756 1351 2817 sic
1385 2758 1536 2831 egit,
1572 2766 1643 2818 ut
1672 2765 1772 2818 tu:
1810 2755 1930 2817 Cur
1960 2756 2081 2817 iste

19 2839 92 2899 fit
119 2840 382 2902 consul?
410 2840 557 2915 quid
586 2840 787 2917 potuit
813 2840 1093 2917 ampliuS‚
1131 2839 1184 2900 si
1214 2839 1281 2898 L.
1312 2840 1540 2901 Brutus
1572 2849 1769 2909 esset,
1806 2839 1912 2914 qui
1932 2837 2080 2901 civi-

0 2928 211 2983 rtatem
233 2920 549 2985 dominatu
570 2924 741 3000 regio
767 2923 1089 2985 liberavit?
1128 2924 1368 2984 honore
1402 2923 1546 2985 nihil
1569 2923 1861 2999 amplius,
1897 2925 2081 2986 laude

16 3007 295 3067 multum.
365 3005 468 3067 Sic
489 3007 674 3083 igitur
693 3008 978 3069 Plancius
1005 3006 1191 3067 nihilo
1213 3006 1417 3069 minus
1442 3015 1738 3082 quaestor
1760 3016 1855 3069 est
1878 3010 2080 3071 factus

17 3095 82 3151 et
103 3089 381 3151 tribunus
405 3090 604 3167 plebis
630 3099 692 3151 et
713 3090 927 3152 aedilis
953 3108 1135 3166 quam
1160 3093 1210 3151 si
1237 3098 1405 3153 esset
1429 3109 1668 3153 summo
1702 3095 1842 3153 loco
1875 3101 2076 3161 natus,

19 3174 133 3234 sed
158 3171 315 3234 haec
338 3175 474 3252 pari
497 3175 640 3235 loco
666 3174 783 3235 orti
805 3182 951 3235 sunt
972 3174 1445 3237 innumerabiles
1467 3176 1568 3237 alii
1591 3177 1925 3238 consecuti.
1974 3178 2075 3236 61.

22 3257 266 3319 profers
288 3255 632 3334 triumphos
656 3261 725 3318 T.
743 3257 899 3319 Didii
925 3265 987 3318 et
1009 3259 1068 3319 C.
1086 3259 1279 3329 Marii,
1306 3265 1369 3320 et
1392 3261 1668 3334 quaeris:
1703 3260 1858 3333 Quid
1882 3259 2081 3320 simile

17 3340 83 3401 in
104 3339 398 3403 Plancio?
425 3341 614 3417 Quasi
629 3358 778 3402 vero
796 3340 915 3414 isti,
940 3358 1098 3417 quos
1121 3359 1587 3415 commemoraS,
1606 3351 1938 3419 propterea
1954 3359 2079 3401 ma-

17 3422 316 3501 gistratus
339 3425 631 3501 ceperint,
667 3425 835 3502 quod
857 3426 1334 3524 triumpharant,
1361 3435 1421 3487 et
1441 3443 1565 3487 non
1590 3426 2077 3499 [triumpharine],

17 3506 169 3585 quia
200 3508 512 3571 commissi
539 3517 683 3571 sunt
708 3509 782 3571 iis
811 3507 1233 3584 magistratus,
1263 3509 1326 3570 in
1359 3509 1581 3584 quibus
1616 3523 1685 3566 re
1715 3507 1873 3565 bene
1902 3508 2075 3575 gesta

14 3589 485 3668 triumpharent.
570 3595 780 3669 Rogas
826 3609 986 3668 quae
1031 3600 1235 3655 castra
1272 3591 1523 3654 viderit.
1508 3587 1678 3727 ‚¹312
1718 3593 1781 3645 et
1810 3583 1987 3641 miles
2012 3582 2075 3637 'm

2369 2049 2392 2068 “
2369 1644 2514 1966 ἳῆἓὶὶεὶῖἱ
2355 1459 2514 1596 llll

2379 1442 2416 1457 Q

2375 1151 2514 1450 32·less

2373 1968 2494 1992 ..—

2370 2008 2406 2032 ἒ

2411 1997 2490 2015 l

2370 2129 2485 2167 ..k-

2393 2296 2514 2565 aam
2405 2169 2489 2225 υ

2403 2565 2510 2646 *π’

2403 2659 2508 2692 ἲ

2371 2725 2468 2779 :2

2372 2813 2504 2995 ,1352
