2514 3928
178 256 244 312 79
437 291 442 296 ·
501 316 521 322 ,
563 252 568 258 ’
765 252 946 313 rcAP.
979 254 1597 323 114-13.§.30-37
1656 268 1669 292 ³
2117 258 2246 324 377

173 398 411 476 scripti,
455 401 649 476 bello,
679 402 871 478 bello,
914 402 1193 480 inquam,
1238 406 1671 470 decertandum
1706 418 1830 485 est,
1871 410 2060 487 idque
2095 410 2236 474 con-

172 484 401 544 restim=
446 486 782 559 legatorum
814 486 1067 548 tarditas
1096 487 1479 564 repudianda
1505 500 1620 553 est.
1706 491 1808 553 34.
1853 493 2236 571 Quapropter

168 582 247 627 ne
273 568 461 628 multa
488 566 666 630 nobis
698 567 921 630 cotidie
944 571 1331 632 decernenda
1358 574 1497 647 sint,
1527 576 1881 644 consulibus
1902 585 2088 639 totam
2110 595 2245 641 rem

160 650 475 726 publicam
510 652 1055 715 commendandam
1098 670 1326 716 censeo
1374 655 1578 732 iisque
1618 657 2114 734 permittendum,
2172 671 2242 726 ut

166 749 296 795 rem
326 733 630 814 publicam
670 736 1003 799 defendant
1040 738 1640 815 provideantque-ne
1684 739 1832 817 quid
1860 759 1961 805 res
1994 744 2243 820 publica
2319 740 2324 744 ’

168 815 509 880 detrimenti
530 819 791 897 accipiat
812 837 1187 899 censeoque,
1211 829 1280 885 ut
1302 821 1396 899 iis„
1431 825 1536 901 qui
1565 823 1624 885 in
1657 825 1931 888 exercitu
1943 827 2023 887 Μ.
2048 830 2230 889 Anto·

165 900 250 986 nii
282 911 452 979 sunt,
495 920 573 966 ne
610 904 688 967 sit
716 922 790 967 ea
832 923 935 969 res
977 903 1205 980 fraudi,
1255 907 1310 969 si
1351 916 1494 969 ante
1525 908 1839 969 Kalendas
1869 909 2243 973 Februarias

165 989 243 1049 ab
273 1005 349 1051 eo
394 987 811 1051 discesserint.
880 992 1047 1052 Haec
1090 990 1143 1052 si
1183 991 1578 1065 censueritis,
1632 1002 1840 1069 patres
1886 993 2247 1071 conscripti,

162 1072 335 1133 brevi
367 1080 648 1150 tempore
675 1074 1010 1136 libertatem
1038 1076 1251 1152 populi
1272 1075 1531 1137 Romani
1564 1076 2110 1155 auctoritatemque
2135 1095 2237 1139 ve-

164 1165 351 1219 stram
379 1156 843 1233 recuperabitis.
944 1158 1013 1220 Si
1044 1166 1247 1240 autem
1275 1160 1473 1221 lenius
1503 1162 1726 1236 agetis,
1762 1168 1962 1223 tamen
1994 1163 2240 1236 eadem,

166 1242 281 1302 sed
318 1241 581 1303 sortasse
613 1240 814 1302 serius
845 1242 1232 1313 decernetis.·
1276 1243 1367 1304 De
1394 1260 1462 1304 re
1493 1243 1737 1319 publica
1772 1246 1987 1321 quoad*
2008 1245 2232 1307 rettuli-

163 1322 278 1385 stis
311 1323 464 1386 'satis
494 1325 849 1385 decrevisse
874 1325 1109 1386 videor.
1320 1401 1323 1403 q
1650 1349 1656 1356 2
1683 1340 1687 1343 ’
2082 1388 2088 1394 ,

286 1399 590 1470 xl11.235.
636 1409 846 1480 Altera
884 1425 987 1470 res
1030 1417 1125 1470 est
1164 1410 1243 1470 de
1283 1409 1649 1473 honoribus=
1699 1412 1776 1471 de
1811 1410 2035 1487 quibus
2067 1409 2234 1472 deim-

163 1508 315 1568 ceps
346 1491 616 1568 intelligo
647 1496 790 1554 esse
814 1491 1159 1563 dicendum.
1219 1493 1344 1554 Sed
1379 1492 1482 1570 qui
1509 1495 1661 1555 ordo
1692 1494 1752 1554 in
1788 1492 2105 1555 sententiis
2133 1511 2246 1555 ro·-

159 1576 383 1653 'gandis
416 1574 655 1641 servari,
680 1577 864 1650 solet,
909 1578 1188 1638 eumdem
1224 1578 1442 1639 tenebo
1474 1577 1534 1637 in
1577 1575 1727 1638 viris
1759 1576 2017 1640 fortibus
2044 1576 2230 1638 hono-

162 1658 395 1721 randis.
461 1663 519 1721 A
546 1660 735 1721 Bruto
769 1658 948 1736 igitur
979 1662 1236 1721 consule
1266 1659 1585 1736 designato
1615 1677 1786 1723 more
1814 1661 2109 1723 maiorum
2136 1677 2243 1722 ca·

158 1742 405 1824 piamus
446 1744 797 1806 exordium=
854 1742 1030 1805 cuius
1073 1752 1141 1806 ut
1183 1744 1507 1820 superiora
1550 1743 1848 1818 omittam,
1903 1761 2062 1820 quae
2093 1752 2236 1806 sunt

161 1829 427 1889 maxima
474 1827 576 1889 illa
630 1826 907 1903 quidem,
966 1829 1079 1889 sed
1131 1827 1334 1889 adhuc
1381 1827 1692 1890 hominum
1748 1827 1941 1904 magis
1993 1825 2239 1890 iudiciis

163 1928 349 1988 quam
384 1911 625 1988 publice
659 1912 941 1992 laudata,
991 1912 1359 1987 quibusnam
1399 1910 1601 1973 verbis
1639 1909 1773 1974 eius
1806 1913 2020 1974 laudes
2052 1909 2231 1976 huius

159 1994 365 2070 ipsius
393 1994 685 2071 temporis
711 1992 1009 2072 consequi
1038 1996 1666 2072 possumustRNeque
1691 1996 1851 2057 enim
1874 1998 2054 2057 ullam
2077 2011 2234 2056 mer-

160 2079 384 2140 cedem
410 2087 573 2140 tanta
606 2077 798 2140 virtus
823 2082 1065 2154 praeter
1091 2079 1249 2140 hanc
1281 2080 1478 2140 laudis
1502 2079 1858 2155 gloriaeque
1893 2078 2233 2141 desiderata

160 2179 292 2238 qua
324 2161 501 2223 etiam
533 2163 586 2222 si
617 2169 847 2235 careat,
899 2169 1098 2223 tamen
1130 2162 1209 2224 sit
1236 2179 1307 2224 se
1336 2162 1475 2238 ipsa
1501 2170 1813 2225 contenta:
1862 2177 2235 2242 'quamquam

155 2248 227 2306 in
250 2244 542 2306 memoria
567 2254 874 2321 gratorum
897 2243 1116 2306 civium
1141 2254 1445 2322 tamquam
1472 2247 1531 2306 in
1561 2247 1699 2308 luce
1730 2245 1931 2322 posita
1960 2246 2232 2307 laetetur.

153 2331 330 2392 Laus
371 2328 552 2405 igitur
585 2328 791 2390 iudicii
828 2328 1279 2407 testimoniique
1320 2328 1513 2393 nostri
1553 2329 1874 2392 tribuenda
1899 2330 2087 2391 Bruto
2119 2335 2234 2390 est.

150 2411 265 2477 36.
313 2413 501 2488 Quam
532 2413 612 2474 ob
641 2429 770 2474 rem
799 2410 893 2473 his
918 2413 1155 2489 verbiS,
1185 2422 1392 2490 patres
1417 2413 1781 2489 conscripti,
1811 2421 2061 2475 senatus
2085 2427 2234 2474 con-

151 2499 390 2562 sultum
423 2496 767 2559 faciendum
799 2513 1054 2559 censeo=
1086 2497 1280 2571 Quum
1309 2499 1381 2559 D.
1408 2498 1664 2572 Brutus,
1696 2497 2058 2572 imperator,
2089 2511 2237 2556 con-

149 2583 256 2646 sul
290 2579 679 2657 designatus,
714 2580 1092 2658 provinciam
1116 2581 1367 2642 Galliam
1391 2582 1450 2642 in
1475 2589 1726 2665 senatus
1750 2578 2091 2655 populique
2110 2578 2235 2637 Ro-

147 2664 327 2729 mani
357 2672 661 2741 potestate
684 2671 920 2738 teneat,
949 2682 1261 2742 quumque
1290 2663 1626 2727 exercitum
1655 2670 1887 2726 tantum
1916 2670 2037 2723 tam
2060 2658 2234 2721 brevi

144 2761 466 2825 tempore,
517 2766 751 2811 summo
796 2746 1000 2810 studio
1044 2749 1509 2825 municipiorum
1552 2746 2054 2820 coloniarumque
2094 2754 2237 2819 pro-

146 2833 406 2898 vinciae
437 2830 720 2909 Galliae„
751 2829 979 2910 optime
1010 2832 1088 2897 de
1116 2851 1183 2895 re
1226 2832 1472 2908 publica
1511 2830 1763 2892 meritae
1802 2827 2237 2915 merentisque‚

147 2916 631 2997 conscripserit,
683 2917 1079 2993 compararit,
1125 2918 1188 2978 id
1217 2934 1354 2978 eum
1386 2922 1554 2978 recte
1587 2916 1646 2976 et
1675 2913 1891 2975 ordine
1931 2916 2136 2988 exque
2165 2925 2239 2970 re

137 3000 411 3082 publica
441 2999 697 3077 fecisse,
724 3000 911 3077 idque
939 3000 1011 3062 D.
1040 3000 1211 3062 Bruti
1248 2996 1838 3077 praestantissimum
1867 2995 2145 3058 meritum
2172 2992 2234 3055 in

144 3103 295 3150 rem
345 3083 646 3162 publicam
691 3081 930 3159 senatui
980 3086 1335 3161 populoque
1375 3086 1655 3146 Romano
1698 3091 1933 3159 gratum
1978 3096 2132 3143 *esse
2178 3084 2239 3141 et

149 3176 329 3234 forez
365 3168 572 3246 itaque
608 3176 883 3232 senatum
916 3170 1338 3245 populumque
1367 3169 1707 3229 Romanum
1736 3165 2119 3238 existimare,
2164 3162 2238 3222 D.

147 3254 367 3328 Bruti,
400 3253 821 3331 imperatoris,
864 3253 1139 3314 consulis
1172 3251 1499 3328 designati,
1536 3267 1758 3329 opera,
1795 3248 2086 3321 consilio,
2119 3245 2237 3341 vii-3

152 3346 287 3402 tute
317 3335 787 3413 incredibilique
815 3337 1021 3398 studio
1069 3343 1128 3398 et
1156 3352 1465 3397 consensu
1499 3332 1857 3412 provinciae
1889 3329 2119 3393 Galliae
2146 3340 2235 3389 rei

149 3419 448 3500 publicae
478 3419 833 3482 difficillimo
858 3428 1138 3497 tempore
1168 3424 1308 3480 esse
1339 3420 1724 3480 subventum.
1768 3412 1870 3479 37.
1895 3414 2048 3472 Huic
2069 3415 2237 3470 tanto

147 3501 371 3567 merito
406 3503 606 3580 Bruti,
635 3512 842 3580 patres
868 3502 1217 3581 conscripti,
1243 3510 1534 3578 tantoque
1557 3501 1617 3561 in
1647 3516 1778 3560 rem
1801 3489 2107 3574 publicam
2137 3493 2235 3550 be-
