2514 3928
289 230 415 295 230
731 229 881 291 PRO
912 230 976 290 T.
1008 230 1244 292 ANNIO
1278 230 1570 290 MILONE
1615 228 1921 290 ORATIO.
2335 237 2371 293 6

289 393 420 433 runt.
490 382 707 432 Sedebat
733 399 794 433 eo
830 393 1054 449 tempore
1092 382 1179 436 Cn.
1217 385 1488 450 Pompeius
1527 384 1595 435 ad
1631 382 1877 433 aerarium
1899 417 1913 442 ,
1951 381 2370 448 perturbatusque

291 460 396 504 erat
420 455 597 502 eodem
648 450 735 501 illo
774 452 1022 502 clamore:
1057 454 1227 516 itaque
1253 452 1473 503 Domitio
1512 450 1745 518 promisit
1783 464 1839 501 se
1884 458 2089 516 postero
2127 450 2209 502 die
2255 465 2367 502 eum

288 521 537 586 praesidio
592 521 979 581 descensurum,
1029 522 1181 585 idque
1229 522 1369 577 fecit.
1455 521 1563 580 Qua
1600 535 1656 570 re
1694 519 1858 569 territi
1899 519 2128 570 Clodiani
2167 519 2370 571 silentio

287 592 437 639 verba
478 590 680 638 testium
722 605 814 656 per
850 590 1061 640 biduum
1110 591 1278 640 audiri
1328 591 1467 656 passi
1497 597 1630 639 sunt.
1701 589 2144 654 Interrogaverunt
2178 603 2266 639 eos
2295 589 2365 640 Μ.

288 657 459 709 Cicero
516 670 563 708 et
598 658 665 707 Μ.
698 658 968 709 Marcellus
1004 669 1053 710 et
1097 659 1215 709 Milo
1263 661 1392 724 ipse.
1459 659 1602 708 Multi
1636 672 1699 706 ex
1736 657 1831 718 iis,
1870 658 1960 721 qui
1988 656 2193 708 Bovillis
2222 655 2370 708 habi·

289 729 488 787 tabant,
536 729 879 778 testimonium
923 729 1156 778 dixerunt
1204 727 1268 777 de
1309 729 1405 794 iis,
1441 742 1572 790 quae
1615 727 1686 776 ibi
1716 726 1849 776 facta
1882 734 2050 776 erant:
2087 741 2367 791 cauponem

289 797 536 853 occisum,
573 796 830 845 tabernam
854 806 1226 863 expugnatam,
1273 811 1456 862 corpus
1493 795 1654 845 Clodii
1702 797 1754 844 in
1793 794 2055 860 publicum
2090 802 2368 846 extractum

288 881 417 915 esse.
461 865 701 930 Virgines
739 881 938 928 quoque
973 864 1199 914 Albanae
1237 865 1473 915 dixerunt
1507 864 1766 914 mulierem
1813 865 2038 928 ignotam
2067 864 2269 915 venisse
2299 864 2368 914 ad

286 951 359 991 se,
394 948 524 997 quae
562 931 764 983 Milonis
803 934 1038 983 mandatu
1067 942 1241 983 votum
1272 933 1526 999 solveret,
1563 932 1699 996 quod
1737 931 1944 983 Clodius
1981 934 2180 984 occisus
2213 942 2368 984 esset.

285 1002 501 1053 Ultimae
538 1004 880 1052 testimonium
918 1004 1157 1051 dixerunt
1184 1002 1499 1068 Sempronia,
1533 1002 1771 1052 Tuditani
1799 1001 1923 1061 flua,
1954 1017 2130 1052 socrus
2165 1003 2222 1052 Ρ.
2252 1000 2367 1052 Clo·

288 1072 443 1133 dii,et
488 1086 615 1119 uxor
649 1069 852 1131 Fulvia,
900 1079 948 1120 et
979 1072 1098 1120 fletu
1134 1086 1227 1122 suo
1263 1085 1450 1137 magno
1483 1085 1632 1136 opere
1660 1085 1748 1120 eos
1766 1105 1780 1129 ,
1807 1070 1892 1132 qui
1921 1071 2201 1133 adstabant,
2228 1085 2368 1120 eom-

286 1149 569 1189 moveruut.
654 1138 880 1189 Dimisso
914 1141 1051 1190 circa
1078 1139 1254 1190 horam
1276 1141 1524 1190 decimam
1552 1140 1741 1189 iudicio
1763 1140 1825 1193 Τ.
1846 1140 2100 1189 Munatius
2131 1153 2225 1203 pro
2243 1153 2367 1189 cou-

284 1210 421 1258 tione
457 1207 703 1273 populum
740 1208 1035 1259 adhortatus
1072 1219 1167 1269 est,
1202 1218 1259 1258 ut
1292 1218 1496 1274 postero
1527 1209 1610 1259 die
1644 1208 1882 1271 frequens
1917 1209 2119 1259 adesset
2155 1214 2204 1257 et
2233 1207 2366 1258 elabi

284 1276 526 1328 Milonem
555 1292 655 1327 non
692 1287 967 1343 pateretur,
1005 1277 1353 1341 iudiciumque
1392 1287 1440 1328 et
1478 1277 1703 1329 dolorem
1739 1291 1888 1326 suum
1921 1277 2208 1328 ostenderet
2242 1292 2368 1327 eun-

287 1347 421 1396 tibus
464 1347 530 1397 ad
576 1347 810 1396 tabellam
856 1346 1131 1396 ferendam.
1199 1349 1407 1398 Postero
1440 1348 1550 1404 die.
1599 1348 1686 1410 qui
1718 1345 1815 1395 fuit
1844 1345 2020 1396 indicii
2056 1359 2283 1395 summus
2311 1362 2363 1400 a.

287 1416 337 1469 d.
376 1415 457 1466 111.
488 1416 562 1465 ld.
585 1416 805 1482 Apriles,
842 1416 1046 1465 clausae
1081 1416 1280 1466 fuerunt
1317 1424 1418 1466 teta
1455 1417 1578 1466 urbe
1607 1416 1862 1477 tabernae,
1899 1414 2156 1480 praesidia
2177 1415 2226 1464 in
2253 1415 2368 1465 foro

287 1494 335 1534 et
383 1487 518 1536 circa
566 1500 740 1535 omnes
784 1484 881 1535 forl
931 1486 1102 1534 aditus
1132 1487 1402 1550 Pompeius
1452 1486 1731 1550 disposuit,
1778 1485 1890 1550 ipse
1927 1499 2020 1550 pro
2057 1484 2277 1548 aerario,
2308 1491 2368 1534 ut

285 1553 479 1616 pridie,
517 1555 746 1604 consedit
807 1562 1015 1618 saeptus
1052 1553 1247 1604 delecta
1281 1568 1434 1603 manu
1469 1553 1704 1606 militum.
1771 1552 1981 1603 Sortitio
2017 1551 2199 1603 deinde
2232 1551 2365 1602 iudi-

286 1638 398 1672 cum
424 1638 456 1673 a
483 1624 647 1687 primo
682 1623 763 1672 die
796 1622 929 1672 facta
965 1628 1070 1673 est:
1107 1631 1225 1687 post
1255 1630 1448 1673 tantum
1485 1621 1742 1672 silentium
1766 1629 1872 1673 toto
1908 1623 2021 1672 foro
2053 1620 2168 1682 nuit,
2204 1635 2365 1685 quan-

283 1703 389 1741 tum
417 1706 531 1741 esse
565 1692 615 1740 in
641 1690 811 1754 aliquo
849 1690 958 1740 foro
996 1699 1184 1755 posset.
1251 1693 1379 1741 Tum
1421 1693 1552 1742 intra
1583 1691 1760 1742 horam
1791 1691 2069 1741 secundam
2104 1696 2364 1742 accusato-

283 1775 363 1809 res
403 1767 674 1824 coeperunt
710 1759 891 1812 dicere.
929 1761 1127 1823 Appius
1165 1760 1326 1810 maior
1361 1768 1410 1810 et
1443 1761 1513 1816 M.
1546 1763 1795 1811 Antonius
1843 1769 1892 1809 et
1918 1760 1974 1814 P.
2002 1760 2235 1810 Valerius
2266 1757 2364 1808 Ne-

289 1844 400 1891 pos.
469 1827 560 1878 Usi
588 1832 705 1877 sunt
739 1844 801 1876 ex
835 1827 947 1894 lege
987 1828 1123 1878 horis
1160 1829 1376 1884 duabus.

424 1896 705 1960 Respondit
742 1897 808 1945 iis
860 1910 994 1945 unus
1023 1897 1091 1949 M.
1133 1895 1334 1949 Cicero:
1371 1906 1420 1949 et
1455 1914 1610 1963 quum
1644 1899 1947 1962 quibusdam
1974 1897 2249 1964 placuisset
2288 1897 2358 1945 ito

286 1966 491 2016 defendi
529 1967 737 2023 crimen,
772 1966 980 2016 interfici
1019 1963 1249 2017 Clodium
1289 1983 1379 2033 pro
1408 1985 1463 2020 re
1489 1969 1700 2035 publica
1731 1969 1923 2029 fuisse,
1960 1983 2110 2032 quam
2149 1968 2363 2017 formam

285 2038 351 2085 M.
390 2036 577 2086 Brutus
615 2043 817 2085 secutus
854 2043 929 2085 est
977 2036 1030 2084 in
1065 2052 1126 2086 ea
1163 2039 1416 2100 oratione,
1458 2053 1610 2101 quam
1657 2053 1750 2104 pro
1780 2038 1964 2088 Milone
1999 2035 2284 2101 composuit
2312 2044 2366 2084 et

285 2105 472 2167 edidit,
506 2106 652 2169 quasi
703 2105 918 2169 egisset,
948 2103 1180 2155 Ciceroni
1229 2105 1284 2156 id
1322 2122 1422 2157 non
1481 2109 1699 2173 placuit,
1737 2108 1873 2171 quod
1919 2121 2050 2170 non,
2097 2107 2183 2171 qui
2229 2106 2365 2154 bono

280 2174 489 2239 publico
522 2174 782 2234 damnari,
820 2173 957 2222 idem
994 2175 1147 2225 etiam
1185 2176 1348 2226 occidi
1381 2175 1700 2227 indemnatus
1734 2183 1925 2241 posset.
1998 2175 2172 2238 Itaque
2208 2187 2366 2236 quum

283 2244 497 2293 insidias
521 2242 760 2291 Milonem
791 2240 967 2291 Clodio
1001 2242 1187 2293 fecisse
1224 2246 1516 2308 posuissent
1553 2251 1892 2309 accusatores,
1931 2245 2050 2307 quia
2086 2241 2275 2293 falsum
2308 2241 2364 2291 id

281 2318 389 2362 erat
423 2337 493 2349 —
529 2325 640 2360 nam
678 2310 803 2360 forte
837 2310 928 2361 illa
967 2312 1078 2360 rixa
1116 2313 1391 2364 commissa
1419 2313 1583 2364 fuerat
1615 2341 1703 2373 ——,
1745 2312 1916 2363 Cicero
1948 2311 2280 2379 apprehendit
2313 2319 2369 2359 et

283 2387 453 2431 contra
475 2379 703 2430 Clodium
730 2378 903 2430 Miloni
936 2379 1122 2430 fecisse
1164 2382 1376 2432 insidias
1414 2383 1707 2448 disputavit,
1743 2398 1901 2446 eoque
1941 2391 2045 2432 tota
2069 2381 2224 2432 oratio
2244 2380 2366 2428 eius

281 2450 545 2514 spectavit.
618 2448 720 2498 Sed
764 2448 835 2497 ita
867 2450 1118 2513 constitit,
1167 2457 1223 2500 ut
1261 2452 1516 2514 diximus,
1571 2453 1796 2502 neutrius
1833 2452 2044 2502 consilio
2080 2456 2367 2514 pugnatum

280 2534 394 2568 esse
429 2534 489 2568 eo
524 2519 621 2579 die,
662 2531 831 2582 verum
860 2519 908 2569 ci
939 2517 1067 2568 forte
1101 2522 1414 2570 occurrisse:
1451 2524 1503 2569 et
1533 2534 1598 2570 ex
1634 2522 1745 2571 rixa
1772 2535 2032 2572 servorum
2059 2520 2123 2567 ad
2156 2517 2367 2567 caedem

280 2597 594 2652 perventum.
666 2586 852 2637 Notum
889 2596 1059 2637 tamen
1097 2597 1205 2638 erat
1262 2595 1536 2652 utrumque
1590 2602 1802 2639 mortem
1837 2590 1983 2639 alteri
2018 2602 2169 2652 saepe
2200 2587 2369 2635 mina-

282 2668 385 2706 tum
424 2674 562 2718 esse,
612 2666 662 2707 et
693 2657 823 2706 sicut
860 2664 1151 2721 suspectum
1186 2657 1424 2708 Milonem
1465 2660 1627 2708 maior
1668 2674 1816 2721 quam
1849 2657 2008 2709 Clodii
2057 2655 2251 2706 familia
2286 2656 2372 2705 fa-

280 2728 459 2784 ciebat,
492 2728 561 2777 ita
594 2725 881 2793 expeditior
917 2733 967 2776 et
1002 2727 1229 2791 paratior
1273 2728 1338 2776 ad
1374 2741 1598 2793 pugnam
1621 2726 1995 2785 ,Clodianorum
2031 2740 2183 2789 quam
2217 2722 2370 2774 Milo·

279 2799 359 2843 nis
407 2796 591 2847 suerat.
666 2793 839 2845 Cicero
878 2810 1033 2858 quum
1064 2796 1307 2859 inciperet
1337 2795 1535 2857 dicere,
1593 2804 1834 2861 exceptus
1879 2805 1958 2846 est
2004 2794 2371 2844 acclamatione

278 2862 673 2927 Clodianorum,
716 2864 806 2926 qui
852 2877 907 2913 se
944 2864 1200 2913 continere
1236 2877 1300 2913 ne
1340 2871 1477 2914 metu
1513 2866 1721 2928 quidem
1758 2865 2192 2915 circumstantium
2228 2859 2372 2912 mm-

279 2941 388 2981 tum
423 2937 717 2996 potuerunt.
766 2932 941 2994 Itaque
977 2945 1077 2980 non
1115 2946 1194 2989 ea,
1230 2948 1328 2995 qua
1365 2932 1543 2982 solitus
1583 2941 1706 2992 erat,
1738 2934 2020 2984 constantia
2055 2932 2206 2982 dixit.
2255 2930 2372 2980 Ma-

280 3009 365 3048 net
399 3008 568 3049 autem
600 2998 693 3048 illa
728 3013 931 3060 quoque
966 3007 1178 3063 excepta
1216 3000 1324 3049 eius
1362 3003 1538 3055 oratio.
1616 3002 1831 3068 Scripsit
1867 3017 1990 3053 vcro
2021 3001 2184 3067 hanc,
2214 3013 2373 3063 quam

279 3068 514 3131 legimus,
554 3070 626 3117 ita
659 3066 900 3130 perfecte,
935 3075 990 3116 ut
1025 3067 1135 3115 iure
1164 3069 1330 3133 prima
1366 3069 1541 3121 haberi
1575 3072 1755 3136 possit.

507 3198 856 3264 EIUSDEM
888 3200 957 3274 Q.
988 3201 1303 3266 ASCONII
1334 3206 1648 3268 PEDIANI
1678 3206 1891 3269 HAEC
1920 3205 2143 3269 SUNT.

417 3339 621 3387 Peracta
656 3334 906 3400 utrimque
937 3353 1091 3389 causa
1140 3340 1330 3408 singuli
1368 3342 1548 3405 quinos
1597 3346 1859 3391 accusator
1906 3348 1955 3390 et
1997 3354 2115 3391 reus
2162 3352 2379 3391 senato-

279 3420 391 3464 res,
441 3407 650 3456 totidem
687 3405 879 3467 equites
910 3414 957 3457 et
1004 3408 1234 3460 tribunos
1268 3412 1491 3461 aerarios
1522 3410 1829 3472 reiecerunt,
1868 3410 1940 3459 lta
1987 3417 2044 3458 nt
2078 3423 2212 3460 unus
2244 3417 2297 3460 et
2329 3409 2380 3460 1.

277 3479 551 3525 sententias
601 3473 819 3524 tulerint.
884 3474 1154 3547 Senatores
1208 3479 1662 3530 condemnaverunt
1710 3476 1821 3531 XII.
1876 3477 2205 3528 absolverunt
2264 3478 2373 3528 v1=
