2514 3928
253 233 373 294 146
846 231 922 289 lN
950 230 1027 289 L.-
1049 229 1390 289 PISONEM
1419 228 1725 290 ORATto.
2256 239 2336 293 48

247 392 389 444 ante
432 384 750 454 fecissent,
800 392 894 454 tu,
939 398 1018 441 ex
1062 380 1449 442 tenebricosa
1481 380 1709 455 popina
1739 381 1956 439 consul
1987 390 2329 454 extractus,

253 484 388 530 cum
431 466 535 526 illa
576 464 884 527 saltatrice
926 474 1135 538 tonsa,
1177 474 1454 525 senatum
1500 463 1713 538 populi
1740 462 1999 522 Romani
2027 479 2332 524 occasum

247 559 430 625 atque
459 548 759 610 interitum
782 549 872 610 rei
904 549 1186 624 publicae
1207 549 1419 623 lugere
1444 546 1706 607 vetuisti.
1751 547 1849 606 IX.
1871 548 1954 606 At
1984 548 2325 621 quaerebat

246 634 429 695 etiam
474 635 678 709 paullo
705 641 847 694 ante
876 633 953 692 de
985 649 1080 692 me
1111 631 1260 707 quid
1291 647 1406 692 suo
1442 628 1588 691 mihi
1617 645 1779 705 opus
1811 631 2029 690 suisset
2053 631 2290 692 auxilio
2310 654 2327 687 ε

250 735 356 778 cur
397 733 518 778 non
562 716 714 777 meis
763 715 1024 778 inimicis
1069 714 1222 776 meis
1267 713 1469 790 copiis
1497 714 1881 774 restitissem.
1949 713 2136 788 Quasi
2169 731 2325 776 vero

247 818 367 862 non
401 801 587 861 modo
615 816 764 875 ego,
813 799 918 875 qui
950 797 1154 860 multis
1185 814 1378 873 saepe
1408 796 1636 858 auxilio
1669 795 1953 869 fuissem,
2003 798 2117 857 sed
2149 798 2327 873 quis·

247 901 429 960 quam
471 891 591 944 tam
635 885 816 958 inops
870 883 1049 943 suerit
1097 898 1383 956 umquam
1437 881 1539 957 qui
1589 882 1709 942 isto
1759 896 1881 940 non
1934 880 2118 942 modo
2173 898 2322 956 pro-

249 975 586 1044 pugnatore
630 966 912 1028 tutiorem
961 981 1062 1036 se,
1102 965 1216 1025 sed
1243 964 1545 1027 advocato
1578 975 1683 1026 aut
1710 963 2107 1039 astipulatore
2137 981 2321 1041 para-

250 1055 463 1113 tiorem
492 1050 623 1110 fore
655 1057 911 1125 putaret.
962 1047 1059 1111 19.
1093 1049 1226 1124 Ego
1261 1048 1437 1109 istius
1463 1049 1720 1123 pecudis
1742 1063 1817 1107 ac
1839 1046 2086 1123 putidae
2111 1049 2321 1109 carnis

246 1131 506 1196 consilio
547 1132 782 1194 scilicet
824 1141 929 1193 aut
968 1131 1282 1208 praesidio
1332 1132 1611 1193 volebam
1662 1131 1814 1193 niti?
1848 1130 1927 1191 ab
1968 1131 2087 1191 hoc
2115 1133 2317 1192 eiecto

246 1218 550 1279 cadavere
588 1216 922 1293 quidquam
949 1213 1095 1276 mihi
1129 1224 1233 1276 aut
1262 1217 1402 1292 opis
1425 1223 1530 1277 aut
1550 1216 1887 1275 ornamenti
1910 1217 2322 1290 expetebam?

247 1301 569 1364 Consulem
602 1317 719 1377 ego
748 1310 872 1364 tum
908 1300 1302 1376 quaerebam,
1338 1300 1671 1372 consulem,
1700 1300 1966 1374 inquam,
2001 1316 2122 1359 non
2146 1298 2316 1360 illum

246 1384 524 1462 quidem,
574 1401 755 1460 quem
790 1384 851 1446 in
875 1384 996 1449 hoc
1024 1382 1227 1444 maiali
1256 1382 1531 1444 invenire
1559 1399 1680 1444 non
1717 1399 1996 1459 possem,
2049 1381 2151 1457 qui
2182 1391 2314 1443 tan·

247 1480 363 1532 tam
407 1468 494 1528 rei
536 1470 821 1545 publicae
858 1484 1109 1531 causam
1151 1466 1448 1543 gravitate
1491 1474 1552 1527 et
1581 1465 1840 1527 consilio
1877 1482 1991 1526 suo
2022 1474 2315 1537 tueretur,

245 1554 356 1614 sed
400 1552 504 1628 qui
542 1563 853 1631 tamquam
896 1561 1150 1614 truncus
1196 1559 1383 1627 atquc
1422 1550 1650 1629 stipes,
1701 1550 1753 1608 si
1790 1549 2065 1612 stetisset
2105 1551 2314 1621 modo,

247 1646 463 1714 posset
490 1638 793 1698 sustinere
822 1645 1022 1697 tamen
1054 1634 1289 1696 titulum
1325 1635 1702 1695 consulatus.
1743 1633 1937 1707 Quum
1960 1634 2121 1693 enim
2143 1644 2319 1695 esset

245 1719 445 1781 omnis
489 1736 682 1782 causa
720 1720 822 1780 illa
862 1735 999 1779 mea
1042 1715 1385 1778 consularis
1430 1725 1491 1779 et
1528 1716 1864 1789 senatoria,
1905 1716 2134 1777 auxilio
2166 1718 2316 1778 milii

245 1821 403 1878 opus
446 1803 642 1864 suerat
681 1810 742 1863 et
784 1801 1057 1862 consulis
1101 1809 1164 1861 et
1205 1808 1488 1862 senatus=
1535 1818 1794 1876 quorum
1835 1801 2088 1861 alterum
2132 1801 2317 1861 etiam

245 1887 323 1946 ad
376 1884 710 1960 perniciem
764 1902 959 1946 meam
1011 1891 1142 1945 erat
1189 1900 1230 1944 a
1278 1882 1457 1945 vobis
1514 1883 1871 1945 consulibus
1920 1900 2314 1957 conversum,

245 1972 497 2030 alterum
522 1969 610 2030 rei
634 1969 916 2045 publicae
944 1970 1184 2045 penitus
1208 1977 1503 2044 ereptum.
1543 1973 1636 2030 Ac
1659 1978 1878 2041 tamen,
1911 1968 1964 2029 si
1988 1968 2315 2030 consilium

245 2052 521 2129 exquiris
561 2069 794 2127 meum,
833 2069 1037 2130 neque
1080 2069 1196 2128 ego
1239 2053 1574 2114 cessissem
1603 2060 1666 2113 et
1696 2070 1793 2113 me
1822 2053 1961 2128 ipsa
1994 2069 2112 2113 suo
2143 2069 2313 2113 com-

244 2139 432 2214 plexu
478 2136 670 2213 patria
697 2135 1022 2211 tenuisset,
1070 2137 1124 2197 si
1153 2135 1298 2197 mibi
1328 2152 1463 2197 cum
1496 2136 1599 2198 illo
1628 2136 1943 2197 bustuario
1973 2137 2316 2211 gladiatore

243 2231 305 2281 et
341 2230 540 2282 tecum
582 2229 644 2282 et
681 2237 820 2281 cum
862 2222 1104 2296 collega
1132 2230 1234 2281 tuo
1266 2220 1700 2281 decertandum
1733 2221 1967 2281 ruisset.
2034 2218 2139 2282 20.
2169 2220 2315 2279 Alia

244 2302 403 2364 enim
434 2320 623 2365 causa
653 2302 1161 2380 praestantissimi
1193 2303 1336 2375 viri,
1381 2303 1448 2378 Q.
1482 2303 1738 2374 Metelli,
1788 2303 1928 2366 fuit=
1976 2319 2159 2379 quem
2188 2320 2310 2378 ego

244 2386 439 2447 civem
463 2402 599 2447 meo
625 2381 851 2449 iudicio
876 2404 1013 2448 cum
1037 2387 1292 2449 deorum
1314 2386 1738 2449 immortalium
1764 2387 1943 2449 laude
1967 2388 2274 2463 coniunge
2293 2411 2310 2443 ι

245 2469 350 2546 qui
382 2469 446 2530 C.
479 2471 562 2531 illi
594 2470 818 2544 Mario,
865 2470 1200 2532 fortissimo
1242 2470 1377 2531 viro
1422 2481 1483 2532 et
1521 2471 1760 2533 consuli
1802 2478 1862 2531 et
1887 2481 2127 2533 sextum
2159 2486 2307 2533 cou-

243 2553 362 2614 suli
392 2562 453 2616 et
479 2555 612 2616 eius
644 2553 884 2617 invictis
914 2553 1288 2630 legionibus,
1329 2571 1407 2615 ne
1437 2553 1623 2616 armis
1651 2554 2040 2631 confligeret,
2080 2554 2306 2616 ceden-

243 2638 387 2700 dum
441 2654 586 2701 esse
646 2639 836 2700 duxit.
928 2639 1104 2714 Quod
1159 2638 1302 2700 mihi
1349 2638 1530 2714 igitur
1569 2648 1872 2700 certamen
1921 2645 2091 2700 esset
2127 2637 2308 2699 huius

241 2723 451 2785 modi?
494 2739 632 2784 cum
674 2722 737 2785 C.
766 2722 957 2784 Mario
1010 2723 1247 2785 scilicet
1293 2730 1396 2783 aut
1436 2738 1572 2784 cum
1612 2722 1822 2798 aliquo
1869 2721 2004 2799 pari
2041 2739 2120 2783 an
2167 2738 2308 2782 cum

241 2812 465 2882 altero,
496 2810 760 2871 barbaro
792 2806 1100 2885 Epicureo
1164 2821 1303 2866 cum
1335 2807 1564 2876 altero,
1606 2806 1901 2869 Catilinae
1933 2806 2308 2866 lanternario

243 2894 540 2954 consule?
584 2894 802 2969 Neque
827 2892 1079 2953 hercule
1108 2905 1229 2967 ego
1260 2889 1658 2967 supercilium
1685 2897 1857 2951 tuum
1886 2905 2092 2967 neque
2121 2887 2308 2948 colle-

240 2990 360 3052 gae
404 2973 493 3036 tui
537 2976 823 3053 cymbala
859 2974 1014 3051 lugi:
1067 2989 1273 3048 neque
1313 2982 1439 3036 tam
1483 2973 1572 3037 fui
1617 2973 1893 3047 timidus,
1938 2981 2038 3045 ut,
2075 2969 2198 3048 qui
2235 2967 2306 3031 in

243 3057 525 3121 maximis
564 3058 907 3121 turbinibus
944 3073 1021 3120 ac
1061 3054 1351 3119 fluctibus
1399 3059 1490 3121 rei
1517 3056 1802 3136 publicae
1832 3074 2057 3120 navem
2085 3040 2310 3134 guber-

244 3158 493 3204 nassem
532 3143 895 3217 salvamque
936 3142 995 3206 in
1031 3149 1217 3219 portu
1257 3144 1700 3215 collocassem,
1746 3143 1966 3206 frontis
2004 3150 2151 3204 tuae
2193 3154 2309 3199 nu-

243 3227 525 3288 beculam
554 3234 661 3288 aut
690 3227 971 3303 collegae
992 3224 1082 3288 tui
1109 3227 1587 3289 contaminatum
1608 3227 1889 3304 spiritum
1914 3227 2308 3325 pertimesce·

241 3326 395 3372 rem.
493 3309 596 3371 21.
646 3309 823 3372 Alios
873 3327 1003 3387 ego
1045 3310 1171 3371 vidi
1229 3322 1484 3375 ventos.
1548 3312 1702 3374 alias
1755 3311 2054 3389 prospexi
2098 3306 2316 3370 animo.

244 3396 585 3472 procellas:
616 3393 753 3457 aliis
785 3395 1280 3471 impendentibus
1309 3397 1778 3474 tempestatibus
1811 3414 1933 3459 non
1968 3392 2163 3465 cessi,
2188 3388 2308 3452 sed

238 3480 342 3540 his
371 3495 561 3543 unum
591 3495 688 3541 me
708 3496 825 3557 pro
851 3479 1122 3542 omnium
1146 3484 1348 3543 salute
1372 3481 1582 3544 obtuli.
1629 3484 1844 3558 ltaque
1866 3481 2152 3542 discessu
2178 3482 2306 3537 tum
