2514 3928
661 390 828 453 CAP.
866 399 1027 455 13——
1042 402 1126 456 15.
1169 397 1222 460 s.
1250 400 1321 455 so
1340 426 1410 437 -
1427 399 1517 453 35.
2048 391 2130 454 83

57 545 301 607 Caelio?
347 542 495 621 quid
530 560 668 605 cum
711 543 955 604 homine
985 544 1492 614 adolescentulo?
1539 544 1686 621 quid
1719 563 1855 606 cum
1886 545 2132 606 alieno?

57 631 170 690 Cur
198 639 304 690 aut
332 636 454 689 tam
491 627 802 688 familiaris
835 627 975 688 huic
1002 627 1186 700 suisti,
1218 638 1282 689 ut
1308 640 1531 690 auruin‘
1552 631 1997 704 commodareS,
2028 641 2132 690 aut

56 723 174 774 tam
207 710 472 786 inimica,
501 718 567 772 ut
591 729 897 773 venenum
925 711 1212 772 timeres?
1261 714 1391 773 Non
1420 722 1649 788 patrem
1673 723 1839 774 tuum
1867 712 2131 785 videraS,

55 814 174 857 non
203 804 502 873 patruum,
529 813 648 856 non
673 813 873 867 avum,
911 812 1230 871 proavum,
1254 807 1499 858 atavum
1529 799 1814 858 audieras
1840 800 2129 858 consules

58 881 291 942 fuisse?
371 877 475 942 34.
521 880 652 941 Non
694 880 964 956 denique
1005 882 1190 942 modo
1223 891 1284 942 te
1320 881 1386 956 Q.
1425 881 1646 940 Metelli
1684 880 2129 941 matrimonium

55 964 327 1026 tenuisse
368 964 661 1037 *sciebam
720 965 1045 1026 clarissimi
1103 982 1177 1026 ac
1237 965 1552 1027 fortissimi
1601 965 1719 1025 viri
1777 965 2132 1041 patriaeque

55 1047 495 1111 amantissimi?
548 1049 653 1125 qui
702 1050 990 1111 simulac
1034 1051 1257 1126 pedem
1300 1050 1504 1110 limine
1538 1052 1869 1123 extulerat,
1918 1066 2132 1110 omnes

57 1151 248 1211 prope
283 1134 452 1195 cives
503 1133 751 1208 virtute,
793 1134 1020 1210 gloria,
1063 1134 1357 1209 dignitate
1393 1135 1765 1211 superabat?
1826 1133 2021 1209 Quum
2052 1151 2131 1194 ex

54 1218 430 1297 amplissimo
475 1234 700 1293 genere
747 1219 805 1276 in
853 1217 1135 1278 familiam
1180 1219 1579 1279 clarissimam
1614 1219 1976 1294 nupsisseS‚
2023 1235 2133 1279 cur

54 1303 159 1364 tibi
202 1302 442 1363 Caelius
485 1310 607 1361 tam
644 1303 1008 1361 coniunctus
1058 1302 1211 1362 suit?
1286 1302 1638 1376 Cognatus?
1694 1304 1961 1363 adfinis?
2015 1302 2130 1362 viri

53 1388 139 1448 tui
185 1383 544 1445 familiaris?
584 1383 739 1442 Nihil
786 1401 1018 1443 eorum.
1091 1385 1247 1459 Quid
1292 1384 1473 1459 igitur
1514 1385 1623 1446 suit
1667 1386 1784 1446 nisi
1830 1387 2129 1462 quaedam

58 1467 368 1530 temeritas
413 1483 486 1526 ac
525 1467 758 1527 libido?
812 1467 1026 1526 Nonne
1070 1476 1159 1539 te,
1209 1467 1264 1527 si
1306 1476 1554 1527 nostrae
1596 1470 1892 1543 imagines
1925 1469 2131 1530 viriles

56 1569 181 1613 non
212 1550 699 1624 commovebant,
731 1568 807 1612 ne
831 1550 1163 1626 progenies
1189 1550 1436 1626 quidem
1463 1568 1613 1623 mea,
1647 1552 1713 1626 Q.
1740 1553 1841 1611 illa
1866 1552 2133 1626 Claudia,

56 1637 355 1698 aemulam
388 1635 766 1695 domesticae
801 1634 1004 1695 laudis
1034 1635 1091 1696 in
1127 1634 1323 1711 gloria
1354 1635 1630 1696 muliebri
1649 1652 1809 1708 ,esse
1844 1637 2134 1696 admone-

50 1722 198 1783 bat?
248 1736 370 1781 non
401 1718 575 1795 virgo
607 1719 708 1780 illa
737 1719 1009 1781 Vestalis
1035 1719 1317 1793 Claudia,
1354 1737 1512 1797 quae
1544 1728 1775 1795 patrem
1811 1721 2136 1796 complexa

53 1803 521 1881 triumphantem
574 1804 651 1864 ab
707 1803 954 1866 inimico
1007 1805 1249 1867 tribuno
1294 1804 1498 1880 plebei
1544 1807 1621 1865 de
1664 1822 1846 1866 curru
1899 1804 2134 1866 detrahi

52 1906 241 1967 passa
273 1905 394 1950 non
435 1895 574 1949 est?
636 1889 753 1948 Cur
787 1899 844 1951 te
887 1891 1151 1950 fraterna
1189 1888 1332 1950 vitia
1362 1889 1568 1967 potius
1604 1907 1785 1967 quam
1817 1891 1981 1950 bona
2028 1907 2132 1966 pa·

55 1984 222 2036 terna
261 1983 320 2036 et
359 1973 523 2034 avita
563 1983 624 2036 et
667 1992 868 2050 usque
913 1992 949 2035 a
992 1975 1170 2037 nobis
1207 1991 1394 2050 quum
1431 1974 1489 2034 in
1524 1975 1671 2035 viris
1704 1985 1825 2037 tum
1858 1975 2040 2037 etiam
2073 1976 2130 2035 in

51 2058 293 2120 feminis
323 2060 581 2133 repetita
609 2066 974 2120 moverunt?
1021 2061 1252 2121 Ideone
1277 2076 1392 2134 ego
1420 2076 1633 2135 pacem
1657 2060 1872 2138 Pyrrhi
1895 2060 2130 2133 diremi,

49 2153 115 2205 ut
160 2154 221 2205 tu
256 2159 530 2203 amorum
576 2142 1067 2219 turpissimorum
1116 2143 1340 2205 cotidie
1389 2145 1639 2204 foedera
1684 2144 1943 2205 ferires?
1987 2144 2128 2203 ideo

45 2244 273 2304 aquam
310 2225 560 2299 adduxi,
597 2235 662 2287 ut
691 2243 762 2286 ea
796 2237 859 2287 tu
889 2230 1122 2289 inceste
1154 2234 1439 2289 uterere?
1491 2229 1630 2288 ideo
1677 2228 1837 2288 viam
1879 2227 2127 2300 munivi,

49 2322 113 2373 ut
144 2328 279 2372 eam
311 2320 375 2372 tu
403 2309 621 2371 alienis
653 2310 800 2372 viris
835 2312 1116 2384 comitata
1155 2311 1546 2372 celebrares?

171 2397 305 2456 XV.
339 2392 442 2457 35.
490 2394 613 2456 Sed
647 2396 790 2469 quid
821 2413 959 2472 ego,
991 2396 1247 2469 iudieeS,
1281 2395 1363 2456 ita
1394 2413 1640 2471 gravem
1677 2413 2004 2471 personam
2042 2398 2130 2455 in·

52 2481 221 2550 duxi,
250 2486 313 2539 ut
336 2478 515 2538 etiam
544 2494 768 2539 verear
789 2497 868 2540 ne
891 2499 962 2543 se
983 2482 1144 2543 idem
1163 2483 1413 2558 Appius
1434 2489 1690 2557 repente
1714 2489 2036 2541 convertat
2062 2489 2124 2539 et

55 2562 326 2623 Caelium
347 2561 598 2637 incipIat
620 2579 917 2626 accusare
941 2566 1041 2626 illa
1065 2584 1179 2626 sua
1203 2567 1507 2641 gravitate
1531 2565 1856 2625 censoria?
1892 2566 2015 2625 Sed
2037 2563 2123 2622 vi-

49 2648 201 2709 dero
234 2647 352 2709 hoc
399 2645 706 2722 posterius
762 2656 948 2721 atque
988 2647 1100 2719 ita,
1147 2645 1417 2719 iudices,
1459 2654 1525 2707 ut
1580 2647 1674 2706 vel
1719 2644 2133 2706 severissimis

50 2731 573 2807 disceptatoribus
602 2731 682 2789 M.
716 2730 900 2791 Caelii
950 2731 1130 2791 vitam
1176 2746 1275 2789 me
1319 2730 1715 2804 probaturum
1763 2745 1907 2789 esse
1940 2728 2132 2788 confi-

50 2816 214 2876 dam.
278 2817 366 2876 Tu
395 2831 546 2875 vero
578 2813 823 2875 mulier:
872 2812 990 2874 iam
1017 2813 1177 2873 enim
1213 2812 1350 2887 ipse
1394 2821 1623 2885 tecum,
1669 2814 1831 2872 nulla
1863 2828 2135 2887 persona

49 2900 417 2973 introducta,
451 2901 703 2973 loquor:
750 2898 802 2958 si
834 2915 939 2972 ea,
979 2914 1138 2974 quae
1170 2895 1354 2967 iacis,
1388 2912 1548 2971 quae
1580 2895 1755 2969 dicis,
1793 2913 1952 2971 quae
1985 2896 2132 2957 insi·

50 2986 270 3058 mulas,
305 3000 462 3059 quae
490 2982 741 3054 moliris,
778 2991 937 3058 quae
967 2981 1190 3057 arguis,
1225 2980 1491 3057 probare
1527 2979 1794 3055 cogitas:
1835 2981 2133 3043 rationem

51 3078 255 3130 tantae
287 3066 726 3140 familiaritatiS‚
759 3076 959 3128 tantae
988 3064 1485 3138 consuetudinis,
1521 3072 1722 3127 tantae
1752 3066 2132 3129 coniunctio·

51 3155 148 3214 nis
178 3152 408 3214 reddas
437 3160 625 3228 atque
655 3167 1229 3227 exponasnecesse
1260 3157 1373 3211 est.
1428 3152 1846 3229 Accusatores
1883 3152 2132 3228 quidem

50 3235 361 3311 libidines,
389 3253 655 3309 amoreS,
689 3235 1005 3309 adulteria,
1038 3234 1242 3307 BaiaS,
1274 3243 1463 3307 actas,
1498 3235 1802 3309 convivia,
1835 3237 2132 3298 comissa-

52 3322 273 3398 tioneS,
300 3330 539 3394 cantuS,
573 3320 999 3400 symphonias,
1029 3318 1271 3394 navigia
1300 3317 1550 3380 iactante
1602 3319 1912 3395 iidemque
1945 3319 2132 3396 signi-

49 3408 240 3467 ficant
288 3404 434 3466 nihil
486 3422 555 3466 se
594 3415 654 3467 te
695 3404 885 3466 invita
927 3404 1152 3465 dicere.
1243 3401 1411 3476 Quae
1449 3412 1542 3473 tu,
1598 3405 1887 3479 quoniam
1932 3412 2133 3463 mente

50 3490 266 3552 nescio
314 3507 438 3567 qua
480 3489 774 3552 effrenata
821 3498 1004 3565 atque
1045 3485 1361 3563 praecipiti
1406 3487 1464 3545 in
1497 3488 1692 3547 sorum
1725 3487 1946 3546 deferri
1977 3486 2133 3546 iudi-

46 3575 342 3652 ciumque
374 3575 640 3648 voluisti,
673 3585 777 3636 aut
807 3575 1004 3635 diluas
1038 3579 1281 3648 oportet
1308 3584 1382 3629 ac
1411 3571 1563 3629 salsa
1595 3586 1739 3629 esse
1770 3568 2000 3625 doceas
2030 3573 2134 3622 aut

50 3662 200 3721 nihil
246 3678 447 3738 neque
491 3659 726 3722 crimini
767 3669 870 3721 tuo
910 3674 1114 3735 neque
1158 3650 1507 3717 testimonio
1558 3648 1928 3789 crgdtendum
1988 3657 2130 3701 esse
