2514 3928
251 278 374 342 132
637 278 782 340 PRO
819 279 885 337 L.
918 276 1297 338 CORNELIO
1330 276 1587 371 BALBO
1622 278 1929 339 ORATIO.
2257 292 2327 344 34

249 429 476 491 deratis
531 429 876 491 civitatibus
932 440 1101 491 esset
1148 428 1392 491 civitate
1430 431 1727 505 donatuS,
1790 431 1852 490 in
1898 432 2190 492 iudicium
2232 445 2328 494 est

252 520 554 574 vocatus?
593 515 744 574 Nam
777 513 1134 590 Spoletinus
1169 515 1232 574 T.
1261 513 1579 576 Matrinius
1609 533 1771 591 unus
1800 531 1883 575 ex
1911 517 2018 589 iis,
2067 534 2227 592 quos
2259 517 2323 576 C.

247 597 478 658 Marius
509 597 752 659 civitate
782 599 1109 671 donasset,
1162 598 1315 658 dixit
1342 614 1594 658 causam
1623 617 1703 658 ex
1735 600 1978 660 colonia
2007 601 2222 660 Latina
2263 602 2324 660 in

248 679 461 757 primis
503 680 678 741 firma
720 691 781 743 et
808 681 1046 742 illustri.
1100 682 1290 755 Quem
1325 699 1510 756 quum
1541 683 1805 744 disertus
1838 684 2023 744 homo
2054 684 2122 744 L.
2154 685 2322 745 Anti-

249 766 403 827 stius
432 775 783 840 accusaret,
835 783 956 826 non
993 766 1145 827 dixit
1176 767 1429 827 fundum
1458 765 1839 842 Spoletinum
1870 770 2168 844 populum
2199 785 2323 829 non

249 865 394 910 esse
436 849 660 909 sactum
693 886 778 896 -—
806 849 1055 911 videbat
1097 848 1259 910 enim
1303 851 1572 926 populos
1614 851 1692 910 de
1734 868 1848 911 suo
1880 851 2045 926 iure,
2086 869 2207 913 non
2245 853 2323 912 de
2374 881 2384 888 ·

247 941 459 994 nostro
476 934 701 994 fundos
716 933 850 993 fieri
865 935 1066 994 solere
1084 969 1160 978 —
1179 981 1194 1007 ,
1220 935 1335 994 sed
1370 951 1557 1010 quum
1583 936 1727 1009 lege
1754 936 2025 1011 Apuleia
2041 935 2322 997 coloniae

246 1032 372 1078 non
402 1026 616 1078 essent
644 1017 966 1090 deductae,
999 1034 1124 1093 qua
1147 1018 1284 1093 lege
1308 1017 1674 1080 Saturninus
1699 1021 1762 1080 C.
1785 1019 1979 1079 Mario
2019 1021 2234 1081 tulerat
2256 1028 2323 1079 ut

246 1099 310 1160 in
366 1099 641 1174 singulas
695 1099 973 1162 colonias
1014 1110 1224 1162 ternos
1269 1103 1440 1164 cives
1480 1105 1795 1164 Romanos
1843 1104 2046 1164 lacere
2085 1114 2322 1178 posset,

248 1185 514 1260 negabat
554 1185 675 1246 hoc
714 1185 1084 1245 beneficium
1126 1202 1195 1247 re
1232 1184 1375 1262 ipsa
1416 1186 1656 1248 sublata
1693 1187 1898 1247 valere
1927 1186 2173 1248 debere.
2216 1186 2319 1247 49.

247 1267 405 1327 Nihil
462 1268 648 1330 habet
696 1269 1110 1331 similitudinis
1159 1268 1281 1331 ista
1328 1272 1674 1344 accusatiO‚
1734 1272 1848 1331 sed
1894 1280 2097 1332 tamen
2155 1280 2323 1331 tanta

245 1351 576 1414 auctoritas
606 1352 666 1412 in
701 1355 761 1414 C.
790 1353 982 1414 Mario
996 1353 1156 1428 ,fuit,
1203 1365 1271 1415 ut
1297 1371 1419 1415 non
1451 1371 1567 1430 per
1594 1355 1662 1414 L.
1695 1355 2013 1429 Crassum,
2055 1355 2322 1415 adfinem

245 1453 444 1512 suum,
472 1436 779 1498 hominem
802 1437 1144 1499 incredibili
1168 1439 1540 1513 eloquentia,
1574 1439 1684 1498 sed
1710 1439 1928 1514 paucis
1952 1439 2089 1514 ipse
2114 1437 2323 1499 verbis

246 1537 496 1581 causam
528 1520 693 1583 illam
724 1521 1022 1598 gravitate
1054 1538 1169 1583 sua
1200 1522 1543 1583 defenderit
1565 1530 1625 1583 et
1649 1522 1940 1598 probarit.
1986 1521 2134 1596 Quis
2158 1523 2323 1582 enim

245 1613 444 1676 esset,
480 1604 740 1680 iudiceS,
774 1604 881 1680 qui
915 1605 1388 1680 imperatoribus
1416 1605 1646 1669 nostris
1672 1607 1732 1665 in
1768 1607 1951 1679 bello,
1984 1606 2045 1666 in
2074 1606 2226 1681 acie,
2257 1605 2321 1665 in

244 1688 522 1749 exercitu
549 1690 858 1750 delectum
887 1689 1158 1762 virtutiS‚
1209 1689 1315 1762 qui
1358 1689 1581 1763 sociis,
1623 1689 1729 1765 qui
1759 1691 2091 1751 foederatis
2127 1691 2188 1749 in
2215 1692 2321 1750 de-

248 1772 557 1831 fendenda
595 1789 664 1831 re
710 1771 958 1846 publica
1005 1781 1219 1832 nostra
1260 1790 1435 1849 spem
1468 1774 1879 1848 praemiorum
1909 1773 2065 1848 eripi
2095 1775 2325 1834 vellet?

249 1854 426 1929 Quod
471 1853 522 1914 s'i
570 1854 771 1915 vultus
804 1855 866 1916 C.
896 1855 1102 1927 Marii,
1155 1857 1206 1915 si
1253 1874 1405 1931 VOX,
1450 1857 1502 1918 si
1532 1858 1633 1935 ille
1668 1857 2099 1932 imperatorius
2134 1858 2324 1916 ardor

246 1938 596 2013 oculorum,
628 1940 681 1999 si
710 1948 991 2001 recentes
1021 1939 1340 2016 triumphi,
1373 1941 1427 2002 si
1458 1956 1757 2018 praesens
1787 1941 1978 2003 valuit
2005 1949 2320 2017 aspectuS,

245 2024 447 2083 valeat
474 2024 810 2084 auctoritas
829 2071 844 2097 ,
872 2025 1119 2095 valeant
1144 2041 1246 2086 res
1278 2033 1512 2101 gestae,-
1548 2028 1747 2086 valeat
1777 2026 2087 2099 memoria,
2120 2028 2319 2087 valeat

244 2105 557 2167 fortissimi
592 2115 654 2167 et
681 2108 1003 2169 clarissimi
1036 2110 1145 2168 viri
1179 2125 1400 2171 nomen
1432 2119 1768 2170 aeternum.
1829 2110 1920 2171 Sit
1953 2110 2072 2170 hoc
2103 2108 2320 2169 discri-

241 2207 381 2250 men
429 2190 584 2250 inter
623 2191 931 2266 gratiosos
973 2191 1143 2253 cives
1182 2202 1368 2269 atque
1411 2195 1632 2267 fortes,
1678 2203 1745 2255 ut
1772 2192 1858 2253 illi
1888 2194 2012 2253 vivi
2045 2194 2325 2254 fruantur

243 2273 468 2349 opibus
514 2274 674 2347 suis,
731 2275 950 2337 horum
993 2277 1169 2337 etiam
1216 2286 1621 2353 mortuorum,
1664 2278 1717 2337 si
1764 2278 2090 2353 quisquam
2136 2276 2322 2337 huius

238 2356 482 2434 imperii
525 2359 819 2420 defensor
863 2359 1021 2420 mori
1069 2370 1304 2436 potest,
1356 2360 1524 2423 vivat
1561 2362 1895 2422 auctoritas
1937 2360 2320 2421 immortalis.

240 2441 422 2502 XXII.
476 2441 578 2503 50.
631 2442 833 2515 Quid?
902 2445 1006 2503 Cn.
1051 2442 1382 2519 Pompeius
1438 2454 1613 2522 pater
1664 2446 1850 2506 rebus
1892 2446 2101 2506 Italico
2152 2445 2319 2505 bello

242 2524 524 2587 maximis
547 2526 741 2602 gestis
763 2528 824 2587 P.
854 2528 1155 2601 Caesium,
1181 2529 1447 2604 equitem
1463 2532 1823 2603 Romanum,
1851 2529 2050 2589 virum
2063 2530 2321 2603 bonum,

244 2608 349 2685 qui
380 2608 562 2683 vivit,
591 2612 1006 2672 Ravennatem
1026 2659 1041 2684 ‚
1075 2613 1392 2673 foederato
1425 2630 1503 2673 ex
1537 2615 1802 2689 populo,
1832 2630 2041 2673 nonne
2072 2611 2322 2673 civitate

245 2695 540 2759 donavit?
571 2693 762 2772 quid?
808 2695 1101 2757 cohortes
1133 2698 1291 2756 duas
1318 2696 1645 2757 universas
1678 2697 2042 2759 Camertium
2085 2702 2146 2760 Ο.
2176 2703 2318 2761 Μα-

243 2782 411 2841 rius?
433 2780 582 2857 quid
593 2782 622 2842 ‘l
641 2780 1098 2842 Heracliensem
1112 2782 1372 2840 Alexam
1387 2781 1450 2839 P.
1469 2780 1748 2853 CrassuS,
1766 2781 1864 2841 vir
1874 2783 2312 2858 amplissimus,

244 2880 323 2926 ex
347 2880 422 2923 ea
445 2865 707 2936 civltate,
735 2879 998 2939 quacum
1023 2879 1220 2941 prope
1253 2861 1570 2940 singulare
1592 2866 1813 2926 foedus
1835 2867 2053 2943 Pyrrhi
2076 2876 2314 2944 tempo-

243 2948 414 3008 ribus
441 2949 504 3008 C.
527 2947 803 3009 Fabricio
829 2950 1082 3009 consule
1101 2948 1289 3009 ictum
1326 2951 1615 3021 putatur?
1646 2950 1833 3023 quid?
1860 2946 2316 3014 Massiliensem

244 3030 599 3092 Aristonem
610 3031 676 3091 L.
695 3031 904 3093 Sulla?
928 3032 1118 3108 quid?
1143 3031 1433 3106 quoniam
1450 3034 1529 3092 de
1543 3033 1858 3094 Gaditanis
1869 3034 2129 3110 agimus,
2147 3035 2318 3096 idem

242 3118 286 3189 -ι-
306 3115 735 3174 Herosnovem
761 3115 1165 3177 Gaditanum?
1195 3114 1384 3189 quid?
1417 3114 1509 3175 vir
1537 3118 1964 3183 sanctissimus
1989 3128 2051 3179 et
2072 3136 2320 3181 summa

243 3197 544 3274 religione
565 3214 641 3257 ac
668 3199 992 3268 modestia,
1029 3199 1096 3273 Q.
1131 3199 1414 3259 Metellus
1444 3200 1611 3272 Pius,
1648 3202 1713 3276 Q.
1743 3201 1997 3263 Fabium
2026 3202 2317 3279 Sagunti—

245 3284 434 3342 num?
474 3280 668 3358 Quid?
698 3281 816 3354 hic,
850 3283 956 3359 qui
985 3284 1182 3355 adest,
1213 3301 1250 3343 a
1282 3299 1405 3358 quo
1438 3284 1609 3356 haec,
1645 3302 1805 3361 quae
1836 3303 1952 3361 ego
1977 3303 2141 3348 nunc
2173 3305 2317 3364 per·
2349 3359 2350 3362 Ἴ

246 3380 452 3438 curro.
479 3365 877 3427 subtilissime
903 3374 1051 3427 sunt
1081 3367 1288 3427 omnia
1321 3369 1658 3443 perpolita,
1688 3370 1769 3429 Μ.
1802 3371 2083 3445 CrassuS,
2115 3390 2240 3433 non
2270 3380 2317 3446 -ι-

245 3453 686 3512 Avennensem
715 3450 1101 3511 foederatum
1131 3450 1381 3512 civitate
1410 3452 1695 3525 donavit,
1732 3454 1916 3516 homo
1951 3469 2139 3530 quum
2174 3474 2320 3533 gra·

248 3538 438 3596 vitate
470 3544 530 3597 et
560 3533 886 3613 prudentia
922 3542 1247 3610 praestans
1277 3544 1403 3597 tum
1440 3537 1537 3595 vel
1568 3537 1815 3598 nimium
1841 3555 2073 3614 parcus
2102 3540 2163 3600 in
2189 3542 2317 3600 lar·
