2514 3928
179 218 264 280 46
770 213 918 276 PRO
950 215 1014 274 Ρ.
1050 212 1317 274 SESTIO
1348 211 1656 273 ORATIO.

183 385 317 430 com
343 375 503 429 certo
530 370 728 428 animo
755 368 1075 437 adiuverit,
1115 368 1410 437 statuerit,
1452 368 1672 425 steterit
1701 382 1834 425 cum
1866 366 2103 427 Achivis
2140 409 2252 429 .....

187 450 505 512 vobiscum
529 467 625 510 me
647 450 893 511 stetisse
921 448 1180 520 dicebat,
1229 456 1467 508 vestros
1497 446 1745 508 ordines
1771 449 2247 526 demonstrabat,

184 536 597 596 revocabatur
621 536 694 595 ab
721 531 1048 594 universis.
1092 534 1186 592 Re
1220 532 1403 591 dubia
1431 534 1600 591 haud
1626 533 1909 592 dubitarit
1935 537 2111 593 vitam
2138 534 2244 593 os·-
2345 578 2350 579 ff

179 618 352 691 ferre
377 634 488 677 nec
512 619 701 693 capiti
716 619 1070 692 pepercerit.
1117 613 1257 676 121.
1289 615 1455 674 Haec
1486 613 1734 689 quantis
1769 615 1845 674 ab
1881 614 1985 675 illo
2017 618 2236 676 clamo·

184 700 352 761 ribus
393 701 755 775 agebantur!
803 716 990 774 quum
1034 699 1152 758 iam
1201 698 1435 758 omisso
1477 706 1655 772 gestu
1686 696 1890 758 verbis
1929 702 2147 773 poetae
2185 712 2235 759 eu

185 783 387 844 studio
407 782 633 845 actoris
658 793 718 844 et
741 780 1188 858 exspectationi
1212 789 1460 842 nostrae
1492 782 1912 856 plauderetur:
1941 783 2241 843 Summum

181 871 450 939 amicum,
479 883 700 928 summo
727 870 791 927 in
818 869 965 928 bello
988 909 1089 926 .....
1123 882 1262 925 nam
1303 864 1453 925 illud
1493 863 1631 940 ipse
1669 873 1842 925 actor
1870 865 2241 941 adiungebat

181 952 377 1011 amico
424 950 627 1010 animo
674 957 735 1010 et
786 949 1050 1011 tortasse
1093 948 1372 1008 homines
1416 957 1667 1023 propter
1711 947 1962 1023 aliquod
1999 947 2239 1009 deside-

183 1035 338 1094 rium
361 1034 815 1109 approbabant=
848 1048 1074 1094 summo
1101 1035 1337 1107 §noereio
1353 1035 1720 1107 praeditum.
1765 1033 2093 1092 LVll.1am
2140 1031 2244 1091 illa

181 1126 406 1193 quanto
453 1133 590 1177 cum
619 1116 845 1192 gemitu
880 1116 1091 1193 populi
1122 1115 1382 1176 Romani
1412 1117 1491 1176 ab
1522 1116 1742 1178 eodem
1772 1115 1978 1191 paullo
2013 1124 2154 1191 post
2181 1116 2240 1176 in

180 1202 393 1262 eadem
427 1201 630 1261 fabula
661 1209 803 1262 sunt
833 1208 997 1262 acta!
1045 1201 1094 1262 O
1110 1197 1328 1276 pater!
1357 1243 1461 1259 .....
1489 1199 1618 1272 Me,
1666 1215 1762 1258 me
1792 1200 1892 1259 ille
1925 1200 2240 1259 absentem

182 1294 243 1345 ut
284 1294 515 1360 patrem
568 1284 1012 1359 deplorandum
1063 1290 1328 1359 putarat,
1382 1300 1562 1358 quem
1609 1283 1675 1356 Q.
1726 1283 2004 1356 Catulus,
2059 1300 2240 1359 quem

180 1367 345 1430 multi
373 1368 472 1427 alii
504 1384 693 1443 saepe
716 1368 773 1428 in
801 1377 1016 1429 senatu
1041 1377 1273 1443 patrem
1298 1367 1531 1441 patriae
1560 1368 1957 1428 nominarant.
2003 1366 2239 1441 Quanto

180 1471 315 1514 cum
348 1451 495 1512 fletu
531 1453 608 1512 de
638 1453 756 1513 illis
786 1453 1015 1514 nostris
1047 1452 1348 1512 incendiis
1387 1467 1461 1510 ac
1506 1451 1731 1524 ruinis,
1774 1468 1959 1526 quum
2005 1460 2238 1525 patrem

158 1538 438 1612 vulsum,
465 1534 715 1610 patriam
740 1536 1047 1596 adflictam
1071 1537 1435 1610 deploraret,
1459 1536 1705 1596 domum
1729 1535 2039 1596 incensam
2065 1529 2237 1594 ever-

179 1639 330 1693 sam,
359 1637 521 1697 quae
544 1620 634 1680 sic
659 1619 802 1694 egit,
827 1626 913 1690 ut,
935 1619 1348 1680 demonstrata
1379 1617 1630 1693 pristina
1660 1620 1919 1691 fortuna,
1950 1635 2136 1693 quum
2168 1634 2240 1678 se

179 1702 612 1764 convertissetz
657 1703 826 1762 Haec
861 1706 1060 1763 omnia
1088 1705 1216 1763 vidi
1240 1706 1634 1776 maammari:
1676 1701 1886 1763 fletum
1917 1702 2097 1762 etiam
2129 1702 2210 1761 ini

179 1786 350 1847 micis
403 1795 587 1860 atque
637 1784 862 1845 invidis
911 1785 1234 1847 excitaret!
1326 1786 1465 1847 122.
1524 1786 1681 1846 Proh
1729 1786 1791 1846 di
1836 1784 2235 1847 immortales!

178 1871 321 1946 quid
356 1868 484 1940 illa,
516 1885 695 1943 quem
725 1869 803 1928 ad
836 1870 1080 1930 modum
1115 1870 1267 1930 dixit
1297 1870 1485 1930 idem!
1519 1886 1677 1944 quae
1708 1869 1852 1929 mihi
1883 1870 2127 1945 quidem
2157 1868 2239 1929 ita

179 1964 237 2015 et
274 1961 410 2014 acta
452 1962 512 2014 et
542 1952 768 2027 scripta
803 1953 1082 2015 videntur
1111 1971 1306 2036 esse,
1328 1962 1393 2015 ut
1422 1955 1521 2013 vel
1550 1970 1586 2013 a
1615 1953 1683 2029 Q.
1716 1954 1955 2027 Catulo,
1998 1951 2051 2014 si
2080 1952 2237 2014 revi-

177 2037 389 2108 xisset,
430 2038 740 2111 praeclare
771 2053 958 2112 posse
988 2038 1107 2098 dici
1130 2036 1510 2098 viderentur:
1539 2038 1592 2097 is
1622 2039 1780 2097 enim
1810 2037 2000 2098 libere
2029 2054 2236 2113 repre·

178 2122 445 2182 bendere
475 2129 535 2181 et
561 2136 859 2181 accusare
891 2122 1103 2197 populi
1139 2138 1261 2181 non
1291 2138 1619 2196 numquam
1649 2121 2044 2182 temeritatem
2063 2122 2239 2194 sole·

176 2207 278 2266 bat
303 2215 406 2264 aut
433 2219 701 2265 errorem
732 2215 1012 2266 senatus:
1053 2206 1102 2267 Ο
1135 2208 1464 2280 inqratifici
1487 2209 1723 2280 Aryivi,
1763 2209 2046 2266 inmunes
2071 2205 2237 2275 Grai,

174 2294 534 2350 immemores
560 2287 839 2362 benefici!
869 2290 999 2349 Non
1034 2299 1164 2350 erat
1192 2289 1339 2349 illud
1369 2288 1615 2365 quidem
1648 2305 1891 2349 verumz
1925 2306 2045 2348 non
2075 2289 2237 2347 enim

176 2373 418 2447 ingrati,
464 2373 576 2432 sed
620 2371 857 2446 miseri,
900 2374 1127 2448 quibus
1166 2374 1429 2433 reddere
1461 2375 1716 2434 salutem
1752 2390 1789 2432 a
1820 2389 1943 2447 quo
1975 2387 2237 2445 accepe-

175 2465 310 2516 rant
346 2472 466 2517 non
512 2455 752 2529 liceret,
793 2473 910 2517 nec
948 2473 1109 2517 unus
1149 2456 1211 2516 in
1262 2472 1629 2531 quemquam
1672 2472 1962 2532 umquam
2006 2457 2238 2530 gratior

175 2556 358 2615 quam
391 2538 451 2600 in
486 2556 587 2600 me
617 2538 916 2601 universi=
960 2541 1074 2601 sed
1100 2548 1301 2601 tamen
1335 2539 1485 2600 illud
1519 2538 1767 2616 scripsit
1793 2537 2235 2600 disertissimus

174 2628 356 2699 poeta
402 2640 515 2700 pro
559 2640 688 2697 me,
722 2623 847 2700 egit
886 2623 1256 2686 fortissimus
1303 2632 1504 2697 actor,
1547 2640 1668 2685 non
1715 2624 1915 2684 solum
1944 2620 2233 2696 optimuS,

174 2710 251 2768 de
282 2724 406 2782 me,
456 2725 642 2784 quum
672 2723 889 2769 omnes
919 2709 1167 2769 ordines
1200 2709 1680 2781 demonstraret,
1723 2715 2030 2777 senatum,
2061 2706 2236 2779 equi-

173 2800 264 2852 tes
291 2793 623 2866 RomanoS,
650 2791 1005 2853 universum
1038 2793 1334 2869 populum
1351 2792 1695 2852 Romanum
1722 2798 2070 2851 accusaret=
2098 2789 2240 2848 Ex-

170 2880 373 2937 sulare
405 2878 595 2937 sinim
609 2921 623 2949 ,
651 2879 806 2937 sistis
826 2879 1001 2952 pelli,
1036 2880 1274 2952 pulsum
1294 2877 1594 2951 patimini.
1656 2874 1825 2948 Quae
1857 2883 1979 2934 tum
2010 2872 2240 2946 signifi-

173 2957 330 3020 catio
370 2957 551 3019 fuerit
584 2958 885 3033 omnium,
918 2975 1076 3034 quae
1107 2957 1438 3020 declaratio
1473 2956 1804 3020 voluntatis
1834 2958 1911 3017 ab
1947 2958 2237 3017 universo

174 3043 406 3116 populo
448 3042 726 3102 Romano
771 3041 832 3102 in
877 3059 1065 3103 causa
1107 3042 1373 3104 hominis
1408 3058 1531 3103 non
1581 3040 1897 3118 popularis
1949 3037 2238 3116 equidem

144 3125 522 3193 audiebam,
558 3124 906 3187 existimare
939 3125 1177 3189 facilius
1208 3134 1473 3202 possunt
1532 3124 1638 3202 qui
1666 3125 2010 3186 adfuerunt.

344 3209 549 3268 LVlll.
583 3206 724 3269 123.
765 3209 858 3281 Et,
895 3210 1182 3285 quoniam
1204 3210 1324 3271 huc
1349 3226 1446 3271 me
1471 3208 1754 3286 provexit
1775 3209 1991 3282 oratio,
2023 3204 2239 3268 histrio

174 3309 386 3354 casum
433 3309 634 3353 meum
678 3291 897 3354 totiens
938 3293 1401 3366 collacrimavit,
1451 3310 1637 3369 quum
1668 3292 1754 3364 ita
1784 3292 2063 3354 dolenter
2095 3306 2240 3365 age-

172 3387 266 3439 ret
296 3392 545 3438 causam
577 3393 803 3449 meam,
847 3385 914 3438 ut
942 3393 1065 3438 vox
1100 3376 1234 3439 eius
1269 3376 1370 3438 illa
1402 3378 1715 3454 praeclara
1750 3374 2015 3438 lacrimis
2046 3373 2238 3449 impe·

174 3462 435 3522 direlure
467 3476 670 3537 neque
704 3463 956 3537 poetae,
1002 3479 1261 3537 quorum
1301 3478 1418 3538 ego
1462 3478 1707 3538 semper
1745 3459 1987 3538 ingenia
2030 3457 2236 3532 dilexi,
