2514 3928
195 102 284 163 10
781 96 928 158 PRO
969 97 1033 156 P.
1076 92 1344 156 SESTIO
1391 94 1698 158 ORATlo.

190 264 568 342 potuissent,
592 260 630 324 ii
657 261 876 324 summi
899 261 1130 337 imperii
1155 260 1400 322 nomine
1424 261 1633 322 armati
1659 262 1884 321 nudam
1915 276 2042 319 rem
2068 256 2276 334 publi·

200 365 337 408 cam
364 347 887 409 contrucidarunt.
930 347 1176 406 Foedus
1206 347 1481 406 fecerunt
1506 361 1641 406 eum
1670 345 1911 406 tribuno
1933 343 2131 420 plebis
2157 358 2271 417 pa-

190 433 341 504 lam,
374 439 439 494 ut
464 433 541 492 ab
569 438 645 492 eo
661 429 1015 506 provincias
1038 429 1391 504 acciperent
1414 445 1571 504 quas
1596 429 1713 505 ipsi
1735 431 1993 488 vellent:
2029 425 2270 487 exerci-

191 521 328 575 ‘tum
349 523 411 575 et
434 514 754 590 pecuniam
781 521 1068 588 quantam
1082 515 1311 574 vellent
1331 528 1401 572 ea
1426 516 1583 588 lege,
1609 513 1659 573 si
1682 511 1801 587 ipsi
1826 511 1995 586 prius
2015 510 2265 570 tribuno

194 598 401 672 plebis
431 597 737 659 adflictam
787 604 848 657 et
891 596 1285 658 constrictam
1322 613 1448 656 rem
1495 597 1798 671 publicam
1831 595 2265 656 tradidissent:

187 683 261 741 ‘id
291 690 495 742 autem
525 681 750 742 foedus
784 696 922 740 meo
949 681 1248 756 sanguine
1269 680 1457 740 ictum
1480 680 1707 740 sanciri
1733 694 1924 755 posse
1954 676 2264 738 dicebant.

187 763 303 824 25.
350 766 479 840 Qua
510 780 578 824 re
606 765 914 840 patefacta
945 798 1013 808 ——-
1045 779 1246 838 neque
1280 763 1436 823 enim
1470 763 1837 824 dissimulari
1868 764 2100 823 tantum
2128 774 2264 819 sce-

190 851 297 910 ius
329 855 573 924 poterat
603 864 716 907 nec
748 850 938 907 latere
958 882 1059 918 —,
1094 848 1564 922 promulgantur
1591 864 1715 908 uno
1742 847 2086 919 eodemque
2111 851 2261 902 tem·

191 948 358 1030 pore
378 930 739 1006 rogationes
765 930 843 989 ab
870 931 1088 990 eodem
1114 930 1355 990 tribuno
1383 931 1460 990 de
1484 946 1619 989 mea
1643 930 1916 1006 pernicie
1940 930 2099 1030 etde
2125 942 2256 1001 pro

198 1016 417 1076 vinciis
450 1016 773 1075 consulum
808 1013 1178 1074 nominatim

366 1099 466 1159 XI.
504 1098 616 1158 Hic
643 1105 768 1158 tum
793 1106 1047 1158 senatus
1072 1096 1391 1168 sollicituS,
1431 1113 1565 1168 vos,
1592 1097 1831 1172 equites
1855 1094 2128 1163 Romani,
2157 1109 2261 1151 cx-

194 1181 579 1255 citati,1ta}ia
601 1189 822 1242 cuncta
847 1189 1144 1257 permota,
1171 1197 1387 1240 omnes
1402 1181 1670 1256 denique
1686 1181 1949 1241 omnium
1965 1193 2258 1255 generum

192 1273 385 1342 atque
411 1264 691 1326 ordinum
717 1265 887 1326 cives
913 1280 1185 1326 summae
1209 1263 1297 1325 rei
1321 1264 1600 1339 publicae
1624 1281 1659 1324 a
1682 1264 2039 1324 consulibus
2068 1269 2261 1334 atque

193 1366 235 1408 a
276 1366 515 1410 summo
574 1349 832 1425 imperio
887 1349 1220 1425 petendum
1267 1363 1411 1407 esse
1461 1349 1751 1408 auxilium
1793 1348 2259 1412 arbitrabantur,

194 1451 387 1507 quum
412 1433 494 1494 illi
521 1435 634 1492 soli
664 1441 875 1493 essent
905 1442 1154 1508 praeter
1177 1432 1473 1490 furiosum
1499 1432 1662 1491 illum
1691 1432 1998 1492 tribunum
2024 1432 2146 1490 duo
2174 1426 2258 1486 rei

194 1517 488 1592 publicae
522 1517 826 1587 turbines,
876 1517 977 1590 qui
1015 1532 1135 1575 non
1174 1516 1360 1574 modo
1403 1515 1831 1590 praecipitanti
1866 1515 2099 1590 patriae
2135 1527 2258 1570 non

201 1600 633 1670 subvenirent,
689 1600 798 1659 sed
839 1615 973 1658 eam
1012 1598 1260 1658 nimium
1296 1599 1473 1658 tarde
1520 1598 1851 1659 concidere
1894 1603 2257 1657 maererent.

197 1682 618 1758 Flagitabatur
646 1682 722 1741 ab
754 1682 828 1741 iis
861 1681 1086 1742 cotidie
1122 1698 1308 1757 quum
1341 1681 1628 1755 querellis
1655 1683 1955 1742 bonorum
1992 1679 2257 1741 omnium

199 1773 327 1825 tum
360 1766 542 1826 etiam
584 1766 873 1840 precihus
906 1774 1192 1836 senatuS,
1231 1773 1300 1825 ut
1340 1782 1533 1825 meam
1568 1782 1814 1826 causam
1850 1765 2256 1840 susciperent,

197 1856 456 1924 agerent
485 1848 742 1922 aliquid,
791 1848 1058 1924 denique
1098 1848 1177 1907 ad
1210 1857 1489 1909 senatum
1526 1843 1856 1910 referrent:
1901 1866 2026 1910 non
2073 1848 2254 1906 modo

198 1933 518 2007 negando,
569 1932 679 1992 sed
712 1931 890 1994 etiam
925 1932 1232 1994 irridendo
1268 1933 1708 2009 amplissimum
1755 1949 2065 2009 quemque
2098 1929 2255 1991 illius

198 2016 434 2077 ordinis
469 2017 968 2090 insequebantur.
1044 2017 1145 2077 26.
1191 2018 1303 2077 Hic
1335 2019 1538 2078 subito
1574 2035 1759 2091 quum
1790 2015 2162 2078 incredibilis
2197 2014 2282 2073 in*

201 2100 563 2174 Capitolium
595 2101 918 2161 multitudo
964 2117 1040 2160 ex
1077 2110 1206 2161 tota
1241 2102 1395 2160 urbe
1431 2110 1777 2176 cunctaque
1818 2103 1987 2163 Italia
2029 2113 2253 2159 conve-

201 2183 426 2256 nisset,
468 2189 700 2242 vestem
726 2186 1078 2244 mutandam
1102 2201 1317 2244 omnes
1358 2200 1578 2259 meque
1612 2186 1790 2245 etiam
1826 2184 1989 2246 omni
2020 2183 2255 2242 ratione

198 2267 441 2341 privato
476 2266 763 2338 consilio,
799 2268 1083 2341 quoniam
1107 2269 1370 2342 publicis
1395 2268 1655 2328 ducibus
1681 2286 1780 2328 res
1818 2269 2064 2345 publica
2088 2282 2252 2327 care-

199 2357 311 2422 ret,
342 2350 793 2410 del'endandum
836 2358 1143 2426 putarunt.
1237 2353 1380 2411 Erat
1422 2354 1640 2412 eodem
1680 2360 1961 2429 tempore
2004 2357 2253 2411 senatus

196 2432 255 2492 in
290 2435 446 2493 aede
489 2433 899 2504 Concordiae,
947 2437 1115 2509 quod
1167 2434 1369 2510 ipsum
1412 2438 1702 2511 templum
1752 2438 2257 2512 repraesentabat

191 2518 554 2578 memoriam
587 2519 949 2578 consulatus
982 2518 1124 2586 mei,
1166 2536 1352 2594 quum
1396 2517 1553 2578 fiens
1589 2518 1912 2581 universus
1944 2523 2099 2582 ordo
2133 2520 2253 2580 cin·

195 2599 502 2663 cinnatum
524 2604 842 2661 consulem
868 2602 1113 2661 orabat:
1141 2619 1279 2661 nam
1305 2604 1457 2662 alter
1477 2604 1576 2662 ille
1600 2602 1885 2665 horridus
1912 2614 1973 2666 et
1994 2620 2253 2666 severus

190 2689 483 2747 consulto
509 2700 580 2745 se
604 2684 767 2746 domi
793 2686 1162 2746 continebat.
1213 2686 1342 2760 Qua
1364 2692 1490 2745 tum
1509 2685 1800 2761 superbia
1823 2705 2081 2749 caenum
2108 2687 2252 2747 illud

187 2783 269 2825 ae
299 2769 472 2828 labes
503 2767 863 2844 amplissimi
901 2769 1132 2829 ordinis
1176 2784 1395 2844 preces
1430 2777 1491 2829 et
1521 2770 1998 2833 clarissimorum
2030 2771 2252 2833 civium

196 2851 478 2911 lacrimas
503 2852 877 2926 repudiavit!
911 2868 1009 2911 me
1040 2852 1238 2927 ipsu—m
1271 2859 1338 2911 ut
1362 2853 1732 2929 contempsit
1754 2855 1959 2917 helluo
1988 2855 2251 2931 patriae!

193 2950 332 2993 nam
370 2935 516 3010 quid
554 2950 672 3010 ego
708 2936 1052 3009 patrimonii
1089 2937 1318 3002 dicam,
1370 2938 1536 3011 quod
1575 2936 1676 2998 ille
1722 2946 1934 3010 totum,
1973 2938 2252 3016 quamvis
2301 3013 2308 3016 .

192 3024 518 3091 quaestum
545 3020 790 3085 faceret,
814 3019 1054 3080 amisit?
1097 3019 1370 3080 Venistis
1394 3021 1471 3080 ad
1496 3030 1795 3095 senatum,
1820 3040 1957 3095 vos,
1983 3023 2039 3084 in
2050 3039 2251 3097 quam,

187 3101 435 3175 equites
459 3102 718 3162 Romani
750 3111 810 3162 et
842 3119 1058 3163 omnes
1088 3104 1233 3164 boni
1262 3111 1436 3164 veste
1459 3112 1687 3166 mutata
1711 3122 1953 3181 vosque
1977 3124 2089 3182 pro
2113 3119 2249 3167 meo

188 3184 395 3259 capite
425 3187 502 3246 ad
540 3186 734 3260 pedes
761 3187 999 3247 lenonis
1031 3187 1422 3262 impurissimi
1457 3188 1840 3262 proiecistis:
1870 3200 1998 3252 tum
2027 3191 2249 3251 vestris

186 3268 481 3342 precibus
512 3269 589 3329 ab
624 3272 863 3331 latrone
887 3270 988 3331 illo
1020 3273 1354 3346 repudiatis
1379 3272 1472 3331 vir
1495 3272 1833 3336 incredibili
1856 3275 1997 3347 fide,
2023 3274 2249 3349 magni-

186 3350 406 3412 tudine
422 3352 621 3429 animi,
653 3357 1018 3426 constantia,
1043 3358 1105 3416 L.
1122 3357 1394 3425 NinniuS,
1424 3357 1503 3415 ad
1527 3364 1808 3419 senatum
1832 3359 1911 3419 de
1927 3359 2246 3434 republica
