2514 3928
223 324 256 372 5
962 307 1531 370 ARGUMENTUM.
2163 305 2285 369 229

210 462 302 513 sibi
336 476 535 525 quoque
570 460 781 510 insidias
818 467 869 508 et
896 458 949 508 id
986 458 1175 523 palam,
1212 475 1272 510 ac
1301 460 1491 509 maiore
1526 475 1680 510 manu
1717 475 1771 509 se
1806 460 2048 509 armabat.
2114 458 2289 510 Dictu-

205 546 318 580 rum
347 544 552 593 quoque
588 529 724 577 diem
763 525 997 577 Ciceroni
1029 527 1247 577 Plancus
1285 529 1590 589 ostenderat,
1627 539 1806 594 postea
1834 538 2002 578 autem
2039 530 2097 588 Q.
2137 529 2288 578 Pom-

204 601 350 666 peius
384 598 523 647 idem
560 596 821 645 minitatus
858 604 983 645 erat.
1054 596 1213 645 Tanta
1249 603 1418 646 tamen
1451 600 1733 646 constantia
1756 613 1824 646 -ac
1852 598 1976 647 fides
2013 597 2108 647 fuit
2147 595 2286 648 Cice·

205 669 345 719 ronis
365 702 382 728 ,
419 674 475 714 ut
511 679 612 714 non
646 663 829 730 populi
859 679 890 713 a
924 680 981 715 se
1016 663 1340 726 alienatione,
1369 679 1473 714 non
1499 663 1588 718 Cn.
1613 665 1853 730 Pompeii
1902 666 2289 730 suspitionibus,

204 751 305 787 non
334 733 550 799 periculi
593 733 747 783 futuri
794 741 962 793 metu,
1008 734 1053 782 si
1101 734 1212 784 dies
1248 735 1317 784 ad
1360 731 1608 798 populum
1647 734 1927 795 diceretur,
1978 750 2077 783 non
2116 736 2288 794 armiS,

205 820 335 868 quae
382 802 552 866 palam
596 803 648 852 in
684 801 925 853 Milonem
968 811 1174 867 sumpta
1199 809 1369 863 erant,
1415 803 1653 852 deterreri
1680 803 1901 867 potuerit
1931 819 1961 850 a
1995 804 2289 853 defensione

206 874 338 933 eius,
372 887 525 934 quum
558 880 734 936 posset
763 886 912 921 omne
947 872 1237 936 perieulum
1266 887 1418 922 suum
1454 880 1503 920 et
1535 871 1869 920 offensionem
1902 872 2135 920 inimicae
2162 873 2286 921 mul·

204 942 440 992 titudinis
475 940 758 1003 declinare,
795 940 1043 991 redimere
1081 950 1248 990 autem
1291 940 1380 996 Gn.
1413 940 1645 1007 Pompeii
1676 940 1931 1003 animum,
1975 940 2020 988 si
2066 940 2289 1004 paullum

205 1028 268 1061 ex
306 1011 475 1061 studio
510 1010 824 1061 defensionis
865 1011 1162 1063 remisisset.

336 1079 535 1130 Perlata
563 1079 749 1129 deinde
782 1078 896 1145 lege
929 1079 1188 1144 Pompeii,
1225 1081 1280 1128 in
1314 1094 1414 1141 qua
1447 1079 1500 1128 id
1537 1093 1741 1141 quoque
1774 1079 2019 1144 seriptum
2048 1085 2187 1133 erat,
2233 1089 2291 1126 ut

200 1149 465 1213 quaesitor
498 1147 743 1214 suffragio
766 1146 949 1213 populi
974 1163 1039 1196 ex
1066 1148 1147 1211 iis,
1173 1150 1262 1210 qui
1293 1148 1525 1198 consules
1562 1147 1779 1207 fueraut,
1815 1157 2082 1207 crearetur,
2120 1148 2287 1195 statim

200 1219 408 1269 eomitia
470 1217 647 1267 habuit
671 1250 688 1280 ,
746 1225 1046 1278 creatusque
1100 1226 1206 1265 erat
1253 1217 1315 1268 L.
1365 1216 1614 1265 Domitius
1653 1217 1988 1268 Aenobarbus
2013 1217 2288 1282 quaesitor.

205 1288 391 1338 Album
439 1301 641 1351 quoque
688 1285 945 1343 iudicum,
1003 1284 1090 1345 qui
1125 1285 1187 1334 de
1222 1299 1284 1334 ea
1307 1301 1364 1332 re
1392 1286 1686 1344 iudicarent,
1721 1285 1992 1351 Pompeius
2025 1286 2124 1334 tale
2170 1299 2288 1349 pro-

203 1356 393 1420 posuit,
428 1362 486 1401 ut
520 1366 797 1413 numquam
829 1367 993 1412 neque
1029 1351 1273 1402 clariores
1309 1352 1448 1402 viros
1480 1367 1647 1414 neque
1683 1357 1960 1403 sanctiores
1995 1355 2290 1418 propositos

204 1438 321 1472 esse
362 1428 634 1470 constaret.
675 1419 797 1467 Post
829 1419 966 1481 quod
1001 1420 1173 1469 statim
1209 1435 1342 1469 nova
1376 1419 1488 1484 lege
1521 1419 1646 1468 Milo
1679 1421 1966 1484 postulatus
2003 1430 2079 1468 est
2107 1437 2137 1468 a
2165 1422 2287 1471 duo·

203 1492 303 1540 bus
333 1489 519 1553 Appiis
550 1486 775 1537 Claudiis
806 1487 1230 1547 adolescentibus,
1266 1489 1465 1547 iisdem,
1498 1502 1529 1536 a
1561 1488 1744 1550 quibus
1776 1498 1922 1538 antea
1948 1489 2137 1537 familia
2179 1491 2288 1538 eius

205 1559 374 1609 fuerat
406 1556 694 1622 postulata,
741 1557 963 1618 itemque
992 1556 1057 1606 de
1092 1556 1283 1607 ambitu
1324 1558 1385 1605 ab
1425 1557 1608 1606 iisdem
1635 1557 1851 1621 Appiis,
1888 1564 1938 1604 et
1967 1569 2230 1620 praeterea
2261 1574 2288 1607 a

205 1627 262 1682 G.
306 1625 478 1676 Ceteio
515 1635 564 1676 et
599 1624 659 1680 L.
696 1623 988 1684 Cornificio,
1028 1625 1091 1674 de
1135 1626 1396 1675 sodaliciis
1429 1640 1460 1674 a
1494 1625 1552 1674 P.
1590 1624 1762 1673 Fulvio
1793 1623 1996 1674 Nerate.
2063 1625 2292 1675 Postula-

202 1708 286 1747 tus
323 1705 495 1745 autem
534 1703 642 1743 erat
669 1702 720 1744 et
749 1694 813 1744 de
850 1694 1107 1744 sodaliciis
1137 1704 1185 1744 et
1212 1696 1276 1744 de
1311 1695 1505 1744 ambitu
1541 1710 1609 1762 ea*
1637 1708 1747 1758 spe,
1788 1694 1924 1756 quod
1957 1694 2177 1758 primum
2214 1697 2292 1743 iu-

206 1766 397 1816 dicium
448 1765 512 1814 de
549 1764 602 1813 vi
638 1764 862 1813 futurum
892 1764 1193 1828 apparebat,
1242 1779 1346 1826 quo
1396 1777 1512 1812 eum
1557 1764 1846 1813 damnatum
1885 1763 1947 1809 iri
1976 1762 2292 1812 confidebant

201 1849 297 1884 neo
342 1841 524 1898 postea
571 1847 955 1898 responsurum.
1021 1832 1278 1882 Divinatio
1326 1833 1389 1881 de
1437 1833 1632 1882 ambitu
1668 1839 2017 1880 accusatorum
2054 1830 2187 1881 facta
2214 1843 2289 1880 est

201 1903 489 1968 quaesitore
508 1903 570 1951 A.
605 1901 873 1964 Torquato,
903 1908 1052 1963 atque
1085 1903 1234 1950 ambo
1257 1901 1596 1963 quaesitores,
1617 1900 1902 1962 Torquatus
1939 1909 1988 1949 et
2018 1900 2291 1957 Domitiae.

202 1974 367 2038 pridie
397 1971 568 2023 Nonas
602 1970 768 2037 April.
803 1987 948 2021 reum
985 1972 1165 2020 adesse
1203 1972 1477 2025 iusserunt.
1563 1968 1673 2030 Quo
1703 1970 1788 2019 die
1822 1970 1942 2018 Milo
1978 1969 2044 2020 ad
2079 1971 2292 2020 Domitii

203 2040 424 2092 tribunal
473 2041 640 2104 venit,
686 2040 755 2089 ad
789 2040 1031 2101 Torquati
1088 2040 1283 2088 amicos
1332 2040 1499 2088 misit=
1535 2039 1608 2088 ibi
1649 2037 1939 2102 postulante
1977 2054 2070 2104 pro
2117 2055 2178 2091 eo
2216 2040 2286 2094 M.

205 2108 444 2158 Marcello
480 2109 726 2168 obtinuit,
772 2121 837 2156 ne
867 2107 1011 2171 prius
1044 2122 1253 2156 causam
1286 2109 1350 2157 de
1383 2107 1573 2155 ambitu
1606 2107 1796 2157 diceret
1830 2123 1984 2170 quam
2022 2109 2086 2157 de
2121 2110 2174 2157 vi
2210 2110 2288 2157 iu-

203 2178 394 2227 dicium
422 2184 558 2227 esset
579 2176 880 2240 perrectum.
936 2176 1091 2240 Apud
1127 2175 1404 2227 Domitium
1435 2182 1604 2224 autem
1629 2178 1968 2239 quaesitorem
1993 2178 2155 2226 maior
2184 2181 2290 2241 Ap-

193 2247 323 2311 pius
359 2244 633 2309 postulavit
668 2257 699 2291 a
728 2241 913 2292 Milone
948 2259 1121 2295 servos
1153 2244 1380 2294 exhiberi
1413 2259 1622 2293 numero
1651 2245 1721 2294 tv
1756 2254 1806 2293 et
1839 2246 1901 2310 L,
1937 2253 1987 2295 et
2017 2261 2174 2308 quum
2207 2246 2291 2293 ille

210 2323 419 2377 negaret
455 2328 574 2372 eos,
614 2312 701 2374 qui
730 2312 1117 2362 nominabantur
1149 2314 1202 2363 iu
1232 2327 1328 2363 sua
1356 2321 1607 2377 potestate
1639 2328 1773 2375 esse,
1793 2313 2044 2363 Domitius
2076 2332 2140 2365 ex
2175 2330 2286 2364 seu-

204 2383 363 2432 tentia
423 2382 648 2431 iudicum
696 2380 1059 2445 pronuntiavit.
1117 2390 1172 2430 ut
1223 2398 1286 2431 ex
1327 2397 1590 2432 servorum
1619 2397 1794 2431 eorum
1828 2397 2036 2432 numero
2073 2420 2286 2438 ......

205 2462 469 2501 aecusator
498 2459 621 2512 quot
654 2448 805 2499 vellet
824 2450 1011 2500 ederet.
1058 2449 1206 2500 Citati
1226 2452 1411 2501 deinde
1431 2460 1589 2500 testes
1610 2451 1888 2501 secundum
1920 2450 2105 2517 legem,
2141 2467 2287 2515 quae.

205 2529 261 2569 ut
303 2533 460 2583 supra
496 2517 746 2579 diximus,
778 2518 1010 2579 iubebat,
1058 2529 1115 2567 ut
1144 2520 1290 2583 prius
1325 2534 1476 2583 quam
1515 2534 1669 2568 causa
1702 2530 1967 2585 ageretur,
2011 2531 2166 2571 testes
2197 2536 2290 2586 per

203 2589 429 2637 triduum
474 2588 790 2645 audirentur,
841 2586 975 2636 dicta
1010 2603 1186 2637 eorum
1220 2589 1416 2638 iudices
1452 2588 1825 2648 confirmarent,
1861 2598 2042 2652 quarta
2080 2592 2163 2639 die
2198 2591 2288 2638 ad-

203 2673 318 2707 esse
350 2671 526 2707 emues
561 2657 613 2705 in
647 2656 781 2705 diem
818 2663 1079 2722 posterum
1116 2657 1442 2718 iuberentur,
1478 2671 1539 2705 ae
1574 2672 1742 2706 coram
1782 2665 2073 2708 accusatore
2104 2673 2165 2707 ae
2200 2673 2287 2706 reo

199 2728 367 2791 pilae,
414 2727 467 2774 iu
500 2725 685 2787 quibus
720 2725 925 2782 uomina
963 2724 1188 2773 iudicum
1228 2726 1473 2788 inscripta
1524 2734 1721 2784 essent,
1757 2737 2122 2789 aequarentur:
2168 2727 2288 2774 dein

201 2810 378 2844 rursus
414 2803 616 2859 postera
650 2793 737 2843 die
768 2793 964 2844 sortitio
999 2793 1232 2842 iudicum
1262 2793 1421 2852 fleret,
1460 2792 1611 2841 unius
1647 2803 1696 2846 et
1734 2792 1941 2842 LXXX:
1993 2795 2078 2856 qui
2111 2810 2286 2843 nume-

201 2880 290 2913 rus
326 2878 481 2925 quum
513 2872 647 2912 sorte
685 2862 982 2927 obtigisset,
1022 2862 1123 2927 ipsi
1156 2862 1386 2928 protinus
1422 2876 1621 2910 sessum
1659 2863 1816 2911 irent:
1863 2868 1970 2909 tum
2017 2864 2083 2912 ad
2115 2864 2286 2913 diceu-

202 2933 326 2983 dum
356 2941 616 2983 accusator
646 2932 775 2982 duas
809 2932 988 2991 horas,
1023 2946 1141 2980 reus
1178 2940 1280 2980 tres
1315 2930 1552 2987 haberet,
1599 2945 1816 2992 reusque
1864 2931 2039 2981 eodem
2079 2933 2163 2983 die
2201 2932 2285 2982 illo

202 3002 539 3060 iudicaretur,
570 3001 713 3064 prius
745 3008 932 3059 autem,
965 3015 1117 3062 quam
1137 3002 1419 3051 sententiae
1457 2999 1721 3059 ferrentur,
1744 3000 1926 3062 qulnos
1963 3017 2029 3051 ex
2065 3002 2286 3067 singulis

200 3069 467 3121 ordinibus
515 3080 814 3132 accusator,
861 3068 1072 3119 totidem
1112 3085 1231 3119 reus
1260 3070 1518 3129 reficeret,
1565 3069 1636 3121 ita
1670 3078 1726 3118 ut
1768 3084 2006 3120 uumerus
2056 3071 2281 3122 iudicum

200 3138 585 3201 relinqueretur,
624 3139 711 3201 qui
743 3139 1018 3188 sententias
1056 3137 1261 3199 ferrent,
1299 3138 1664 3203 quinquaginta
1699 3149 1748 3188 et
1778 3153 1929 3191 nuuS.

329 3208 497 3257 Primo
546 3207 627 3256 die
660 3209 808 3257 datus
854 3215 960 3256 erat
1008 3207 1060 3256 in
1097 3206 1338 3257 Milonem
1373 3211 1518 3258 testis
1556 3205 1827 3257 Causinius
1879 3206 2058 3270 Scola,
2106 3209 2193 3272 qui
2228 3223 2286 3257 se

199 3292 320 3327 cum
351 3277 405 3331 P.
443 3275 618 3326 Clodio
650 3276 836 3340 fuisse,
869 3290 1025 3339 quum
1053 3276 1100 3325 is
1135 3277 1336 3327 occisus
1366 3284 1531 3337 esset,
1581 3276 1738 3335 dixit,
1776 3278 2193 3339 atrocitatemque
2213 3276 2285 3325 rei

201 3346 366 3395 factae
396 3359 550 3408 quam
583 3346 803 3395 maxime
834 3344 997 3410 potuit
1030 3345 1192 3395 auxit.
1228 3344 1388 3405 Quem
1412 3360 1570 3408 quum
1599 3344 1906 3410 interrogare
1922 3346 1991 3394 Μ.
2017 3344 2284 3393 Marcellus

200 3414 478 3478 coepisset,
514 3423 650 3463 tanto
680 3412 900 3465 tumultu
927 3410 1199 3463 Giomanae
1233 3414 1575 3464 multitudinis
1609 3413 1980 3464 circumstantis
2011 3412 2282 3478 exterritus

203 3494 318 3541 est,
362 3492 415 3530 ut
454 3483 556 3530 vim
592 3482 820 3532 ultimam
849 3482 1034 3532 timens
1067 3484 1120 3532 in
1149 3483 1368 3534 tribunal
1403 3498 1433 3532 a
1467 3481 1692 3532 Domitio
1726 3482 2049 3545 reciperetur.
2122 3477 2280 3534 Quam

202 3549 275 3599 ob
306 3564 506 3599 causam
543 3550 803 3601 Marcellus
850 3566 899 3601 et
961 3553 1070 3617 ipse
1114 3551 1232 3601 Milo
1286 3566 1316 3601 a
1350 3551 1572 3601 Domitio
1625 3548 1935 3615 praesidium
1981 3544 2276 3605 implorave-
