2514 3928
80 181 204 245 100
344 182 447 243 DE
474 180 913 244 PROVINCIIS
951 180 1547 244 CONSULARIBUS
1592 180 1899 242 ORATIO.
2125 195 2162 246 2

74 352 274 409 paene
316 335 560 408 funera,
609 352 795 410 quum
838 344 1089 410 propter
1119 335 1273 396 alias
1313 351 1536 396 causas
1567 343 1695 395 tum
1726 333 1988 395 maxime
2020 352 2163 410 pro-

73 429 211 492 pter
243 417 393 478 iliud
420 417 661 492 insigne
691 419 894 479 scelus
924 436 1136 479 eorum
1162 429 1223 481 et
1252 418 1660 494 importunam
1690 418 1752 479 in
1775 434 1872 480 me
1902 418 2162 480 crudeli-

68 512 256 562 tatem
288 519 408 562 non
443 503 642 563 solum
673 502 974 563 sententia
1000 519 1130 575 sua,
1163 503 1278 563 sed
1307 503 1487 563 etiam
1513 503 1837 562 verborum
1867 502 2163 577 gravitate

72 603 219 646 esse
244 587 548 647 notandos
573 585 822 662 putavit,
862 603 1129 662 quonam
1153 603 1251 647 me
1276 586 1478 647 animo
1501 585 1564 645 in
1595 598 1714 646 eos
1735 603 1879 646 esse
1904 595 2162 661 oportet,

77 669 254 729 cuius
287 671 369 729 illi
400 671 658 732 salutem
692 686 804 745 pro
832 670 1089 745 pignore
1118 670 1499 732 tradiderunt
1526 671 1604 730 ad
1637 670 1977 745 explendas
2013 687 2161 730 suas

77 754 490 828 cupiditates?
553 753 679 815 Sed
729 771 845 828 ego
876 753 939 814 in
988 756 1104 815 hac
1149 754 1452 815 sententia
1483 754 1744 815 dicenda
1774 770 1896 814 non
1930 755 2161 829 parebo

79 837 280 898 dolori
308 854 467 908 meo,
501 854 622 898 non
655 836 1010 898 iracundiae
1054 839 1338 898 serviam.
1407 837 1538 911 Quo
1569 837 1773 898 animo
1800 855 1961 898 unus
1994 838 2168 913 quis·

77 939 200 996 que
232 930 502 981 vestrum
533 921 717 983 debet
743 937 890 983 esse
921 922 981 981 in
1012 921 1182 994 illos,
1223 921 1344 982 hoc
1375 938 1516 983 ero=
1563 921 1962 996 praecipuum
1992 920 2159 982 illum

75 1017 136 1065 et
161 1004 483 1080 proprium
503 1021 755 1065 sensum
780 1005 1013 1066 doloris
1038 1005 1174 1078 mei,
1202 1022 1383 1081 quem
1408 1015 1611 1066 tamen
1635 1023 1752 1066 vos
1777 1022 2161 1066 communem

76 1105 324 1163 semper
346 1088 524 1149 vobis
547 1104 785 1150 mecum
817 1104 962 1150 esse
997 1089 1283 1163 duxistiS,
1305 1107 1343 1149 a
1373 1089 1674 1151 sententia
1701 1088 1964 1149 dicenda
1994 1106 2159 1149 amo-

71 1174 255 1244 veb0,
285 1175 366 1232 ad
395 1172 736 1233 ulciscendi
769 1181 1047 1249 tempora
1077 1173 1431 1234 reservabo.

198 1258 270 1315 ll.
314 1255 376 1317 3.
403 1257 698 1330 Quattuor
722 1267 865 1318 sunt
890 1258 1261 1334 provinciae,
1296 1266 1501 1332 patres
1532 1255 1883 1331 conscripti,
1916 1257 1995 1316 de
2028 1255 2159 1332 qui-

72 1340 192 1400 bus
219 1342 420 1401 adhuc
443 1340 714 1417 intelligo
742 1342 1076 1403 sententias
1109 1358 1253 1403 esse
1285 1340 1513 1402 dictas:
1543 1339 1772 1400 Galliae
1797 1340 1974 1412 duae,
2002 1357 2160 1414 quas

73 1424 192 1483 hoc
222 1434 497 1499 tempore
527 1443 650 1486 uno
683 1424 939 1501 imperio
979 1426 1259 1486 videmus
1292 1441 1435 1485 esse
1471 1424 1848 1495 coniunctaS‚
1885 1431 1948 1483 et
1977 1421 2161 1501 Syria

71 1520 135 1568 et
168 1508 560 1582 Macedonia,
608 1526 765 1584 quas
810 1510 987 1570 vobis
1031 1509 1237 1568 invitis
1283 1517 1343 1569 et
1388 1508 1709 1582 oppressis
1759 1506 2032 1582 pestiferi
2075 1506 2157 1565 illi

72 1590 365 1652 consules
397 1608 509 1667 pro
545 1607 881 1668 perversae
910 1594 998 1652 rei
1029 1595 1315 1668 publicae
1341 1590 1629 1666 praemiis
1682 1598 2159 1666 occupaverunt.

72 1676 515 1735 Decernendae
569 1675 750 1735 nobis
808 1686 949 1735 sunt
1000 1675 1136 1750 lege
1178 1674 1547 1749 Sempronia
1594 1675 1771 1734 duae.
1862 1673 2019 1747 Quid
2065 1683 2161 1733 est

75 1758 242 1832 quod
270 1759 585 1832 possimus
609 1759 687 1818 de
710 1758 893 1836 Syria
914 1757 1401 1832 Macedoniaque
1424 1757 1746 1819 dubitare?
1771 1757 1962 1830 Mitt0,
1992 1757 2161 1832 quod

74 1860 182 1901 ens
212 1842 294 1900 ita
326 1850 532 1915 partas
565 1842 791 1902 habent
823 1841 884 1913 ii,
919 1842 1023 1917 qui
1064 1858 1225 1903 nunc
1263 1842 1564 1913 obtinent,
1608 1851 1677 1902 ut
1705 1859 1825 1902 non
1857 1850 1997 1902 ante
2027 1840 2157 1901 atti-

72 1925 270 1999 gerint
300 1941 479 1999 quam
504 1925 666 1986 hunc
700 1925 974 1988 ordinem
1011 1925 1490 1997 condemnarint,
1525 1942 1707 2000 quam
1735 1924 2157 1987 auctoritatem

77 2018 343 2069 vestram
373 2027 409 2069 e
440 2009 684 2070 civitate
708 2010 1181 2084 exterminarint,
1207 2027 1391 2086 quam
1415 2010 1598 2070 fidem
1623 2010 1950 2085 publicam,
1976 2026 2158 2085 quam

73 2101 433 2167 perpetuam
459 2093 673 2168 populi
705 2094 961 2154 Romani
986 2096 1261 2167 salutem,
1307 2111 1488 2168 quam
1515 2110 1610 2153 me
1640 2110 1714 2153 ac
1745 2109 1918 2153 meos
1943 2109 2156 2154 omnes

75 2176 433 2237 foedissime
476 2176 1023 2253 crudelissimeque
1068 2177 1364 2238 vexarint.
1451 2176 1511 2240 4.
1561 2175 1775 2238 Omnia
1820 2176 2154 2238 domestica

73 2271 258 2334 atque
285 2259 522 2319 urbana
549 2260 751 2321 mitto=
795 2279 955 2335 quae
984 2270 1148 2321 tanta
1182 2271 1354 2333 sunt,
1399 2270 1468 2322 ut
1496 2278 1828 2337 numquam
1861 2260 2157 2321 Hannibal

73 2344 216 2403 huic
258 2343 394 2404 urbi
435 2353 664 2405 tantum
722 2345 865 2404 mali
911 2346 1160 2419 optarit,
1218 2355 1508 2420 quantum
1555 2344 1638 2406 illi
1681 2344 2025 2405 effecerint=
2078 2345 2160 2404 ad

74 2427 247 2501 ipsas
281 2428 459 2488 venio
494 2427 875 2503 provincias=
915 2445 1169 2504 quarum
1196 2428 1591 2501 Macedonia,
1630 2446 1790 2505 quae
1820 2438 1951 2490 erat
1978 2436 2159 2490 antea

75 2511 305 2573 munita
342 2512 739 2588 plurimorum
771 2511 1201 2588 imperatorum
1233 2531 1356 2592 non
1388 2513 1673 2585 turribuS,
1717 2513 1827 2573 sed
1865 2511 2154 2587 tropaeis,

76 2613 237 2669 quae
267 2596 469 2658 multis
515 2596 809 2658 victoriis·
839 2606 971 2659 erat
995 2596 1116 2657 iam
1146 2597 1253 2658 diu
1293 2596 1743 2672 triumphisque
1776 2605 2021 2671 pacata,
2066 2596 2156 2656 sic

74 2698 111 2738 a
139 2681 437 2753 barbariS,
475 2682 699 2756 quibus
731 2689 830 2743 est
857 2690 1106 2757 propter
1135 2681 1448 2742 avaritiam
1471 2697 1593 2755 pax
1616 2688 1849 2755 erepta,
1879 2689 2155 2750 vexatur,

78 2774 143 2823 ut
163 2763 754 2826 Thessalonicenses
788 2765 972 2839 positi
994 2765 1054 2825 in
1078 2764 1310 2838 gremio
1334 2763 1573 2840 imperii
1599 2765 1789 2825 nostri
1810 2763 2159 2839 relinquere

77 2846 372 2921 oppidum
405 2857 466 2908 et
493 2866 698 2909 arcem
730 2849 963 2911 munire
992 2856 1319 2924 cogantur,
1348 2856 1417 2909 ut
1445 2847 1544 2907 via
1574 2847 1677 2907 illa
1708 2857 1946 2919 nostra,
2000 2863 2159 2922 quae

77 2948 187 3006 per
208 2931 630 2992 Macedoniam
659 2941 753 2994 est
778 2950 980 3008 usque
1003 2933 1081 2992 ad
1104 2933 1563 3008 Hellespontum
1584 2931 1877 3002 militaris,
1903 2948 2024 2992 non
2058 2946 2159 2991 so·

77 3019 195 3073 lum
228 3015 701 3076 excursionibus
740 3017 1135 3078 barbarorum
1166 3015 1248 3077 sit
1275 3015 1527 3085 infesta,
1570 3016 1683 3076 sed
1726 3015 1906 3076 etiam
1940 3015 2157 3075 castris

71 3098 381 3159 Thraeciis
411 3098 700 3160 distincta
727 3116 802 3162 ac
832 3109 1053 3161 notata.
1112 3100 1201 3160 lta
1235 3109 1451 3173 gentes
1482 3115 1623 3167 eae,
1672 3116 1861 3174 quae,
1901 3105 1968 3159 ut
1997 3113 2151 3174 pace

78 3191 406 3252 uterentur,
453 3182 571 3241 vim
601 3183 836 3257 argenti
864 3185 1161 3244 dederant
1190 3185 1508 3258 praeclaro
1543 3193 1752 3244 nostro
1786 3181 2155 3258 imperatori,

77 3277 139 3326 ut
167 3266 502 3328 exhaustas
534 3267 754 3328 domos
781 3270 1021 3342 replere
1054 3277 1332 3343 possent,
1373 3283 1483 3343 pro
1516 3276 1721 3341 empta
1750 3282 1903 3342 pace
1931 3262 2154 3327 belium

83 3352 262 3411 nobis
292 3367 489 3425 prope
518 3350 740 3411 iustum
774 3350 1119 3412 intulerunt.

199 3435 259 3495 5.
302 3435 428 3495 Iam
481 3451 627 3496 vero
674 3434 980 3496 exercitus
1025 3443 1234 3496 noster
1264 3434 1364 3495 ille
1423 3433 1868 3511 superbissimo
1927 3433 2156 3494 dilectu
