2514 3928
192 146 368 181 xxxxv
667 124 1058 178 PROOEMIUM
1093 118 1423 172 EDITIONIS
1462 116 1832 169 SECUNDAE.

188 280 320 314 nunc
355 265 597 314 librorum
633 263 931 312 auctoritate
964 260 1233 310 delendum
1272 265 1394 306 erat.
1449 253 1575 319 Cap.
1594 255 1677 303 24.
1718 253 1767 315 ξ.
1795 255 1878 302 59.
1914 250 2100 301 retinui
2121 265 2289 315 prae·

182 335 344 381 sentis
375 331 584 394 fraudis
615 345 824 393 poenas,
861 329 948 378 ubi
971 326 1027 378 G.
1050 326 1277 375 Halmius
1315 333 1372 373 ut
1413 323 1512 371 sibi
1535 332 1789 370 constaret
1824 320 2103 382 scripserat
2124 333 2286 381 prae-

182 406 370 450 sentes.
440 397 637 446 Etenim
682 411 779 460 ego
826 396 976 444 verba
1014 393 1309 458 praesentis
1356 391 1564 454 fraudis
1608 387 1967 451 coniungenda
2021 400 2138 434 esse
2192 399 2289 431 ex-

188 466 387 521 istimo,
424 463 647 523 fraudiS,
686 476 817 525 quae
853 477 984 512 nunc
1018 471 1099 521 ¹est
1133 470 1180 509 ει
1215 459 1386 508 statim
1421 457 1589 520 puniri
1627 467 1814 518 potest.
1885 452 2062 502 Paullo
2103 463 2224 516 post
2258 465 2293 498 e

183 535 298 580 sinu
338 533 625 597 yremioque
669 530 782 581 cod.
829 529 1047 579 Parisini
1091 527 1281 576 indicio
1326 539 1460 573 nunc
1504 523 1717 571 restitui.
1811 521 1866 568 In
1912 519 2095 567 ceteris
2140 518 2292 566 libris

186 597 291 645 fere
327 598 536 661 legitur:
597 615 624 648 e
666 601 778 647 sinu
823 612 851 645 e
894 598 1196 660 yremioque.
1269 593 1319 653 §-
1356 592 1439 642 60.
1486 606 1548 639 ne
1585 604 1730 653 quam
1764 603 1931 637 vocem
1967 589 2139 636 eiiciat
2175 599 2289 632 ser-

185 665 319 716 vavi.
393 665 592 714 Etenim
636 666 820 712 domus
861 678 964 711 non
1009 674 1111 712 tam
1148 661 1312 709 eliciet
1344 671 1546 717 vocem,
1594 670 1746 717 quarn
1784 655 1949 703 eiiciet
1984 662 2072 702 aut
2105 653 2290 699 mittet.

186 728 355 795 Saepe
408 733 541 780 enim
593 730 734 792 loqui
780 731 932 779 mutis
990 730 1142 778 rebus
1206 727 1445 775 tributum
1509 735 1587 772 est
1640 738 1670 770 a
1725 721 1951 780 Latinis,
2006 720 2294 780 eodemque

182 799 444 860 pertinent
493 799 801 863 parietes,
856 797 944 858 qui
997 810 1121 848 mox
1173 794 1436 850 dicuntur,
1490 791 1756 839 conscii.
1831 786 1956 852 Cap.
1992 789 2077 836 25.
2123 786 2154 847 ξ
2204 787 2287 834 62.

179 865 538 915 delitiscerent
580 879 674 930 pro
711 865 1065 915 delitescerent
1111 878 1138 910 e
1181 861 1294 909 cod.
1342 859 1573 907 Parisino
1611 870 1711 913 est,
1758 857 1982 916 itemque
2026 855 2145 904 dein
2192 866 2288 919 pro

179 931 373 981 deinde
410 947 475 978 ex
511 933 684 981 eodem
720 931 876 994 libro,
914 931 995 977 cui
1032 931 1182 978 etiam
1218 926 1305 975 alii
1340 925 1601 983 accedunt,
1640 923 1937 987 repositum,
1976 934 2293 982 quamquam

175 995 331 1045 facile
379 994 524 1057 delfi,
578 998 630 1047 id
674 1006 750 1046 est
793 996 991 1054 deinde,
1045 1009 1162 1043 cum
1206 992 1338 1042 dein
1383 990 1627 1040 confundi
1672 989 1856 1055 potuit.
1929 988 1980 1051 §-
2004 984 2104 1037 63.’
2124 987 2295 1038 delevi

173 1077 316 1111 nunc
353 1065 510 1112 verba
543 1065 786 1126 ,qr-avitati
819 1065 1032 1119 deditos,
1069 1076 1199 1123 quae
1240 1069 1361 1109 sunt
1403 1061 1453 1107 in
1491 1058 1749 1122 plerisque
1783 1055 1927 1105 libris
1964 1068 2057 1119 pro
2093 1059 2293 1119 tempe-

169 1136 377 1188 ranteS,
415 1131 555 1193 quod
590 1130 702 1179 cod.
745 1129 1007 1178 Parisinus
1047 1127 1240 1179 obtulit.
1312 1125 1415 1175 Sed
1459 1137 1627 1174 tamen
1670 1124 1909 1188 suspicor
1953 1121 2175 1170 fortasse
2213 1123 2292 1169 la-

168 1210 369 1244 cunam
408 1200 582 1261 potius
619 1197 938 1246 indicandam
976 1197 1164 1258 fuisse,
1214 1205 1268 1241 ut
1309 1193 1589 1241 membrum
1637 1191 1883 1239 orationis
1920 1188 2175 1237 excidisse
2210 1190 2294 1236 vi-

165 1262 381 1314 deatur.
442 1262 567 1329 Cap.
593 1266 674 1314 27.
719 1264 765 1325 ᾖ.
790 1265 870 1314 65.
907 1264 1008 1311 iam
1033 1262 1218 1326 scripsi
1252 1262 1410 1324 magis
1445 1267 1669 1322 tempore
1693 1271 1785 1322 pro
1808 1257 2004 1306 meliori
2038 1263 2300 1319 tempore,

165 1329 289 1376 vide
331 1345 473 1391 quae
509 1344 667 1396 supra
704 1332 886 1395 scripsi
922 1346 973 1394 p.
1000 1329 1134 1378 XIV.
1188 1327 1362 1376 Paullo
1400 1337 1517 1390 post
1554 1340 1685 1373 nunc
1722 1324 1859 1376 edidi
1895 1324 1961 1371 de
1999 1321 2298 1371 coniectura

161 1410 313 1443 mea:
384 1413 519 1462 quae
563 1400 610 1447 si
652 1401 750 1447 iam
795 1404 909 1447 erat
951 1399 1148 1446 tradita
1190 1397 1377 1450 serviS,
1435 1396 1484 1442 si
1515 1399 1615 1441 tum
1660 1392 1939 1442 evasissent
1980 1388 2149 1440 sabito
2198 1399 2295 1438 etc.

158 1460 350 1510 Verba
388 1466 442 1514 si
476 1472 575 1514 tum
608 1465 659 1513 in
695 1465 836 1512 libris
872 1477 976 1511 non
1012 1463 1265 1526 leguntur.
1338 1458 1459 1524 Cap.
1495 1461 1575 1509 28.
1612 1459 1659 1518 §-
1695 1460 1776 1509 66.
1814 1457 2041 1507 amiserit
2077 1470 2104 1504 e
2140 1455 2300 1506 codd.

153 1525 421 1578 Lambini
462 1532 692 1594 reposuit
729 1529 780 1578 G.
818 1529 1064 1576 Halmius.
1138 1525 1266 1579 Cod.
1298 1528 1460 1576 PariS.
1497 1526 1649 1575 habet
1681 1526 1889 1582 m-serii,
1927 1523 2017 1572 alii
2051 1525 2298 1575 emiserit,

155 1595 286 1657 lpse
329 1596 544 1644 confert
578 1610 691 1659 cap.
716 1598 797 1644 27.
836 1594 884 1655 ξ.
911 1595 993 1645 64.
1045 1591 1170 1658 Cap.
1195 1593 1278 1644 29.
1317 1594 1363 1654 §-
1392 1597 1472 1643 70.
1543 1593 1663 1641 Hac
1698 1607 1827 1642 nunc
1862 1594 1970 1656 leye
2007 1590 2072 1640 de
2107 1590 2300 1638 Halmii

153 1661 486 1708 coniectura
525 1671 618 1710 est.
672 1660 809 1708 Libri
846 1661 1029 1709 habent
1062 1661 1158 1710 hae
1192 1664 1321 1710 enim
1352 1663 1478 1724 lege.
1545 1658 1723 1708 Paullo
1763 1667 1882 1722 post
1918 1671 2052 1705 nunc
2086 1658 2303 1722 scripsit

150 1723 419 1774 Halmius
456 1729 681 1775 mulieris
725 1726 1022 1776 libidinosae
1057 1742 1084 1775 e
1119 1727 1232 1778 cod.
1268 1727 1517 1776 Lambini.
1579 1723 1703 1776 eod.
1724 1726 1989 1774 Parisinus
2006 1725 2223 1777 libidin.
2245 1763 2259 1778 .
2284 1758 2300 1774 .

148 1803 196 1864 a.
219 1804 316 1866 pr.
364 1805 533 1840 manu
567 1793 733 1842 habet.
804 1791 962 1841 Ceteri
1008 1793 1124 1842 libri
1165 1794 1397 1844 libidines
1436 1801 1490 1844 et
1530 1792 1719 1856 legunt.
1786 1791 1919 1841 Vide
1965 1806 2099 1854 quae
2134 1806 2304 1857 supra

145 1853 270 1902 dixi
315 1870 380 1917 p.
415 1857 558 1905 XsV.
632 1858 754 1922 Cap.
781 1862 860 1908 30.
898 1860 944 1920 §-
971 1862 1055 1910 71.
1088 1868 1269 1924 stupro
1302 1868 1420 1910 sunt
1463 1860 1649 1908 indicio
1696 1860 1811 1910 cod.
1851 1858 2072 1907 Parisini
2110 1860 2305 1923 scripsi

148 1933 254 1982 pro
298 1929 439 1999 suni
473 1930 674 1998 stupro,
753 1925 802 1987 §.
832 1928 911 1976 72.
957 1928 1145 1977 crimen
1190 1929 1501 1993 quaestionis
1546 1940 1640 1991 pro
1687 1927 1998 1993 quaestionis
2044 1933 2237 1976 crimen
2275 1942 2308 1976 e

145 1986 272 2063 0051·
301 1989 680 2065 ‘palimpsesto
718 1993 1056 2042 Ambrosiano
1093 1997 1262 2059 recepi
1309 2007 1459 2055 atque
1506 2008 1569 2042 ex
1615 1994 1795 2043 eodem
1829 1993 1959 2044 libro
2007 1994 2163 2043 etiam
2218 1995 2305 2044 di-

142 2054 431 2133 sciplinae
472 2070 567 2119 pro
605 2059 885 2121 disciplinis
918 2061 1088 2125 paullo
1123 2073 1244 2126 post
1280 2078 1310 2110 a
1345 2076 1426 2110 me
1457 2071 1662 2110 auctore
1680 2061 1877 2110 Halmio
1915 2062 2166 2125 scriptum
2206 2073 2308 2113 est.

142 2125 191 2174 9.
223 2118 322 2165 73.
371 2122 498 2170 cod.
524 2123 886 2200 palimpsestus
913 2128 1282 2178 Ambrosianus
1318 2129 1502 2177 homini
1534 2141 1627 2191 pro
1664 2130 1774 2178 viro
1810 2128 2008 2187 obtulit,
2048 2139 2098 2178 ει
2123 2129 2304 2193 paullo

144 2190 281 2242 post
324 2186 694 2266 decessu-pro
731 2192 977 2241 discessit.
1035 2194 1157 2259 Cap.
1183 2197 1266 2245 31.
1306 2194 1354 2256 ἐ.
1382 2196 1461 2244 77.
1499 2195 1685 2257 scripsi
1722 2210 1856 2244 nunc
1892 2197 2169 2246 inimicitiis
2192 2199 2308 2247 suis

145 2257 392 2326 auc-tore·
426 2251 632 2303 Halmio
669 2270 761 2319 pro
802 2259 1071 2309 inimicitiis
1103 2264 1200 2319 υἰε,
1253 2261 1393 2325 quod
1428 2263 1479 2309 in
1514 2260 1654 2310 libris
1692 2271 1787 2315 est.
1838 2264 1914 2311 vis
1948 2272 2057 2311 tum
2094 2263 2310 2312 demum

148 2311 396 2391 obtineri
485 2330 636 2380 otest,
673 2324 717 2371 si
754 2324 944 2373 scribas
981 2341 1094 2374 cum
1131 2328 1273 2377 libris
1311 2328 1643 2376 deterioribus
1680 2332 1771 2389 vis,
1802 2321 2089 2392 ferocitas
2133 2331 2310 2394 perti-

147 2391 335 2456 nacta,
472 2400 560 2449 ap.
589 2389 670 2436 32.
713 2389 761 2450 §.
789 2391 867 2439 78.
913 2394 1150 2441 violatam
1196 2396 1393 2443 diceret
1435 2394 1677 2443 librorum
1713 2398 2012 2445 auctoritate
2048 2412 2186 2446 nunc
2222 2413 2309 2446 re-

148 2450 305 2519 ⁵t¹¹311²
371 2462 480 2509 pro
539 2454 773 2504 violatam
824 2471 935 2505 esse
988 2460 1200 2509 diceret.
1272 2460 1447 2509 Paullo
1496 2470 1614 2524 post
1665 2461 1922 2513 absolutus
1969 2470 2049 2513 est
2092 2473 2311 2513 auctore

149 2505 647 2633 {zibergdgfifiosm
684 2536 776 2584 pro
813 2522 1068 2573 absolutus
1100 2530 1186 2585 sit,
1224 2537 1375 2587 atque
1409 2526 1570 2575 Bakio
1608 2537 1816 2577 auctore
1862 2537 1912 2579 ei
1958 2540 2074 2578 ante
2112 2533 2313 2595 turpis·

153 2709 172 2748 t
224 2704 249 2727 ι,
300 2641 368 2691 In
411 2651 667 2729 oratione,
705 2668 835 2714 quae
869 2665 946 2704 est
981 2657 1044 2705 de
1075 2660 1357 2721 provinciis
1394 2661 1768 2724 consularibus,
1810 2662 1971 2711 multa
2006 2679 2036 2712 a
2073 2678 2155 2711 me
2189 2679 2310 2712 mu-

175 2715 224 2747 ἂι
227 2718 264 2813 (11
296 2720 472 2788 nunc·
507 2720 715 2793 quidem
762 2735 863 2768 non
899 2731 1160 2785 poterant,
1210 2733 1261 2773 ει
1294 2725 1537 2789 pleraque
1573 2741 1638 2775 ex
1674 2732 1985 2779 accuratiore
2031 2730 2315 2779 collatione

160 2780 220 2812 ⁰⁰
256 2834 305 2878 t·
346 2773 595 2858 mmmm,
643 2785 791 2861 7794·
843 2787 1071 2849 profecta
1123 2801 1264 2841 sunt.
1333 2790 1457 2855 Cap.
1486 2795 1531 2841 1.
1576 2794 1625 2855 ξ.
1654 2797 1701 2844 1.
1746 2797 1942 2846 sentire
1985 2813 2062 2847 me
2099 2812 2196 2861 pro
2232 2814 2315 2847 me

156 2844 253 2942 aequ
282 2848 372 2883 tre
435 2856 504 2889 ex
553 2862 663 2895 eius
716 2850 826 2897 libri
871 2855 1169 2903 auctoritate
1226 2857 1475 2921 scriptum
1530 2873 1622 2909 est.
1694 2861 1770 2910 Eo
1823 2862 1937 2916 loco
1985 2863 2207 2915 Cobetus
2255 2866 2313 2912 in

202 2912 439 3005 αἵρθζιοε.
487 2909 576 2959 ΙΙΙ.
634 2927 685 2976 p.
713 2916 827 2963 231.
874 2933 1083 2969 censere
1125 2937 1203 2971 me
1249 2924 1404 2973 scribi
1457 2926 1633 2979 voluit.
1674 2926 1830 2992 ·Cap.
1858 2931 1908 2977 2.
1953 2931 2002 2991 ἓ.
2029 2934 2077 2981 3.
2128 2945 2157 2979 ε
2191 2931 2316 2979 cod.

164 3022 197 3069 d
266 2976 418 3040 ²⁸¹9⁰
464 2987 749 3033 Pmerwe
792 2995 885 3058 pro
931 3000 1141 3037 eversae
1186 2988 1435 3052 scriptum
1480 3003 1571 3043 est.
1646 2993 1694 3055 ξ.
1719 2996 1767 3044 4.
1813 2995 2079 3049 Thraeciis
2115 3012 2182 3047 ex
2220 3011 2312 3046 eo-

172 3038 286 3136 ἐξὲξ
325 3027 471 3110 11].)Γο
510 3051 902 3124 ειιιειοτεειιεῐῐι
937 3052 999 3099 A.
1026 3051 1373 3105 Fleckeisenio
1412 3059 1465 3105 in
1499 3059 1679 3110 Philol.
1714 3061 1815 3111 vol.
1848 3062 1936 3113 IV.
1975 3079 2027 3128 p.
2054 3066 2172 3115 311.
2212 3079 2314 3127 pro

281 3107 420 3145 “³²²⁸
468 3115 609 3151 ¹¹⁰⁰ss
650 3123 833 3174 ξ’ωρει
878 3124 926 3162 et
967 3117 1036 3164 ita
1080 3117 1175 3166 feci
1221 3122 1374 3169 etiam
1410 3125 1543 3173 iufra
1577 3141 1689 3191 cap.
1716 3130 1765 3178 4.
1806 3127 1856 3189 ς.
1882 3131 1934 3181 9.
1972 3143 2022 3179 et
2055 3132 2103 3191 5.
2130 3133 2178 3181 5.
2218 3133 2319 3201 aa,

165 3155 310 3279 {legit
338 3170 1007 3306 {prpibgeslegttlzg.eoe2{pinz
1039 3183 1341 3302 εἱεεὲἓῗω
1400 3205 1585 3273 scr-ipsi
1638 3208 1774 3243 nunc
1825 3209 1921 3258 pro
1978 3206 2299 3278 expetit->isse
