2514 3928
239 309 308 365 73
880 251 1263 366 ΟΑΡῘιι-ὁ.
1308 309 1362 370 s.
1391 312 1654 367 11—18.
2176 303 2294 372 371

235 450 681 511 misericordes.
751 453 898 513 Puto
944 469 1022 513 ne
1051 453 1297 513 Curium
1340 452 1587 527 quidem
1627 470 1769 516 esse
1805 457 2149 527 crudelem,
2195 455 2303 530 qui

239 533 573 610 periculum
616 536 894 596 fortunae
934 535 1157 596 cotidie
1197 534 1396 596 faciat.
1469 534 1623 596 Sunt
1660 536 1802 597 item
1856 539 1995 599 lecti
2042 537 2297 610 iudices,

237 615 340 692 qui
389 617 652 678 sortasse
694 620 1165 680 excusabuntur.
1232 619 1473 678 Habent
1499 620 1656 678 enim
1687 620 2008 693 legitimam
2040 637 2301 684 excusa·

235 700 490 775 tionem,
534 700 734 761 exsilii
779 717 968 762 causa
1005 702 1205 763 solum
1245 700 1508 761 vertisse
1550 717 1663 761 nec
1704 718 1846 763 esse
1878 712 2094 778 postea
2126 706 2300 765 resti-

236 794 419 845 tutos.
498 781 595 845 15.
636 785 766 845 Hos
810 784 909 844 ille
939 786 1193 845 demens
1228 783 1466 845 iudices
1493 784 1774 859 legisset,
1816 785 2032 846 horum
2059 787 2303 848 nomina

233 866 315 927 ad
341 865 640 926 aerarium
670 867 1018 941 detulisset,
1050 866 1145 927 his
1176 882 1457 943 magnam
1484 875 1717 943 partem
1745 867 1835 929 rei
1865 870 2148 943 publicae
2171 886 2301 929 cre-

233 948 519 1023 didisset,
548 949 602 1010 si
631 953 811 1011 ullam
843 952 1113 1026 speciem
1140 949 1542 1027 reipublicae
1569 950 2010 1025 cogitavisset?
2062 953 2168 1012 VI.
2193 956 2301 1013 At·

235 1049 356 1109 que
400 1047 517 1108 ego
558 1034 637 1094 de
677 1035 839 1096 notis
879 1034 1184 1096 iudicibus
1223 1033 1384 1095 dixi=
1431 1050 1590 1110 quos
1634 1035 1833 1095 minus
1864 1036 2092 1109 nostis„
2133 1034 2300 1095 nolui

235 1117 577 1178 nominares
628 1119 977 1189 saltatoreS,
1035 1118 1411 1189 citharistas,
1463 1123 1653 1179 totum
1697 1118 1964 1194 denique
2003 1118 2300 1183 comissa-

233 1198 416 1261 tionis
436 1198 821 1261 Antonianae
846 1201 1097 1261 chorum
1119 1200 1181 1260 in
1201 1201 1438 1261 tertiam
1461 1202 1769 1262 decuriam
1794 1202 2059 1263 iudicum
2083 1202 2302 1263 scitote

233 1297 377 1342 esse
389 1281 752 1344 coniectum.
784 1283 941 1341 Hem
957 1298 1205 1343 causam
1227 1286 1451 1344 curlex
1463 1293 1584 1344 tam
1599 1284 1846 1359 egregia
1856 1295 2108 1362 tamque
2121 1299 2294 1361 prae-

234 1365 398 1425 clara
437 1361 700 1424 maximo
732 1364 936 1439 imbri,
978 1372 1370 1440 tempestate,
1413 1364 1645 1437 ventis,
1690 1367 2005 1441 procelliS‚
2049 1368 2297 1428 turbini·

238 1448 383 1519 bus,
427 1445 584 1506 inter
624 1446 874 1508 fulmina
907 1456 969 1509 et
992 1448 1257 1508 tonitrua
1286 1449 1572 1519 ferretur,
1617 1456 1683 1508 ut
1708 1466 1819 1509 eos
1848 1449 2083 1510 iudices
2113 1451 2297 1510 habe-

237 1545 470 1601 remus,
513 1546 673 1604 quos
716 1530 994 1606 hospites
1024 1530 1249 1591 habere
1279 1546 1459 1591 nemo
1489 1530 1649 1592 velit.
1722 1531 2033 1593 Scelerum
2069 1532 2302 1607 magni-

236 1614 399 1685 tudo,
430 1612 804 1675 conscientia
831 1614 1284 1687 maleficiorum,
1319 1614 1579 1689 direptio
1616 1615 1750 1675 eius
1775 1617 2091 1690 pecuniae,
2122 1616 2296 1676 cuius

237 1696 385 1757 ratio
426 1696 487 1756 in
527 1697 682 1756 aede
713 1697 861 1772 Opis
906 1699 1186 1758 confecta
1214 1707 1341 1770 est,
1389 1698 1547 1758 hanc
1581 1698 1817 1759 tertiam
1850 1698 2158 1760 decuriam
2190 1715 2297 1759 ex-

235 1777 551 1854 cogitavit=
615 1797 729 1841 nec
769 1789 908 1841 ante
948 1791 1162 1856 turpes
1203 1781 1438 1841 iudices
1472 1781 1731 1857 quaesiti
1791 1798 1974 1856 quam
2020 1782 2296 1844 honestis

228 1862 535 1925 iudicibus
577 1864 920 1925 nocentium
957 1867 1128 1927 salus
1157 1865 1485 1941 desperata
1515 1873 1626 1925 est.
1716 1864 1816 1927 16.
1861 1866 1983 1927 Sed
2019 1865 2167 1927 illud
2203 1881 2295 1937 os,

228 1948 389 2014 illam
420 1946 819 2023 impuritatem
846 1949 1020 2010 caeni
1048 1950 1259 2022 fuisse,
1293 1957 1359 2010 ut
1387 1948 1504 2011 hos
1525 1947 1761 2010 iudices
1786 1952 1989 2025 legere
2010 1950 2291 2011 auderet!

230 2045 492 2106 quorum
532 2033 793 2092 lectione
831 2034 1062 2107 duplex
1091 2032 1536 2108 imprimeretur
1560 2034 1650 2093 rei
1682 2033 1960 2108 publicae
1989 2034 2294 2096 dedecus=

230 2129 448 2185 unum,
481 2115 650 2189 quod
674 2124 794 2176 tam
821 2125 1034 2191 turpes
1062 2115 1299 2177 iudices
1327 2125 1564 2177 essent=
1611 2117 1897 2189 alterum,
1932 2117 2100 2192 quod
2130 2126 2295 2191 pate-

231 2198 456 2258 factum
509 2197 939 2273 cognitumque
989 2208 1157 2259 esset
1209 2215 1392 2274 quam
1432 2199 1655 2260 multos
1700 2202 1759 2259 in
1805 2200 2048 2261 civitate
2086 2208 2296 2274 turpes

231 2279 616 2341 haberemus.
685 2282 857 2359 Hanc
883 2298 1030 2358 ergo
1060 2292 1122 2343 et
1147 2283 1415 2356 reliquas
1446 2283 1578 2343 eius
1609 2285 1774 2344 modi
1807 2284 2008 2359 leges,
2038 2280 2295 2344 etiam-si

232 2362 369 2425 sine
412 2363 499 2437 vi,
551 2364 742 2426 salvis
781 2364 1105 2441 auspiciis,
1150 2377 1361 2426 essent
1402 2376 1687 2441 rogatae,
1732 2383 2050 2428 censerem
2095 2377 2296 2427 tamen

229 2447 650 2523 abrogandasx
694 2466 858 2511 nunc
900 2465 1049 2510 vero
1080 2465 1190 2510 cur
1222 2450 1612 2526 abrogandas
1648 2466 1967 2523 censeam,
2014 2466 2172 2525 quas
2204 2448 2268 2508 iu

228 2529 370 2592 dico
402 2548 525 2593 non
552 2541 798 2609 rogatas
810 2540 852 2592 ν

351 2613 452 2678 17.
492 2620 590 2677 An
631 2615 734 2677 illa
776 2634 899 2679 non
940 2617 1323 2692 gravissimis
1365 2614 1714 2691 ignominiis
1752 2613 2292 2688 monumentisque

213 2697 412 2762 ⁴buius
458 2699 695 2762 ordinis
719 2702 801 2762 ad
827 2700 1200 2778 posteritatis
1230 2697 1583 2761 memoriam
1613 2708 1756 2759 sunt
1780 2698 2077 2768 notanda,
2126 2696 2296 2771 quod

227 2800 386 2845 unus
411 2784 494 2845 M.
525 2784 832 2846 Antonius
873 2786 933 2844 in
968 2778 1094 2845 'hac
1134 2785 1288 2845 urbe
1328 2791 1474 2859 post
1512 2780 1818 2843 conditam
1848 2782 2060 2842 urbem
2097 2781 2297 2854 palam

227 2882 440 2928 secum
480 2866 759 2930 habuerit
796 2877 1095 2930 armatos=
1140 2867 1309 2945 quod
1351 2882 1554 2941 neque
1587 2880 1769 2939 reges
1802 2863 1996 2926 nostri
2026 2866 2299 2924 fecerunt

227 2966 434 3026 neque
472 2950 544 3024 ii,
600 2951 708 3027 qui
745 2952 993 3028 regibus
1037 2950 1272 3012 exactis
1311 2965 1564 3025 regnum
1604 2963 1910 3022 occupare
1952 2948 2297 3010 voluerunt.

228 3031 481 3096 cinnam
508 3036 775 3096 meminit
818 3034 945 3096 vidi
978 3034 1237 3096 Sullams
1285 3033 1467 3094 modo
1493 3033 1834 3093 Caesarem.
1856 3030 1954 3110 ,Hi
1980 3032 2141 3092 enim
2173 3040 2297 3092 tres

227 3128 377 3194 post
413 3118 718 3181 civitatem
762 3137 800 3180 a
841 3119 909 3180 L.
952 3119 1140 3180 Bruto
1183 3118 1497 3179 liberatam
1547 3119 1686 3192 plus
1736 3124 2066 3192 potuerunt
2114 3130 2296 3190 quam

228 3201 520 3264 universa
550 3220 655 3265 res
683 3202 948 3281 publica.
990 3203 1126 3263 Non
1157 3216 1416 3278 possum
1449 3200 1773 3260 adfirmare
1805 3199 1988 3261 nullis
2015 3197 2152 3259 telis
2184 3212 2299 3256 eos

227 3286 489 3362 stipatos
518 3286 743 3348 ruissea
775 3287 896 3348 hoc
922 3284 1064 3347 dico
1097 3301 1213 3347 nec
1239 3282 1443 3346 multis
1474 3293 1536 3345 et
1563 3282 1839 3347 occultis,
1902 3281 2003 3346 18.
2034 3283 2116 3340 At
2140 3279 2299 3337 hanc

230 3379 469 3446 pestem
504 3386 724 3446 agmen
757 3366 1121 3431 armatorum
1151 3368 1556 3444 sequebatur.
1599 3365 1944 3428 Crassicius
1961 3409 1978 3433 ,
2017 3361 2298 3426 Mustela,

226 3451 371 3514 Tiro
391 3498 407 3525 ,
446 3453 687 3530 gladios
725 3460 1104 3515 ostentantes
1118 3499 1136 3526 ,
1183 3453 1282 3514 sui
1323 3449 1553 3512 similes
1596 3462 1817 3525 greges
1857 3444 2162 3506 ducebant
2191 3453 2293 3512 pet

231 3536 461 3597 lorum:
518 3547 750 3599 certum
806 3535 1067 3613 agminis
1118 3537 1319 3597 locum
1377 3532 1663 3595 tenebant
1698 3525 1944 3666 Βεὲἓῗτί
1991 3515 2306 3593 sagittarii.-
