2514 3928
174 149 258 211 96
771 147 918 207 PRO
954 148 1034 206 Μ.
1071 147 1348 207 CAELIO
1391 147 1692 208 ORATIO.

175 296 472 361 'lescentia
493 316 616 359 non
640 301 716 359 ad
744 299 830 360 rei
850 299 1129 376 publicae
1156 317 1391 375 poenas
1408 346 1422 373 ,
1466 301 1578 360 sed
1594 302 1673 360 ad
1687 301 1955 360 mulieris
1979 300 2260 361 libidines

170 379 238 445 'et
265 383 519 444 delicias
566 384 941 460 deposcitur.
999 383 1180 442 XXX.
1222 382 1324 446 71.
1360 386 1564 460 Atque
1609 385 1729 445 hoc
1781 383 1964 444 etiam
2003 385 2144 445 ioco
2177 385 2261 448 M.

176 467 463 528 Camurtii
487 475 548 528 et
573 469 634 527 C.
666 468 972 527 Caesernii
997 467 1304 528 damnatio
1335 468 1737 543 praedicatur.
1799 466 1845 526 O
1870 468 2263 529 stultitiamne

173 553 376 613 dicam
420 568 498 611 an
540 550 974 626 impudentiam
1005 550 1416 625 singularem!
1452 551 1825 625 Audetisne,
1866 569 2052 627 quum
2083 553 2159 612 ab
2190 569 2261 612 ea

178 635 431 696 muliere
458 634 737 708 veniatis,
771 637 974 696 facere
998 634 1252 696 istorum
1288 635 1599 698 hominum
1629 635 2043 698 mentionem?
2074 637 2261 698 aude·

181 719 338 780 tisne
379 719 648 781 excitare
696 718 841 779 tanti
873 718 1083 794 flagitii
1125 721 1506 792 memoriam,
1552 736 1673 780 non
1707 720 2065 782 exstinctam
2100 720 2262 780 illam

174 804 443 879 quidem,
473 804 585 863 sed
616 819 964 879 repressam
994 811 1340 864 vetustate?
1368 804 1496 876 Quo
1527 803 1685 864 enim
1717 803 1803 863 illi
1837 803 2085 865 crimine
2119 820 2262 879 pec-

176 897 442 962 catoque
474 887 823 961 perierunt?
863 903 1113 962 nempe,
1161 888 1326 962 quod
1370 887 1646 949 eiusdem
1679 887 1947 948 mulieris
1982 886 2259 948 dolorem

182 981 242 1032 et
299 970 578 1030 iniuriam
618 971 902 1032 Vettiano
953 969 1186 1031 nefario
1229 981 1449 1048 stupro
1494 978 1639 1033 sunt
1687 969 2011 1046 persecuti.
2096 971 2261 1045 Ergo

177 1064 246 1116 ut
293 1055 602 1114 audiretur
630 1054 816 1116 Vettii
854 1070 1074 1115 nomen
1106 1055 1164 1114 in
1200 1071 1416 1127 causa,
1462 1063 1527 1115 ut
1552 1054 1655 1114 illa
1684 1062 1856 1114 vetus
1905 1053 2143 1114 aeraria
2173 1055 2260 1113 fa·

176 1139 319 1199 bula
349 1138 727 1211 reficeretur,
777 1138 1006 1199 idcirco
1042 1137 1325 1199 Camurtii
1358 1147 1418 1200 et
1450 1138 1758 1199 Caesernii
1800 1146 1895 1199 est
1936 1154 2125 1198 causa
2164 1154 2261 1197 re-

178 1229 443 1283 novata?
499 1224 599 1297 qui
633 1239 1001 1298 quamquam
1030 1224 1166 1298 lege
1196 1223 1274 1283 de
1301 1222 1358 1283 vi
1394 1228 1558 1283 certe
1590 1239 1710 1282 non
1747 1222 2138 1294 tenebantur,
2181 1232 2258 1282 eo

179 1304 718 1403 maleficiosstkamen
769 1317 941 1368 erant
971 1306 1290 1382 implicati,
1334 1315 1401 1368 ut
1444 1323 1522 1367 ex
1565 1307 1790 1367 nullius
1835 1305 1988 1380 legis
2020 1304 2262 1380 laqueis

174 1389 484 1450 eximendi
509 1392 875 1452 viderentur.
929 1389 1028 1454 72.
1060 1391 1138 1453 Μ.
1168 1407 1315 1451 vero
1343 1389 1583 1451 Caelius
1608 1406 1716 1450 cur
1743 1389 1804 1450 in
1826 1389 1946 1451 hoc
1974 1388 2262 1450 iudicium

181 1481 477 1536 vocatur?
529 1476 627 1536 cui
671 1492 876 1550 neque
921 1475 1232 1550 proprium
1274 1473 1499 1535 crimen
1548 1471 1934 1549 quaestionis
1984 1470 2263 1534 obiicitur

183 1575 295 1620 nec
324 1575 474 1620 vero
505 1559 761 1634 aliquod
783 1559 916 1620 eius
959 1558 1125 1618 modi
1173 1559 1341 1633 quod
1377 1557 1456 1618 sit
1484 1575 1520 1618 a
1549 1559 1686 1632 lege
1720 1557 2089 1628 seiunctum,
2124 1572 2260 1616 cum

183 1651 393 1704 vestrav
412 1643 736 1703 severitate
765 1643 1188 1704 coniunctum:
1221 1643 1396 1701 cuius
1428 1641 1622 1715 prima
1650 1649 1819 1701 aetas
1851 1639 2057 1700 dedita
2080 1638 2258 1700 disci-

181 1725 503 1802 plinael'uit
531 1725 733 1800 iisque
769 1726 1031 1799 artibuS,
1077 1724 1300 1800 quibus
1348 1726 1711 1785 instituimur
1753 1725 1831 1784 ad
1879 1724 2042 1784 hunc
2084 1738 2260 1784 usum

183 1813 522 1883 forensem,
562 1811 642 1869 ad
677 1810 1120 1885 capessendam
1158 1826 1285 1869 rem
1318 1809 1652 1884 publicam,
1680 1808 1760 1868 ad
1789 1808 2104 1881 honorem,
2134 1807 2256 1882 glo-

178 1896 326 1954 riam
347 1939 362 1968 ,
394 1892 774 1968 dignitatem:
811 1894 885 1954 iis
915 1902 1115 1954 autem
1147 1894 1255 1954 suit
1282 1892 1558 1954 amicitiis
1591 1893 1885 1953 maiorum
1916 1902 2078 1964 natu,
2112 1907 2261 1968 quo-

180 1996 309 2038 rum
345 1977 561 2037 imitari
598 1979 953 2039 industriam
983 1978 1538 2054 continentiamque
1567 1979 1829 2038 maxime
1862 1976 2023 2048 velit,
2058 1976 2132 2036 iis
2162 1990 2261 2035 ae-

179 2064 448 2139 qualium
472 2061 709 2134 studiis,
734 2070 800 2123 ut
821 2064 1101 2123 eumdem
1127 2079 1308 2138 quem
1332 2061 1541 2137 optimi
1564 2078 1638 2122 ac
1662 2060 2024 2122 nobilissimi
2053 2067 2262 2135 petere

180 2162 428 2207 cursum
456 2145 655 2206 laudis
689 2146 1011 2208 videretur.
1049 2144 1147 2209 73.
1179 2147 1374 2220 Quum
1404 2155 1605 2224 autem
1634 2147 1903 2222 paullum
1933 2145 2053 2204 iam
2080 2142 2262 2203 robo-

181 2230 267 2290 ris
298 2227 673 2290 accessisset
701 2231 911 2304 aetati,
954 2232 1012 2290 in
1050 2230 1317 2291 Africam
1362 2231 1675 2305 profectus
1705 2237 1829 2301 est,
1874 2229 1940 2301 Q.
1973 2225 2261 2302 Pompeio

184 2331 297 2388 pro
314 2312 573 2372 consule
598 2311 1074 2385 contubernalis,
1102 2311 1455 2374 castissimo
1480 2314 1710 2375 homini
1729 2322 1915 2388 atque
1947 2312 2143 2372 omnis
2173 2310 2263 2370 of-

185 2396 310 2457 ficii
343 2395 840 2470 diligentissimo=
884 2397 942 2456 in
979 2414 1101 2472 qua
1137 2395 1453 2471 provincia
1483 2413 1670 2473 quum
1702 2413 1804 2457 res
1833 2403 2006 2457 erant
2034 2405 2093 2457 et
2124 2409 2277 2481 pos3

180 2482 500 2541 sessiones
532 2488 823 2556 paternae
866 2488 989 2540 tum
1019 2479 1197 2541 etiam
1226 2498 1377 2542 usus
1408 2482 1655 2556 quidam
1686 2481 2109 2556 provincialiS‚
2141 2494 2261 2538 non

183 2565 316 2625 sine
347 2581 537 2625 causa
564 2582 601 2625 a
632 2564 964 2626 maioribus
1009 2565 1151 2625 huic
1192 2564 1376 2625 aetati
1410 2565 1686 2625 tributus.
1793 2564 2075 2625 Decessit
2104 2561 2264 2622 illinc

182 2648 453 2725 Pompeii
476 2647 701 2711 iudicio
727 2649 1210 2725 probatissimus,
1244 2657 1311 2709 ut
1331 2647 1529 2724 ipsius
1555 2647 1900 2709 testimonio
1928 2660 2264 2722 ,cognosce-

183 2732 290 2793 tis=
347 2732 536 2793 voluit
577 2741 781 2794 vetere
827 2733 1131 2807 instituto,
1183 2749 1394 2794 eorum
1445 2731 1922 2793 adolescentium
1964 2730 2263 2805 exemplo,

179 2816 289 2891 qui
322 2824 463 2892 post
498 2816 558 2875 in
589 2817 830 2879 civitate
862 2816 1082 2879 summi
1113 2816 1227 2876 viri
1257 2824 1317 2877 et
1345 2815 1667 2877 clarissimi
1693 2815 1861 2877 cives
1886 2815 2262 2884 exstiterunt,

182 2898 544 2960 industriam
581 2918 755 2961 suam
783 2918 820 2961 a
847 2903 1074 2977 populo
1100 2902 1376 2961 Romano
1412 2917 1491 2960 ex
1520 2899 1725 2976 aliqua
1763 2898 1977 2961 illustri
2014 2914 2264 2959 accusa·

186 2982 352 3044 tione
381 2983 694 3057 cognosci.
737 2985 944 3046 XXXI.
985 2983 1091 3049 74.
1135 2986 1368 3046 Vellem
1398 2984 1519 3046 alio
1556 2984 1760 3061 potius
1789 3000 1930 3046 eum
1960 2981 2265 3059 cupiditas

181 3065 413 3142 gloriae
444 3066 782 3141 detulisset,
817 3070 931 3130 sed
963 3068 1109 3129 abiit
1137 3068 1318 3129 huius
1351 3077 1593 3144 tempus
1630 3070 1957 3144 querellae:
1990 3072 2263 3129 Accusa-

184 3149 275 3211 vit
302 3150 364 3211 C.
390 3151 741 3223 Antonium,
775 3153 1072 3228 collegam
1099 3149 1318 3225 meum,
1344 3153 1440 3213 cui
1478 3153 1702 3214 misero
1731 3152 2027 3229 praeclari
2056 3152 2115 3211 in
2141 3165 2266 3209 rem

185 3234 491 3311 publicam
524 3235 810 3296 beneficii
839 3236 1130 3297 mensoria
1159 3236 1303 3296 nihil
1339 3236 1580 3313 profuit,
1614 3236 1823 3297 nocuit
1852 3236 2061 3312 opinio
2085 3235 2266 3294 male·
2309 3281 2314 3282 ff

185 3318 307 3379 ficii
340 3318 605 3394 cogitati.
691 3320 914 3381 Postea
959 3319 1183 3381 nemini
1224 3336 1515 3397 umquam
1566 3319 1874 3381 concessit
1903 3318 2266 3395 aequalium,

189 3403 328 3477 plus
364 3408 428 3463 ut
457 3402 529 3461 in·
551 3404 704 3479 foro,
733 3405 872 3479 plus
893 3413 960 3465 ut
989 3404 1047 3463 in
1086 3404 1357 3482 negotiis
1390 3412 1741 3465 versaretur
1767 3404 2099 3477 causisque
2121 3399 2265 3462 ami-

185 3502 413 3561 corum,
461 3488 601 3563 plus
624 3496 690 3549 ut
718 3487 948 3548 valeret
979 3488 1133 3549 inter
1160 3505 1311 3549 suos
1341 3488 1551 3563 gratia.
1595 3487 1762 3561 Quae
1792 3486 1910 3547 nisi
1939 3486 2265 3561 vigilantes
