2514 3928
120 291 244 353 ιτς
766 281 1614 363 cAP.12—14.§.33--38
2115 281 2237 354 477

112 454 275 500 seo·-
361 437 535 499 ·.X1v
591 436 694 500 36
741 435 864 497 Sed
899 445 966 498 ut
998 436 1330 512 aliquando
1370 437 1670 497 sententia
1700 439 2114 513 complectar,
2161 440 2239 501 ita

115 536 418 583 censeat

145 617 164 630 ·
267 604 476 678 Quum
514 603 577 663 C.
591 553 832 664 Pansa·
848 559 1084 676 consul,
1115 582 1465 678 imperator,
1504 602 1738 663 initium
1782 617 1921 666 cum
1960 604 2238 667 hostibus

124 686 530 762 confligendi
563 685 793 758 fecerit,
829 704 966 760 quo
987 687 1223 761 proelio
1249 687 1410 761 legio
1433 686 1647 747 Martia
1679 686 2061 748 admirabili
2047 705 2240 752 incre

125 770 452 848 dibilique
490 769 710 834 virtute
751 770 1087 830 libertatem
1136 772 1343 845 populi
1386 769 1645 831 Romani
1670 769 2032 841 defenderit,
2074 772 2239 845 quod

129 855 313 915 idem
345 852 628 929 legiones
657 853 920 913 tironum
944 853 1216 923 fecerint,
1255 853 1519 928 ipseque
1542 854 1605 911 C.
1635 853 1834 913 Pansa
1866 855 2111 925 consul,
2132 853 2238 915 im·

131 945 417 1013 perator,
461 954 645 1012 quum
673 936 839 997 inter
867 937 1068 995 media
1110 936 1373 997 hostium
1413 938 1557 997 tela
1576 944 1950 1009 versaretur,
1980 938 2244 998 vulnera

133 1019 488 1097 acceperit,
532 1036 845 1095 quumque
892 1023 962 1078 A.
1016 1019 1244 1080 Hirtius
1291 1023 1536 1094 consul,
1586 1019 1946 1094 imperator,
2007 1020 2240 1094 proelio

137 1104 387 1177 audito,
420 1120 486 1163 re
513 1103 771 1177 cognita,
799 1101 1133 1164 fortissimo
1163 1103 1816 1178 praestantissimoque
1840 1102 2041 1164 animo
2066 1120 2241 1162 exer·

138 1187 338 1248 citum
384 1186 603 1247 castris
644 1186 924 1246 eduxerit
960 1186 1376 1260 impetumque
1420 1186 1477 1245 in
1514 1186 1594 1245 M.
1638 1185 1966 1247 Antonium
2010 1188 2241 1246 exerci-

142 1280 408 1346 tumque
438 1269 702 1331 hostium
750 1269 961 1329 fecerit
1002 1269 1262 1344 eiusque
1295 1268 1523 1343 'copias
1567 1269 1887 1330 occidione
1929 1270 2239 1343 occiderit,

143 1371 265 1414 suo
301 1353 578 1414 exercitu
619 1352 701 1413 ita
730 1353 1035 1424 incolumi,
1066 1360 1130 1412 ut
1160 1370 1235 1413 ne
1266 1370 1450 1412 unum
1501 1353 1744 1426 quidem
1790 1352 2034 1412 militem
2079 1352 2240 1413 desi-

145 1437 405 1508 derarit,
468 1434 569 1498 37.
619 1454 928 1512 quumque
977 1436 1039 1496 C.
1092 1437 1316 1496 Caesar
1360 1453 1472 1511 pro
1520 1445 1833 1510 praetore,
1894 1435 2239 1510 imperator,

147 1519 414 1581 consilio
440 1519 875 1595 diligentiaque
900 1535 1013 1580 sua
1039 1528 1237 1580 castra
1266 1518 1516 1580 feliciter
1538 1518 1879 1578 defenderit
1901 1519 2243 1594 copiasque

148 1602 449 1675 hostium,
489 1620 647 1677 quae
679 1605 757 1662 ad
791 1610 992 1661 castra
1027 1610 1454 1669 accesserant,
1495 1602 1852 1678 profligarit,
1919 1602 2238 1670 occiderit,

152 1687 234 1746 ob
266 1702 376 1746 eas
409 1702 512 1745 res
545 1694 822 1746 senatum
857 1683 1212 1745 existimare
1249 1694 1309 1745 et
1350 1684 1621 1744 iudicare
1664 1700 1873 1744 eorum
1918 1687 2089 1747 trium
2133 1684 2241 1743 im-

91 1772 100 1780 '
155 1777 506 1843 peratorum
552 1768 801 1842 virtute,
845 1767 1133 1843 imperio,
1179 1767 1465 1839 consilio,
1510 1768 1835 1842 gravitate,
1878 1767 2237 1840 constantia,

153 1851 569 1928 magnitudine
598 1853 799 1925 animi,
832 1852 1114 1912 felicitate
1158 1852 1451 1927 populum
1497 1853 1835 1911 Romanum
1884 1849 2236 1912 foedissima

158 1935 703 2011 crudelissimaque
727 1935 1019 1997 servitute
1042 1934 1377 2008 liberatum,
1417 1950 1728 2011 quumque
1762 1949 1886 1993 rem
1918 1935 2238 2011 publicam,

161 2019 392 2091 urbem,
423 2021 646 2095 templa
673 2020 927 2080 deorum
956 2019 1400 2089 immortalium,
1452 2018 1611 2078 bona
1666 2020 2064 2094 fortunasque
2114 2034 2238 2078 om-

164 2101 331 2162 nium
362 2099 726 2177 liberosque-
758 2101 1181 2163 conservarint
1224 2102 1611 2162 dimicatione
1661 2108 1721 2162 et
1763 2103 2036 2177 periculo
2084 2101 2241 2160 vitae

166 2201 334 2257 suae,
368 2183 452 2244 uti
484 2185 560 2246 ob
592 2196 700 2245 eas
726 2179 827 2245 fes
854 2187 1029 2260 bene,
1063 2187 1293 2246 fortiter
1316 2185 1692 2260 feliciterque
1712 2192 1918 2259 gestas
1950 2185 2010 2246 C.
2040 2185 2240 2244 Pansa

162 2277 237 2330 A.
268 2267 497 2328 Hirtius
534 2270 841 2341 consuleS,
883 2271 1315 2344 imperatoreS,
1356 2270 1510 2330 alter
1552 2269 1844 2341 ambove,
1889 2277 1993 2329 aut
2037 2267 2089 2328 si
2137 2269 2239 2327 ab·

166 2359 354 2424 erunt,
384 2351 466 2411 M.
498 2353 813 2424 Cornutus,
848 2360 1094 2427 praetor
1123 2351 1414 2424 urbanus,
1448 2351 1931 2428 supplicationes
1964 2367 2076 2429 per
2106 2352 2239 2410 dies

168 2435 600 2511 quinquaginta
630 2436 709 2496 ad
743 2435 944 2496 omnia
984 2436 1325 2510 pulvinaria
1368 2435 1717 2505 constituat,
1784 2432 1886 2496 38.
1929 2451 2240 2510 quumque

175 2518 353 2580 virtus
397 2519 700 2593 legionum
742 2519 928 2593 digna
984 2517 1340 2579 clarissimis
1396 2518 1861 2594 imperatoribus
1922 2517 2237 2588 exstiterit,

171 2609 455 2675 senatum,
492 2614 650 2677 quae
687 2602 765 2662 sit
793 2611 972 2661 antea
1012 2602 1318 2676 pollicitus
1359 2601 1701 2678 legionibus
1745 2600 2240 2675 exercitibusque

172 2686 405 2757 nostriS,
435 2701 507 2744 ea
523 2699 760 2746 summo
789 2683 992 2745 studio
1016 2701 1084 2745 re
1113 2685 1357 2760 publica
1379 2693 1740 2760 recuperata
1769 2686 2238 2760 persoluturum,

176 2783 473 2843 quumque
525 2769 683 2844 legio
726 2766 943 2829 Martia
975 2766 1291 2844 *princeps
1347 2785 1481 2831 cum
1538 2767 1818 2829 hostibus
1847 2766 2238 2840 ·conflixerit‚

178 2857 353 2925 atque
374 2851 458 2910 ita
483 2866 618 2912 cum
642 2852 874 2913 maiore
901 2870 1155 2916 numero
1182 2855 1453 2916 hostium
1478 2855 1881 2923 contenderit,
1921 2862 2008 2926 ut,
2045 2867 2231 2928 quum

178 2934 462 3009 plurimos
487 2936 833 3008 caederent,
872 2947 1168 3014 caperent
1191 2956 1314 3000 non
1341 2943 1575 3011 nullos,
1613 2954 1928 3015 quumque
1951 2938 2085 2998 sine
2107 2938 2233 3004 ulla

178 3018 593 3082 retractatione
625 3035 736 3093 pro
776 3022 973 3095 patria
999 3022 1203 3081 vitam
1249 3025 1664 3097 profuderint,
1712 3038 2024 3098 quumque
2054 3019 2232 3081 simili

182 3101 388 3160 virtute
422 3102 792 3178 reliquarum
838 3107 1146 3181 legionum
1179 3107 1400 3169 milites
1447 3125 1560 3183 pro
1603 3110 1804 3168 salute
1848 3116 1910 3167 et
1955 3106 2232 3165 libertate

183 3184 382 3260 populi
425 3185 683 3247 Romani
727 3196 984 3250 mortem
1018 3190 1460 3266 oppetiverint,
1507 3191 1747 3252 senatui
1781 3193 2031 3266 placere
2068 3197 2134 3250 ut
2167 3188 2227 3246 C.

181 3269 361 3327 Pansa
385 3270 461 3328 A.
487 3269 719 3331 Hirtius
752 3275 1061 3342 consuleS,
1094 3274 1517 3350 imperatores,
1552 3278 1706 3335 alter
1736 3275 2018 3344 ambove,
2052 3273 2107 3333 si
2140 3273 2229 3332 eis

183 3352 456 3423 videatur,
493 3352 584 3421 iis,
621 3354 726 3428 qui
754 3355 1116 3432 sanguinem
1146 3375 1261 3433 pro
1292 3358 1441 3431 vita,
1481 3360 1792 3427 libertate,
1827 3358 2089 3420 fortunis
2119 3373 2231 3431 po·

183 3435 295 3509 puli
317 3437 597 3509 Romani,
640 3453 752 3513 pro
791 3440 973 3509 urbe,
1008 3442 1247 3517 templis
1280 3443 1535 3502 deorum
1564 3443 1987 3504 immortalium
2022 3441 2230 3517 profu-

183 3519 430 3593 dissent,
477 3523 913 3583 monimentum
957 3541 1137 3599 quam
1172 3524 1613 3601 amplissimum
1647 3527 1971 3587 locandum
2004 3524 2227 3584 faciun-
