2514 3928
236 212 319 279 70
492 217 566 275 ΙΝ
594 216 656 274 P.
690 214 1074 277 VATINIUM
1117 215 1421 276 TESTEM
1457 215 2046 278 INTERROGATIO.

233 368 509 446 periculo
549 376 687 442 tuo,
731 369 897 428 nullo
947 385 1060 428 suo
1104 368 1326 430 delicto
1376 369 1517 430 l'erri
1561 369 1958 445 praecipitem
2000 378 2094 430 est
2122 369 2298 429 facile

233 467 495 530 passuS,
539 458 739 512 tamen
781 460 841 513 te
882 453 1043 512 omni
1074 451 1309 512 honore
1340 453 1825 528 indignissimum
1853 453 2113 514 iudicat:
2156 452 2210 515 si
2240 464 2296 514 te

235 535 453 608 vicini,
497 534 550 596 si
582 535 849 608 adfineS,
887 535 940 595 si
971 534 1220 596 tribules
1259 535 1343 596 ita
1373 536 1663 612 oderunt,
1703 546 1770 598 ut
1796 539 2107 613 repulsam
2139 547 2296 598 tuam

234 618 625 694 triumphum‘
641 635 818 680 suum
849 618 1162 679 duxerint=
1195 619 1249 679 si
1281 637 1459 680 nemo
1488 620 1714 696 aspicit
1744 619 2298 696 quiningemescat,

234 720 416 764 nemo
461 703 828 764 mentionem
870 703 1016 764 facit
1055 701 1198 778 quin
1242 711 1627 765 exsecretur=
1685 704 1737 765 si
1782 706 1996 779 vitant,
2051 705 2299 780 fugiunt,

236 788 452 848 audire
494 788 572 845 de
615 796 673 848 te
716 787 956 859 nolunt,
1014 803 1199 861 quum
1243 787 1555 861 viderunt,
1608 796 1917 863 tamquam
1957 788 2299 862 auspicium

235 874 457 932 malum
504 871 913 931 detestantur:
956 870 1010 930 si
1054 869 1300 945 cognati
1328 878 1658 946 respuunt,
1686 871 1941 932 tribules
1970 886 2297 931 exsecran—

233 966 363 1028 tur,
408 954 589 1013 vicini
633 961 935 1025 metuunt,
979 953 1216 1014 adfines
1264 954 1664 1028 erubescunt,
1716 964 1980 1015 strumae
2032 953 2299 1028 denique

234 1040 314 1098 ab
352 1054 458 1098 ore
491 1037 770 1112 improbo
797 1036 1210 1112 demigrarunt
1236 1044 1298 1098 et
1324 1036 1462 1098 aliis
1482 1037 1600 1098 iam
1625 1054 1695 1098 se
1716 1038 1869 1098 locis
1895 1037 2298 1097 collocarunt=

239 1123 290 1182 si
333 1138 403 1181 es
450 1121 656 1182 odium
699 1119 1010 1196 publicum
1036 1120 1279 1195 populi,
1326 1130 1609 1197 senatuS‚
1650 1121 2075 1182 universorum
2107 1120 2298 1179 homi·

235 1222 380 1265 num
410 1206 885 1275 rusticanorum,
921 1203 1067 1278 quid
1099 1214 1195 1265 est
1230 1221 1413 1279 quam
1447 1206 1526 1265 ob
1561 1221 1691 1264 rem
1718 1212 2062 1280 praeturam
2094 1202 2296 1278 potius

236 1298 499 1364 exoptes
547 1305 727 1362 quam
758 1295 1057 1348 nmrtem‘?
1104 1288 1462 1363 praesertim
1497 1305 1683 1364 quum
1716 1288 2072 1364 popularem
2101 1296 2161 1347 te
2196 1303 2297 1346 ve·

235 1373 310 1433 lis
341 1389 485 1433 esse
516 1388 717 1448 neque
746 1373 869 1432 ulla
901 1389 968 1431 re
999 1373 1230 1447 populo
1266 1371 1496 1446 gratius
1532 1375 1734 1431 facere
1764 1371 1994 1447 possis.

403 1455 507 1517 40.
554 1455 678 1517 Sed
721 1464 786 1517 ut
824 1456 1154 1532 aliquando
1189 1455 1508 1516 audiamus
1546 1472 1728 1530 quam
1760 1454 2017 1530 copiose
2049 1454 2191 1514 mihi
2222 1454 2296 1513 ad

231 1547 447 1617 rogata
487 1541 904 1614 respondeas,
952 1540 1317 1599 concludam
1360 1538 1480 1598 iam
1526 1539 2059 1613 interrogationem
2104 1554 2300 1598 meam

234 1635 419 1700 teque
448 1624 508 1684 in
545 1631 821 1684 extremo
847 1637 1045 1697 pauca
1068 1623 1146 1682 de
1170 1622 1308 1696 ipsa
1337 1638 1527 1683 causa
1548 1623 1799 1697 rogabo.
1842 1622 2031 1682 Xvn.
2063 1622 2299 1696 Quaero

237 1725 396 1783 quae
425 1716 589 1767 tanta
623 1707 682 1766 in
721 1714 779 1766 te
808 1705 1073 1779 vanitaS,
1116 1715 1281 1766 tanta
1316 1706 1533 1768 levitas
1566 1707 1773 1779 suerit,
1811 1713 1880 1767 ut
1907 1704 1966 1765 in
1999 1706 2118 1765 hoc
2148 1703 2300 1764 iudi-

236 1793 332 1852 cio
375 1791 439 1848 T.
474 1790 738 1850 Annium
777 1788 995 1849 iisdem
1038 1790 1245 1850 verbis
1288 1791 1601 1863 laudareS,
1649 1790 1871 1865 quibus
1915 1806 2052 1850 eum
2099 1788 2300 1848 verbis

234 1875 484 1935 laudare
514 1883 575 1934 et
602 1874 745 1933 boni
779 1872 889 1932 viri
920 1880 979 1933 et
1007 1873 1153 1934 boni
1184 1873 1354 1934 cives
1384 1882 1788 1948 consuerunt,
1827 1890 2012 1949 quum
2042 1873 2103 1933 in
2136 1888 2300 1932 eum·

236 1961 373 2019 dem
399 1973 595 2033 nuper
623 1958 702 2019 ab
735 1958 949 2018 eadem
980 1958 1080 2018 illa
1113 1957 1453 2019 taeterrima
1487 1957 1643 2019 furia
1686 1960 2021 2034 productus
2068 1956 2146 2017 ad
2190 1974 2299 2031 po·

235 2044 442 2119 pulum
474 2041 873 2118 cupidissime
903 2043 1124 2103 falsum
1155 2042 1566 2103 testimonium
1599 2043 1871 2103 dixeris?
1896 2045 1992 2102 An
2018 2040 2301 2101 eritbaec

235 2126 404 2203 optio
439 2135 498 2187 et
530 2134 803 2201 potestas
842 2134 972 2199 tua,
1007 2134 1102 2200 ut,
1148 2144 1335 2201 quum
1373 2127 1695 2187 Clodianas
1731 2142 1953 2202 operas
1982 2133 2044 2185 et
2074 2125 2309 2185 facine-

232 2227 513 2271 rosorum
559 2209 866 2270 hominum
908 2218 968 2271 et
1010 2210 1383 2285 perditorum
1425 2227 1670 2270 manum
1713 2209 1972 2282 videris,
2014 2207 2302 2267 Milonem

236 2294 438 2364 dicas,
472 2294 529 2353 id
564 2294 731 2368 quod
760 2293 821 2352 in
855 2294 1142 2354 contione
1171 2294 1409 2369 dixisti,
1438 2293 1878 2370 gladiatoribus
1910 2300 1970 2353 et
1996 2289 2303 2352 bestiariis

237 2376 564 2437 obsedisse
591 2393 716 2437 rem
752 2377 1087 2451 publicam=
1139 2395 1326 2452 quum
1369 2386 1569 2438 autem
1612 2378 1688 2437 ad
1738 2378 1887 2436 tales
1918 2376 2086 2436 viros
2118 2390 2302 2433 vene-

233 2461 353 2533 riS,
389 2478 508 2521 non
544 2460 777 2522 audeas
806 2460 1004 2519 civem
1032 2459 1326 2537 singulari
1360 2461 1609 2536 virtute,
1653 2460 1805 2536 fide,
1840 2457 2184 2521 constantia
2211 2456 2304 2516 vi-

233 2552 561 2619 tuperare?
621 2542 724 2604 41.
770 2542 894 2603 Sed
945 2561 1132 2618 quum
1161 2544 1518 2606 T.Annium
1565 2552 1733 2606 tanto
1778 2560 1967 2618 opere
2000 2542 2212 2603 laudes
2245 2549 2308 2600 et

235 2629 577 2690 clarissimo
621 2628 752 2687 viro
796 2644 917 2687 non
964 2628 1188 2688 nullam
1218 2628 1565 2689 laudatione
1597 2637 1700 2689 tua
1730 2628 2066 2688 labeculam
2092 2640 2304 2699 asper-

236 2730 346 2788 gas
369 2714 536 2773 -in
557 2712 794 2773 illorum
832 2711 989 2771 enim
1020 2728 1273 2772 numero
1309 2713 1537 2772 mavult
1565 2714 1629 2771 T.
1661 2710 1901 2771 Annius
1932 2725 2095 2784 esse,
2126 2707 2232 2783 qui
2268 2724 2307 2765 a

237 2808 294 2856 te
326 2797 744 2872 vituperantur
765 2830 879 2869 —-,
913 2813 1121 2855 verum
1150 2805 1349 2855 tamen
1385 2811 1634 2871 quaero,
1666 2812 1851 2869 quum
1879 2793 1939 2853 in
1963 2810 2030 2852 re
2061 2790 2307 2867 publica

237 2880 720 2940 administranda
745 2881 812 2939 T.
846 2880 1048 2939 Annio
1100 2896 1237 2939 cum
1269 2879 1329 2937 P.
1365 2878 1566 2939 Sestio
1601 2877 1998 2940 consiliorum
2037 2874 2306 2936 omnium

236 2963 506 3023 societas
539 2963 718 3023 fuerit
745 2997 826 3007 —-
850 2963 912 3022 id
945 2965 1113 3038 quod
1142 2980 1265 3023 non
1298 2965 1493 3023 solum
1529 2963 1854 3035 bonorum,
1881 2976 2094 3020 verum
2125 2959 2306 3019 etiam

238 3047 651 3120 improborum
696 3046 920 3106 iudicio
969 3048 1342 3106 declaratum
1378 3054 1505 3107 est:
1548 3054 1644 3106 est
1671 3045 1831 3105 enim
1871 3061 2016 3105 reus
2043 3023 2306 3117 uteffiue

239 3130 319 3190 ob
351 3130 627 3189 eamdem
664 3146 911 3189 eausam
948 3139 1009 3190 et
1040 3131 1256 3190 eodem
1292 3129 1569 3191 crimine:
1601 3132 1753 3190 alter
1781 3126 1881 3189 die
1912 3128 2075 3188 dicta
2103 3126 2179 3185 ab
2205 3140 2303 3194 eo,

241 3230 424 3288 quem
451 3223 516 3274 tu
546 3230 729 3273 unum
760 3213 1188 3288 improbiorem
1219 3230 1363 3275 esse
1393 3229 1574 3287 quam
1603 3220 1663 3273 te
1693 3229 1815 3272 non
1842 3226 2172 3288 numquam
2202 3224 2306 3268 so-

237 3298 347 3357 les«
386 3296 694 3357 confiteri:
745 3299 896 3357 alter
937 3297 1058 3358 tuis
1105 3297 1408 3370 consiliis,
1461 3296 1564 3356 illo
1611 3304 1809 3357 tamen
1853 3294 2179 3356 adiuvante
2220 3324 2307 3339 --

241 3396 472 3455 quaero
517 3381 622 3456 qui
653 3381 861 3456 possis
893 3397 1032 3454 eoS‚
1080 3398 1238 3456 quos
1274 3380 1523 3441 crimine
1559 3380 1911 3454 coniungis,
1955 3374 2307 3439 testimonio

242 3463 612 3539 disiungere.
676 3465 1026 3525 Extremum
1067 3464 1214 3525 illud
1263 3473 1384 3537 est,
1434 3463 1601 3541 quod
1631 3464 1774 3523 mibi
1808 3464 1920 3523 abs
1951 3470 2010 3523 te
2045 3476 2306 3537 respon-
