2514 3928
305 232 438 296 ati-2
621 231 702 295 m
724 229 806 293 M.
836 230 1238 293 ANTONIUM
1267 229 1553 292 oRArio
1583 228 2006 314 PHILtPPtcA
2036 254 2107 311 11,
2315 264 2386 315 44

312 411 414 486 qui
442 409 503 471 in
532 409 943 482 Dolabellam,
978 424 1054 467 an
1089 406 1414 481 impurior,
1452 404 1554 480 qui
1589 414 1758 479 patre
1787 404 2100 478 audiente,
2135 421 2215 464 an
2246 421 2388 466 cru·

308 494 532 562 delior,
566 491 672 568 qui
699 491 759 551 in
790 492 952 551 illam
986 489 1274 550 miseram
1303 498 1425 550 tam
1453 505 1710 563 spurce,
1748 498 1869 549 tam
1903 489 2086 564 impie
2112 487 2387 549 dixeris!

306 577 568 637 XXXIX.
602 574 743 638 loo.
768 574 894 636 Sed
916 575 997 635 ad
1019 572 1426 649 chirographa
1447 573 1789 633 redeamus.
1836 572 2004 646 Quae
2027 583 2129 633 tua
2155 572 2383 632 luitco-

307 660 544 735 gnitio?
568 665 727 721 Acta
747 658 906 719 enirn
937 657 1221 719 Caesaris
1259 654 1430 731 pacis
1462 653 1653 716 causa
1676 656 2035 716 confirmata
2062 663 2207 716 sunt
2228 672 2266 714 a
2290 671 2383 715 se·

309 753 484 805 natue
512 760 669 820 quae
696 742 943 819 quidem
968 742 1196 802 Caesar
1217 740 1467 816 egisset,
1494 756 1617 799 non
1641 757 1734 813 ea,
1759 756 1918 814 quae
1942 738 2148 815 egisse
2164 739 2383 799 Caesa·

306 844 436 889 rem
462 828 723 889 dixisset
741 827 1068 889 Antonius.
1096 824 1277 886 Unde
1298 824 1417 883 ista
1439 830 1807 898 erumpunt?
1830 840 1953 898 quo
1977 832 2231 885 auctore
2246 840 2382 899 pro·

310 914 623 975 seruntur?
666 912 732 972 Si
756 919 900 972 sunt
930 910 1102 982 falsa,
1130 923 1240 969 cur
1261 908 1640 982 probantur?
1676 906 1731 967 si
1756 923 1922 979 vera,
1949 923 2058 967 cur
2078 916 2388 969 veneunt?

305 1001 389 1057 At
428 998 519 1057 sic
551 997 866 1071 placuerat
893 1003 960 1055 ut
988 1009 1068 1053 ex
1094 990 1390 1051 Kalendis
1420 990 1608 1051 Iuniis
1639 991 1718 1051 de
1747 989 2034 1053 Caesaris
2062 992 2218 1051 actis
2248 1008 2387 1051 cum

310 1080 569 1141 consilio
597 1076 1085 1151 cognosceretis,
1147 1075 1323 1149 Quod
1356 1074 1468 1137 ruit
1495 1074 1860 1135 consilium?
1890 1091 2071 1149 quem
2096 1091 2383 1150 umquam

307 1162 669 1223 advocasti?
692 1177 848 1236 quas
862 1160 1176 1220 Kalendas
1199 1157 1406 1219 Iunias
1421 1158 1844 1234 exspectasti?
1865 1176 1940 1218 an
1967 1176 2109 1233 eas,
2135 1159 2218 1218 ad
2231 1176 2387 1234 quas

307 1258 367 1307 te
411 1245 753 1320 peragratis
783 1252 1212 1306 veteranorum
1236 1243 1499 1304 coloniis
1534 1243 1823 1318 stipatum
1852 1242 2037 1303 armis
2064 1243 2390 1304 rettulisti?

289 1332 296 1339 '
335 1349 340 1356 ’
434 1328 482 1390 Ο
524 1330 900 1405 praeclaram
913 1321 1101 1387 illam
1143 1327 1671 1401 percursationem
1721 1335 1886 1388 tuam
1935 1343 2149 1387 mense
2192 1313 2390 1402 Aprili

308 1424 494 1491 atque
513 1413 713 1485 Maio,
754 1421 913 1485 tum,
971 1428 1157 1487 quum
1200 1410 1382 1471 etiam
1426 1411 1693 1485 Capuam
1738 1411 2041 1470 coloniam
2085 1411 2392 1492 deducere

309 1506 571 1559 conatus
611 1505 714 1557 est
754 1497 945 1571 Quem
979 1497 1057 1556 ad
1089 1496 1338 1555 modum
1370 1495 1533 1554 illinc
1563 1495 1799 1573 abieris*
1821 1496 1916 1554 vel
1952 1496 2158 1569 potius
2191 1487 2391 1569 paene

308 1600 429 1643 non
489 1581 715 1643 abieris
771 1582 1021 1654 scimus.
1111 1578 1251 1641 101.
1310 1578 1418 1638 Cui
1462 1587 1525 1639 tu
1566 1578 1699 1638 urbi
1745 1578 2060 1638 minitaris.
2148 1578 2392 1639 Utinam

308 1661 563 1739 conere,
609 1674 677 1725 ut
707 1664 1037 1739 aliquando
1084 1663 1233 1724 illud
1271 1680 1468 1739 paene
1507 1663 1778 1723 tollatur!
1829 1665 1908 1722 At
1953 1679 2138 1737 quam
2166 1662 2393 1723 nobilis

309 1763 405 1812 est
445 1760 550 1812 tua
591 1750 692 1809 illa
723 1748 1164 1824 peregrinatio!
1212 1747 1368 1821 Quid
1403 1746 1796 1821 prandIorum
1829 1754 2195 1823 apparatus,
2244 1746 2393 1823 quid

308 1834 604 1894 furiosam
645 1832 1034 1892 vinolentiam
1087 1839 1249 1891 tuam
1296 1832 1648 1905 proferam?
1699 1832 1831 1889 Tua
1871 1830 1990 1891 ista
2031 1831 2396 1892 detrimenta

310 1926 481 1979 sunt:
526 1916 631 1976 illa
659 1923 890 1977 nostra.
945 1920 1177 1991 Agrum
1206 1915 1612 1991 Campanum,
1657 1914 1761 1989 qui
1795 1932 1981 1989 quum
2014 1916 2091 1976 de
2120 1914 2393 1990 vectiga-

310 2000 470 2061 libus
503 1999 911 2074 eximebatur,
939 2008 1007 2060 ut
1034 1998 1323 2061 militibus
1355 2001 1630 2071 daretur,
1662 2009 1866 2060 tamen
1889 1997 2082 2074 infligi
2105 2015 2390 2074 magnum

307 2085 397 2145 rei
451 2084 737 2161 publicae
787 2086 1007 2145 vulnus
1067 2084 1464 2158 putabamuS,
1519 2082 1680 2143 hunc
1731 2091 1797 2143 tu
1846 2082 2395 2158 compransoribus

310 2171 429 2229 tuis
466 2176 526 2230 et
556 2168 966 2229 collusoribus
998 2166 1342 2227 dividebas.
1386 2167 1608 2227 Mimos
1637 2167 1775 2227 dico
1808 2177 1868 2226 et
1896 2168 2141 2240 mimas,
2180 2176 2394 2242 patres

310 2252 675 2327 conscripti,
724 2253 782 2311 in
837 2267 985 2326 agro
1024 2250 1335 2325 Campano
1391 2251 1747 2312 collocatos.
1804 2250 1963 2324 Quid
2003 2249 2123 2310 iam
2170 2267 2398 2326 querar

309 2337 389 2395 de
453 2350 601 2409 agro
660 2333 1001 2394 Leontino?
1072 2334 1362 2407 quoniam
1420 2331 1663 2410 quidem
1708 2333 1824 2393 hae
1890 2335 2203 2409 quondam
2260 2350 2398 2395 ara·

308 2415 511 2474 tiones
554 2417 864 2492 Campana
907 2426 968 2479 et
1010 2416 1311 2477 Leontina
1349 2416 1409 2477 in
1463 2416 1676 2493 populi
1716 2418 1973 2477 Romani
2025 2417 2395 2493 patrimonio

309 2498 701 2571 grandiferae
750 2506 813 2559 et
860 2502 1219 2560 fructuosae
1280 2499 1654 2561 ferebantur.
1784 2500 2028 2563 Medico
2072 2501 2186 2562 tria
2230 2502 2399 2561 milia

309 2582 619 2656 iugerum:
667 2581 846 2658 quid,
887 2582 942 2643 si
982 2592 1042 2644 te
1083 2591 1411 2644 sanasset?
1450 2583 1677 2645 rhetori
1705 2585 1860 2657 duo,
1912 2585 2089 2661 quid,
2133 2586 2187 2646 si
2217 2594 2275 2647 te
2304 2587 2396 2645 di-

310 2676 538 2729 sertum
581 2668 785 2741 facere
827 2667 1174 2741 potuisset?
1215 2666 1342 2727 Sed
1383 2669 1464 2727 ad
1506 2669 1620 2728 iter
1648 2669 2002 2744 Italiamque
2043 2669 2397 2729 redeamus.

308 2750 426 2811 XL.
494 2750 634 2815 102.
675 2750 998 2812 Deduxisti
1042 2751 1346 2812 coloniam
1394 2752 1757 2826 Casilinum,
1816 2769 1938 2827 quo
1982 2752 2211 2813 Caesar
2253 2761 2399 2812 ante

312 2836 704 2896 deduxerat(
741 2835 1118 2896 consuluisti
1147 2853 1243 2896 me
1272 2852 1386 2910 per
1415 2835 1644 2897 litteras
1677 2836 1999 2911 decapua
2026 2837 2091 2896 tu
2123 2835 2401 2911 quidem,

312 2920 425 2978 sed
465 2918 627 2979 idem
670 2920 750 2979 de
780 2920 1045 2980 Casilino
1080 2918 1581 2994 respondissem=
1628 2936 1968 2994 possesne,
2008 2920 2114 2989 ubi
2147 2920 2417 2981 colonia'

310 3010 505 3073 esset,
554 3018 629 3063 eo
671 3005 980 3064 coloniam
1020 3020 1240 3064 novam
1283 3002 1417 3063 iure
1462 3004 1787 3064 deducere.
1874 3003 2106 3079 Negavi
2147 3003 2209 3063 in
2255 3006 2423 3063 eam·

312 3085 645 3160 coloniam,
691 3090 851 3161 quae
891 3096 1061 3148 esset
1090 3088 1412 3162 auspicato
1446 3087 1739 3160 deducta,
1784 3089 1929 3148 dum
1959 3094 2129 3148 esset
2154 3088 2417 3149 incola-¹

310 3167 457 3242 miS,
508 3169 810 3229 coloniam
857 3187 1077 3231 novam
1117 3170 1545 3247 inrededuci=
1612 3172 1869 3231 colonos
1911 3170 2110 3251 novos
2162 3171 2402 3233 ascribi

312 3267 503 3325 posse
526 3251 837 3327 rescripsi.
868 3254 956 3314 Tu
979 3262 1179 3315 autem
1204 3254 1533 3316 insolentia
1553 3256 1748 3316 elatus
1778 3254 1942 3316 omni
1969 3253 2399 3330 auspiciorum

311 3333 446 3393 iure·
484 3334 723 3395 turbato
751 3335 1080 3397 Casilinum
1124 3339 1428 3399 coloniam
1469 3338 1813 3410 deduxisti,
1858 3355 1980 3415 quo
2012 3348 2145 3399 erat
2173 3339 2401 3415 paucis

310 3416 488 3476 annis
514 3426 658 3483 ante
692 3418 988 3491 deducta,
1018 3430 1083 3480 ut
1109 3421 1399 3483 vexillum
1430 3424 1708 3491 tolleres,
1742 3433 1807 3483 ut
1840 3416 2104 3484 aratrum
2134 3423 2401 3483 circum·

314 3500 604 3560 duceres:
682 3500 858 3564 cuius
921 3501 1170 3579 quidem
1244 3523 1494 3567 vomere
1568 3515 1804 3582 portam
1880 3506 2126 3582 Capuae
2188 3522 2405 3581 paene
