2514 3928
147 354 206 412 8⁷
803 345 968 405 CAP.
1005 356 1196 407 1—2.
1243 317 1296 415 sss
1328 357 1516 408 1—-4‚
2075 349 2199 414 385

150 496 294 558 dicio
324 505 487 558 tanto
520 506 764 572 tamque
795 498 1109 571 praeclaro
1135 495 1432 557 excitatus
1461 496 1545 557 ita
1558 498 1866 560 ³Kalendis
1901 502 2196 564 Ianuariis

154 580 280 641 veni
311 581 370 640 in
404 588 712 653 senatum,
744 588 808 641 ut
838 578 1245 639 meminissem
1281 596 1462 654 quam
1493 596 1817 655 personam
1852 583 2197 659 impositam

148 682 182 724 a
224 664 390 724 vobis
432 665 816 725 sustinerem.
885 664 1101 738 Itaque
1139 663 1364 722 bellum
1391 662 1684 723 nefarium
1715 664 1942 726 illatum
1973 670 2060 728 rei
2088 686 2200 744 pu-

149 747 340 808 blicae·
371 763 555 823 quum
600 746 897 819 viderem,
947 748 1172 807 nullam
1217 763 1447 806 moram
1491 745 1994 822 interponendam
2029 750 2198 812 ⁴inse-

150 830 362 907 quendi
412 832 493 893 M.
544 831 869 892 Antonium
925 829 1161 905 putavi,
1227 830 1659 905 hominemque
1709 830 2202 909 audacissimum,

150 914 246 989 qui
286 913 486 975 multis
517 913 763 975 nefariis
793 913 978 975 rebus
1008 920 1147 974 ante
1178 912 1524 974 commissis
1556 914 1676 974 hoc
1705 922 1980 989 tempore
2014 914 2200 991 impe-

145 1006 392 1059 ratorem
435 998 643 1073 populi
668 997 932 1059 Romani
962 1005 1374 1073 oppugnaret,
1406 997 1707 1058 coloniam
1739 1005 2005 1059 vestram
2033 999 2200 1061 fidis·

145 1080 348 1141 simam
406 1081 919 1156 fortissimamque
962 1081 1306 1153 obsideret,
1364 1081 1526 1146 bello
1570 1081 1783 1142 censui
1823 1098 2199 1157 persequen-

145 1165 307 1223 dumz
352 1166 669 1225 tumultum
714 1180 858 1224 esse
893 1162 1171 1225 decerni:
1225 1161 1517 1225 iustitium
1576 1166 1775 1236 edici,
1841 1181 1992 1240 saga
2044 1166 2202 1229 sumi

143 1247 263 1307 dixi
311 1249 582 1322 placere,
632 1264 755 1322 quo
777 1297 786 1306 κ
805 1262 1017 1307 omnes
1048 1245 1249 1306 acrius
1278 1246 1651 1322 graviusque
1677 1246 2098 1310 incumberent
2123 1251 2198 1313 ad

144 1330 525 1391 ulciscendas
566 1331 655 1390 rei
696 1330 976 1405 publicae
1016 1328 1297 1401 iniuriaS,
1349 1330 1402 1389 si
1441 1329 1643 1390 omnia
1685 1330 2032 1404 gravissimi
2062 1332 2196 1393 belli

140 1412 395 1489 insignia
426 1409 719 1489 suscepta
745 1430 781 1472 a
816 1421 1032 1474 senatu
1055 1412 1345 1476 viderent.
1386 1412 1447 1473 3.
1475 1414 1687 1490 ltaque
1709 1413 1862 1473 haec
1889 1414 2203 1487 sententia,

59 1566 63 1570 ,
137 1496 424 1571 QuiriteS,
475 1497 566 1557 sic
607 1513 720 1572 per
766 1496 1022 1557 triduum
1062 1495 1285 1569 valuit,
1336 1505 1431 1569 ut,
1488 1512 1855 1572 quamquam
1900 1498 2201 1558 discessio

136 1583 292 1642 sacta
321 1597 446 1642 non
480 1590 675 1661 esset,
708 1588 907 1640 tamen
938 1588 1182 1655 praeter
1217 1596 1452 1653 paucos
1478 1596 1692 1640 omnes
1716 1578 1859 1639 mihi
1882 1580 2203 1641 adsensuri

133 1666 508 1728 viderentur.
562 1668 878 1729 Hodierno
910 1674 1114 1728 autem
1148 1666 1248 1726 die
1274 1681 1391 1743 spe
1421 1665 1636 1728 nescio
1669 1682 1790 1741 qua
1829 1668 1921 1726 eis
1954 1663 2196 1725 obiecta

130 1749 449 1812 remissior
477 1760 730 1813 senatus
770 1750 899 1813 suit.
989 1753 1137 1810 Nam
1177 1752 1390 1827 plures
1429 1765 1562 1809 eam
1599 1748 1965 1810 sententiam
1999 1746 2194 1808 secuti

129 1841 303 1907 sunt,
345 1843 414 1896 ut
454 1844 745 1911 quantum
789 1843 1043 1896 senatus
1086 1834 1420 1895 auctoritas
1467 1840 1801 1907 vesterque
1847 1847 2192 1894 cousensus

127 1918 298 1993 apud
324 1918 658 1981 Antonium
686 1919 985 1981 valiturus
1015 1928 1184 1980 esset
1211 1934 1325 1994 per
1352 1921 1592 1996 legatos
1625 1916 2066 1993 experiremur.

254 2002 329 2063 11.
372 2003 683 2080 Intelligo,
730 2003 1022 2079 Quirites,
1079 2020 1115 2063 a
1167 2002 1346 2063 vobis
1393 2003 1552 2062 hanc
1602 2000 1969 2062 sententiam
2016 2015 2176 2076 repu·

126 2086 318 2147 diari:
353 2101 559 2161 neque
584 2085 817 2147 iniuria.
869 2087 968 2146 Ad
998 2103 1181 2161 quem
1212 2085 1371 2146 enim
1401 2086 1676 2162 legatos?
1709 2085 1790 2144 ad
1820 2098 2058 2155 eumne,
2091 2079 2191 2157 qui

124 2170 401 2247 pecunia
442 2169 690 2245 publica
734 2169 1032 2245 dissipata
1081 2177 1273 2244 atque
1313 2171 1513 2232 effusa
1557 2185 1673 2245 per
1713 2168 1837 2229 vim
1873 2175 1934 2229 ct
1978 2168 2191 2229 contra

124 2252 413 2329 auspicia
464 2252 767 2328 impositis
820 2253 909 2313 rei
962 2252 1248 2329 publicae
1294 2254 1561 2330 legibus,
1622 2255 1830 2329 rugata
1884 2250 2191 2322 contione,

117 2338 393 2399 obsesso
437 2343 686 2411 senatu,
728 2338 806 2396 ad
847 2338 1308 2413 opprimendam
1354 2356 1483 2400 rem
1531 2334 1834 2416 publicam
1868 2340 2194 2402 Brundisio

110 2419 404 2495 legiones
446 2419 825 2487 arcessierit=
869 2422 947 2482 ab
997 2419 1073 2482 iis
1099 2421 1381 2496 relictuS,
1424 2440 1561 2484 cum
1592 2425 1890 2485 latronum
1925 2441 2104 2484 manu
2135 2423 2194 2483 in

110 2503 380 2564 Galliam
416 2503 729 2579 irruperit,
756 2505 1005 2565 Brutum
1032 2514 1367 2582 oppugnet,
1399 2507 1690 2568 Mutinam
1714 2506 2198 2567 circumsedeatv

108 2588 294 2662 Quae
338 2588 515 2649 vobis
564 2594 769 2663 potest
816 2605 953 2648 cum
993 2589 1111 2649 hoc
1156 2589 1492 2664 gladiatore
1533 2589 1944 2662 condicioniS,
1988 2588 2197 2664 aequi·

105 2669 297 2744 tatiS,
330 2671 651 2746 legationis
681 2687 824 2732 esse
853 2672 1303 2734 communitas?
1369 2670 1431 2733 4.
1469 2673 1878 2748 Quamquam,
1917 2671 2196 2745 QuiriteS,

104 2769 244 2814 non
282 2762 378 2814 est
405 2754 507 2814 illa
541 2754 791 2829 legatio,
826 2757 939 2817 sed
971 2755 1353 2818 denuntiatio
1392 2757 1561 2828 belli,
1598 2755 1713 2816 nisi
1747 2754 2030 2830 paruerit.
2106 2755 2196 2817 lta

100 2836 285 2900 enim
329 2844 425 2897 est
464 2839 806 2911 decretum,
853 2845 919 2899 ut
964 2838 1016 2900 si
1042 2839 1224 2914 legati
1257 2841 1335 2899 ad
1371 2839 1768 2901 Hannibalem
1787 2839 2193 2900 mitterentur.

97 2919 437 2982 Mittuntur
481 2920 641 2980 enim
695 2920 800 2998 qui
848 2921 1150 2992 nuntient,
1205 2937 1284 2982 ne
1331 2931 1645 2998 oppugnet
1685 2924 2000 2984 consulem
2033 2923 2194 2984 desi-

98 3011 404 3078 gnatum,
451 3020 529 3063 ne
557 3003 848 3066 Mutinam
897 3004 1202 3078 obsideat,
1249 3021 1329 3066 ne
1359 3007 1735 3082 provinciam
1770 3008 2196 3084 depopuletur,

97 3103 192 3148 ne
240 3087 501 3149 dilectus
537 3087 788 3162 habeat,
838 3088 916 3149 sit
960 3087 1019 3148 in
1065 3093 1316 3149 senatus
1361 3089 1701 3165 populique
1729 3090 1988 3150 Romani
2021 3099 2194 3165 pote-

97 3175 301 3232 state.
371 3169 575 3231 Facile
614 3187 764 3237 vero
805 3171 946 3232 huic
985 3171 1431 3234 denuntiationi
1462 3172 1726 3247 parebit,
1775 3175 1927 3234 utin
1958 3183 2197 3248 patrum

93 3251 614 3329 conscriptorum
662 3263 848 3330 atque
886 3255 945 3314 in
974 3263 1177 3316 vestra
1207 3264 1512 3330 potestate
1543 3255 1622 3316 sit
1651 3255 1756 3330 qui
1787 3256 1847 3335 in
1881 3273 1995 3316 sua
2023 3271 2193 3317 num·

95 3352 309 3413 quam
338 3336 546 3397 suerit!
591 3336 746 3411 Quid
776 3336 934 3398 enim
961 3336 1063 3397 ille
1091 3355 1381 3412 umquam
1413 3339 1660 3399 arbitrio
1690 3354 1804 3398 suo
1836 3335 2010 3398 fecit?
2029 3335 2204 3396 Sem--

91 3435 225 3497 per
251 3436 333 3481 eo
358 3428 589 3482 tractus
615 3427 738 3494 est,
779 3437 902 3496 quo
928 3422 1115 3483 libido
1139 3423 1362 3499 rapuit,
1384 3439 1507 3498 quo
1551 3419 1800 3492 levitas,
1849 3437 1975 3495 quo
2007 3420 2199 3492 furor,

92 3519 242 3580 quo
269 3501 645 3565 vinolentia?
674 3503 932 3579 Semper
952 3520 1092 3566 eum
1118 3504 1240 3567 duo
1267 3503 1585 3565 dissimilia
1603 3518 1831 3576 genera
1852 3506 2193 3569 tenuerunt,

89 3588 415 3650 lenonum
442 3593 502 3647 et
526 3589 855 3650 latronumx
883 3586 967 3648 ita
998 3587 1350 3648 domesticis
1389 3584 1650 3660 stupris,
1681 3583 2029 3723 iggensibus
2055 3596 2198 3655 par-

187 3686 317 3729 c1c.
344 3670 416 3729 ΙΙ.
450 3678 504 3732 3.
