2514 3928
206 328 243 380 3
873 311 1040 371 CAP.
1070 317 1267 372 2—4.
1310 315 1362 377 S.
1393 317 1587 372 2-7.
2166 302 2285 368 lOl

208 476 271 528 et
311 463 640 527 durissima
683 462 1136 540 conqulsitione
1179 463 1474 523 collectus
1512 461 1709 523 omnis
1738 460 1980 522 interiit.
2068 461 2293 536 Magno

206 551 328 611 hoc
359 549 501 609 dico
539 564 675 609 cum
707 549 940 609 dolore.
986 548 1086 606 111.
1115 547 1529 608 Miserandum
1560 548 1618 605 in
1652 548 1901 606 modum
1933 543 2150 605 milites
2186 561 2294 619 po-

209 635 335 710 puli
382 632 638 700 Romani
679 631 872 708 capti,
912 629 1145 706 necati,
1187 630 1454 703 deserti,
1500 629 1781 706 dissipati
1826 638 1997 702 sunt,
2029 629 2296 694 incuria,

209 721 390 791 fame,
414 716 646 789 morbo,
672 715 963 777 vastitate
983 715 1331 789 consumpti
1347 760 1362 788 ‚
1387 723 1470 786 ut,
1489 713 2292 788 quodestindignissimum.

211 801 421 859 scelus
446 797 837 875 imperatoris
859 798 920 860 in
947 814 1217 877 poenam
1241 796 1554 858 exercitus
1578 795 1890 870 expiatum
1912 810 2055 855 esse
2072 795 2170 853 vid
2180 812 2281 854 ea-

210 889 328 944 tur.
390 885 599 959 Atque
620 883 779 945 hanc
803 884 1251 955 Macedoniam,
1286 880 1534 942 domitis
1559 879 1679 938 iam
1700 879 1988 953 gentibus
2012 878 2283 939 finitimis

208 966 619 1042 barbariaque
639 984 1020 1044 compressa,
1048 975 1329 1045 pacatam
1352 969 1552 1042 ipsam
1574 979 1691 1040 per
1706 978 1779 1024 se
1803 970 1866 1022 et
1887 962 2175 1039 quietam,
2198 971 2286 1023 te-

209 1049 316 1110 nui
339 1049 654 1125 praesidio
684 1058 871 1125 atque
901 1051 1126 1126 exigua
1156 1067 1358 1124 manu,
1388 1049 1568 1111 etiarn
1602 1048 1735 1110 sine
1765 1047 2040 1122 imperio,
2073 1064 2184 1124 per
2215 1048 2298 1106 le-
2359 1068 2362 1069 ⁷
2447 1054 2460 1059 ·

212 1142 409 1208 gatos,
438 1132 686 1194 nomine
710 1133 850 1208 ipso
874 1134 1087 1210 populi
1107 1134 1367 1195 Romani
1390 1134 1737 1194 tuebamur=
1772 1148 1932 1207 quae
1961 1148 2122 1192 nunc
2150 1147 2297 1192 con-

209 1217 396 1277 sulari
428 1215 686 1293 imperio
719 1225 906 1291 atque
934 1216 1210 1278 exercitu
1250 1217 1334 1277 ita
1364 1227 1587 1278 vexata
1615 1224 1727 1290 est,
1771 1216 1874 1276 vix
1903 1224 1970 1277 ut
1998 1233 2068 1276 se
2101 1216 2298 1290 possit

210 1299 495 1359 diuturna
530 1314 689 1373 pace
723 1314 1034 1359 recreare:
1068 1317 1253 1373 quum
1289 1300 1520 1360 interea
1557 1300 1694 1374 quis
1734 1309 2005 1361 vestrum
2029 1301 2147 1360 hoc
2174 1315 2296 1358 non
2341 1306 2358 1353 ἴ
2411 1302 2440 1382 j

211 1381 474 1454 audivit,
524 1380 665 1454 quis
709 1380 952 1455 ignorat
979 1381 1268 1442 Achaeos
1315 1383 1621 1456 ingentem
1664 1383 1987 1456 pecuniam
2018 1383 2299 1459 pendere

215 1465 282 1521 L.
309 1461 519 1524 Pisoni
551 1463 912 1538 quotanniS,
953 1463 1220 1538 vectigal
1254 1479 1328 1523 ac
1370 1463 1710 1537 portorium
1738 1466 2300 1541 Dyrrhachinorum
2386 1541 2393 1554 ι

214 1553 406 1606 totum
437 1545 496 1605 in
527 1545 711 1607 huius
740 1545 923 1608 unius
969 1554 1293 1623 quaestum
1324 1563 1468 1607 esse
1494 1562 1891 1619 conversum,
1924 1550 2139 1609 urbem
2174 1550 2299 1626 By·

216 1628 553 1690 zantiorum
597 1629 780 1691 vobis
822 1637 1007 1707 atque
1047 1631 1189 1690 huie
1241 1629 1502 1706 imperio
1545 1630 1965 1690 fidelissimam
2017 1632 2298 1693 hostilem

216 1712 276 1773 in
311 1715 556 1774 modum
595 1730 739 1776 esse
768 1721 1097 1777 vexatam?
1141 1731 1265 1790 quo
1295 1714 1414 1787 ille,
1451 1724 1670 1791 postea
1703 1731 1886 1790 quam
1918 1715 2065 1776 nihil
2096 1716 2294 1791 expri-

214 1813 380 1859 mere
412 1799 489 1859 ab
520 1798 870 1875 egentibus,
913 1798 1062 1859 nihil
1103 1801 1228 1859 ulla
1255 1797 1319 1857 vi
1346 1817 1385 1859 a
1413 1797 1654 1858 miseris
1686 1807 2053 1875 extorquere
2088 1800 2301 1874 potuit,

213 1882 501 1944 cohortes
542 1882 604 1942 in
644 1882 900 1944 hiberna
940 1882 1130 1944 misit=
1173 1883 1248 1943 iis
1289 1882 1654 1959 praeposuit
1690 1901 1850 1959 quos
1899 1884 2133 1958 putavit
2168 1885 2302 1945 fore

213 1967 718 2043 diligentissimos
770 1967 1064 2029 satellites
1121 1969 1424 2029 scelerum
1450 2013 1466 2041 ,
1534 1967 1846 2031 ministros
1899 1970 2299 2046 cupiditatum

214 2068 482 2112 suarum.
569 2052 629 2114 6.
658 2050 878 2113 Omitto
921 2051 1075 2113 iuris
1109 2051 1437 2114 dictionem
1484 2051 1543 2112 in
1577 2052 1769 2113 libera
1812 2052 2055 2115 civitate
2087 2063 2300 2114 contra

218 2137 387 2210 leges
422 2144 803 2211 senatusque
835 2138 1145 2207 consulta,
1191 2138 1419 2197 caedes
1446 2135 1763 2211 relinque,
1793 2138 2078 2198 libidines
2121 2153 2298 2212 prae-

216 2228 418 2280 tereoz
460 2236 716 2296 quarum
746 2219 1208 2281 acerbissimum
1252 2228 1456 2283 exstat
1482 2220 1771 2281 indicium
1801 2229 1862 2281 et
1889 2222 1968 2281 ad
1997 2221 2301 2296 insignem

214 2302 564 2364 memoriam
612 2303 1004 2379 turpitudinis
1055 2312 1116 2366 et
1167 2321 1368 2380 paene
1419 2306 1500 2365 ad
1544 2307 1768 2367 iustum
1811 2304 2018 2367 odium
2060 2303 2301 2382 imperii

215 2388 444 2461 nostri,
499 2388 668 2463 quod
713 2396 954 2450 constat
980 2387 1397 2450 nobilissimas
1444 2388 1713 2465 virgines
1747 2406 1817 2451 se
1847 2390 1904 2449 in
1938 2399 2159 2466 puteos
2192 2389 2299 2448 ab·

217 2469 442 2531 iecisse
471 2480 532 2534 et
556 2479 750 2533 morte
790 2472 1134 2534 voluntaria
1172 2473 1593 2535 necessariam
1631 2475 2066 2550 turpitudinem
2101 2475 2298 2548 depu-

217 2542 384 2616 lisse.
468 2556 596 2617 Nec
624 2557 778 2617 haec
808 2556 1039 2618 idcirco
1089 2558 1333 2631 omitt0,
1378 2559 1548 2634 quod
1590 2576 1714 2620 non
1756 2557 2121 2634 gravissima
2159 2557 2299 2628 sint,

216 2638 330 2699 sed
366 2638 510 2713 quia
537 2656 700 2700 nunc
729 2640 864 2701 sine
896 2649 1055 2702 teste
1086 2640 1244 2703 dico.
1288 2604 1392 2701 I'V.
1419 2644 1622 2717 Ipsam
1646 2658 1793 2701 vero
1826 2641 2035 2700 urbem
2057 2641 2300 2719 By'zan-

218 2721 436 2783 tiorum
481 2723 675 2785 fuisse
707 2723 1166 2785 refertissimam
1205 2732 1392 2798 atque
1436 2724 1887 2786 ornafissimam
1935 2723 2130 2798 signis
2160 2724 2301 2800 quis

217 2804 455 2880 ignorat
467 2813 498 2865 v
526 2823 688 2883 quae
710 2806 796 2867 illi
811 2806 1092 2869 exhausti
1109 2807 1454 2881 sumptibus
1471 2808 1776 2882 bellisque
1790 2807 2088 2878 maximis,
2109 2825 2296 2883 quum

221 2911 437 2956 omnes
460 2893 906 2956 Mithridaticos
932 2893 1202 2969 impetus
1236 2896 1556 2962 totumque
1576 2887 1837 2946 Pontum
1872 2895 2167 2949 armatum
2198 2887 2296 2958 el'-,

220 2981 670 3040 fervescentem
702 2977 764 3038 in
788 2977 1007 3039 Asiam
1027 2984 1218 3051 atque
1251 2978 1673 3048 erumpentem
1700 2986 1839 3043 ore,
1872 2978 2186 3050 repulsum
2224 2979 2289 3034 et

220 3062 566 3125 cervicibus
587 3061 987 3123 interclusum
999 3061 1131 3123 suis
1144 3059 1539 3128 sustinerent,
1560 3063 1707 3130 tum,
1723 3055 1990 3132 inquam,
2003 3055 2293 3136 Byzantii

218 3155 278 3207 et
312 3154 534 3223 postea
567 3145 744 3221 signa
784 3146 887 3226 illa
929 3153 990 3205 et
1031 3144 1269 3220 reliqua
1312 3143 1479 3204 urbis
1514 3152 1867 3204 ornamenta
1911 3140 2301 3203 sanctissime

220 3230 528 3293 custodita
554 3238 907 3293 tenuerunt·
948 3226 1006 3291 7.
1049 3233 1108 3289 ¹te
1139 3230 1507 3302 imperatore
1534 3226 1957 3288 infelicissimo
1990 3233 2051 3285 et
2083 3232 2303 3284 taeter-

217 3312 409 3389 rimo,
444 3313 796 3375 Caesonine
829 3311 1134 3387 Calventi,
1175 3311 1391 3373 civitas
1433 3310 1625 3372 libera
1654 3320 1715 3371 et
1747 3326 1862 3385 pro
1898 3308 2138 3369 eximiis
2170 3305 2300 3364 suis

218 3397 543 3459 beneficiis
571 3415 608 3458 a
650 3406 870 3458 senatu
899 3405 960 3458 et
989 3414 1028 3456 a
1043 3396 1292 3493 populo
1319 3397 1593 3457 Romano
1627 3394 1881 3454 liberata
1916 3392 2007 3451 sic
2039 3387 2303 3463 spoliata

224 3489 410 3556 atque
437 3480 664 3543 nudata
693 3489 818 3555 est,
859 3487 953 3554 ut,
999 3479 1117 3540 nisi
1148 3479 1211 3539 C.
1241 3477 1551 3554 Vergilius
1601 3480 1871 3550 legatuS,
1901 3476 1999 3534 vir
2039 3470 2211 3532 fortis
2239 3476 2301 3527 et

225 3563 557 3640 innocens,
599 3564 1060 3637 intervenisset,
1105 3579 1293 3622 unum
1336 3562 1576 3636 signum
1608 3555 1887 3633 Byzantii
1930 3569 2007 3609 ex
2038 3548 2301 3605 maximo

2456 2858 2514 3016 “stit
2458 2304 2514 2798 imum-neira
2462 2145 2514 2240 nt
2464 1666 2514 2082 ulmum..
2445 1388 2514 1607 ..κῃ
