2514 3928
333 219 461 281 264
503 217 648 278 PRO
670 219 738 278 Τ.
761 217 938 276 ΑΝΝ.
971 215 1264 276 MILONE
1289 214 1512 275 ORAT.
1557 215 1621 275 c.
1642 224 1882 278 37-38.
1913 223 1965 282 s.
1999 227 2311 278 loa—ros.
2347 228 2437 277 40

336 377 531 427 morte
563 365 1092 442 acquierunt=quo
1120 366 1530 441 deprecante?
1554 382 1670 424 me.
1762 365 1903 428 103.
1942 365 2257 439 Quodnam
2292 382 2431 442 ego

337 448 596 524 concepi
626 457 857 511 tantum
886 452 1090 510 scelus
1121 459 1224 509 aut
1253 449 1420 524 quod
1451 449 1512 508 in
1540 465 1638 509 me
1660 457 1887 510 tantum
1912 447 2147 509 facinus
2169 449 2431 524 admisi,

337 532 591 605 iudices,
624 550 808 606 quum
840 533 939 593 illa
978 531 1199 592 indicia
1228 531 1566 592 communis
1597 531 1763 591 exitii
1787 530 2091 608 indagavi,
2125 531 2428 607 patefeci,

337 615 577 691 protuli,
609 614 918 675 exstinxi?
958 613 1229 675 Omnes
1212 631 1274 675 ln
1308 631 1405 675 me
1434 630 1733 690 meosque
1763 615 2108 677 redundant
2135 632 2210 675 ex
2238 616 2431 676 sonte

335 699 437 760 illo
468 699 736 759 dolores.
824 697 980 773 Quid
1010 715 1106 759 me
1138 698 1431 759 reducem
1465 714 1609 759 esse
1636 697 1963 759 voluistis?
1995 714 2072 757 an
2106 706 2172 759 ut
2200 696 2427 774 inspe-

336 790 533 843 ctante
563 797 659 841 me
687 769 1179 857 expellerentur
1163 782 1225 855 ιί,
1253 798 1365 855 per
1389 798 1548 856 quos
1571 796 1775 842 essem
1803 780 2116 842 restitutus
2135 788 2165 840 ’δ
2188 780 2427 852 Nolite,

338 865 597 926 obsecro
631 881 775 938 voS,
807 864 1182 926 acerbiorem
1209 863 1354 923 mihi
1382 864 1505 940 pati
1532 862 1791 925 reditum
1820 880 1983 938 esse,
2015 881 2195 939 quam
2228 864 2428 925 suerit

335 948 435 1008 ille
474 946 611 1023 ipse
647 947 983 1009 discessus.
1071 948 1221 1007 Nam
1263 944 1369 1022 qui
1415 964 1668 1022 possum
1695 957 1910 1022 putare
1941 963 2036 1007 me
2066 948 2429 1008 restitutum

335 1046 496 1101 esse,
532 1029 585 1090 si
615 1030 918 1092 distrahar
946 1030 1024 1090 ab
1057 1029 1153 1099 iis,
1186 1046 1298 1105 per
1330 1047 1488 1105 quos
1516 1031 1831 1091 restitutus
1862 1036 2040 1090 sum?

459 1114 778 1172 XXXVIII.
823 1113 1062 1173 Utinam
1110 1113 1172 1173 di
1212 1111 1584 1174 immortales
1629 1113 1923 1174 fecissent
1960 1148 2049 1159 —-
2090 1127 2242 1188 pace
2287 1122 2421 1186 tua,

335 1196 557 1270 patria,
589 1196 873 1256 dixerim=
915 1206 1119 1258 metuo
1167 1197 1326 1257 enim
1359 1213 1437 1257 ne
1474 1198 1772 1257 scelerate
1803 1195 2001 1256 dicam
2027 1195 2090 1255 in
2130 1203 2190 1255 te
2236 1197 2421 1271 quod

339 1294 448 1354 pro
476 1277 705 1338 Milone
734 1277 931 1339 dicam
974 1281 1074 1355 pie
1118 1315 1190 1324 —
1235 1278 1465 1341 utinam
1495 1280 1558 1338 P..
1595 1278 1843 1340 Clodius
1873 1296 1993 1340 non
2024 1278 2206 1339 modo
2236 1279 2420 1339 vive-

335 1370 453 1435 ret,
490 1362 602 1422 sed
644 1360 823 1422 etiam
853 1371 1127 1438 praetor,
1172 1365 1422 1438 consul,
1464 1362 1724 1424 dictator
1768 1370 1935 1424 esset
1976 1361 2185 1438 potius
2221 1379 2420 1438 quam

338 1446 453 1506 hoc
483 1448 900 1521 spectaculum
931 1446 1237 1508 viderem!
1287 1445 1425 1507 104.
1466 1445 1512 1506 Ο
1543 1445 1605 1506 di
1642 1447 2040 1507 immortales-t
2087 1447 2305 1506 fortem
2352 1453 2417 1508 et

338 1545 374 1589 a
407 1527 615 1602 vobis,
648 1528 913 1601 iudices,
945 1532 1435 1592 conservandum
1466 1528 1692 1589 virum!
1720 1529 1995 1604 Minime,
2025 1528 2287 1603 minime,
2319 1529 2417 1589 in-

339 1611 483 1686 quit.
570 1613 756 1673 Immo
789 1629 934 1674 vero
962 1629 1196 1688 poenas
1227 1612 1327 1674 ille
1360 1611 1599 1674 debitas
1642 1612 1844 1674 luerita
1896 1630 2010 1673 nos
2051 1612 2412 1686 subeamuS,

338 1696 387 1756 si
418 1696 499 1756 ita
528 1711 789 1756 necesse
818 1705 931 1767 est,
958 1714 1080 1756 non
1109 1694 1370 1756 debitas.
1458 1695 1672 1756 Hicine
1714 1697 1805 1755 vir
1833 1695 2063 1772 patriae
2091 1703 2270 1757 natus
2301 1714 2413 1756 us-

341 1795 518 1852 quam
551 1777 668 1837 nisi
698 1778 757 1837 in
792 1779 985 1853 patria
1019 1780 1323 1853 morietur,
1354 1787 1474 1852 aut,
1518 1778 1572 1840 si
1610 1781 1780 1850 sorte,
1819 1796 1928 1854 pro
1962 1779 2194 1854 patria?
2221 1780 2412 1840 huius

342 1875 455 1920 vos
502 1859 684 1918 animi
729 1870 1115 1921 monumenta
1155 1860 1522 1933 retinebitiS,
1564 1861 1843 1938 corporis
1883 1864 1941 1922 in
1971 1862 2140 1924 ltalia
2171 1864 2409 1923 nullum

232 2003 240 2012 ,
340 1942 684 2017 sepulcrum
716 1959 860 2004 esse
891 1943 1241 2021 patiemini?
1283 1945 1445 2007 hunc
1492 1961 1607 2007 sua
1639 1947 1965 2024 quisquam
1992 1945 2294 2007 sententia
2327 1964 2409 2007 ex

337 2027 452 2087 hac
481 2027 631 2086 urbe
670 2028 962 2102 expellet,
1009 2046 1189 2104 quem
1237 2047 1452 2092 omnes
1482 2029 1666 2091 urbes
1697 2034 2021 2105 expulsum
2049 2047 2086 2090 a
2115 2029 2294 2091 vobis
2326 2032 2407 2090 ad

335 2125 407 2169 se
436 2110 783 2171 vocabunt?
823 2109 962 2173 105.
998 2111 1044 2172 Ο
1077 2113 1487 2174 terramillam
1516 2114 1786 2185 beatam,
1821 2131 1979 2189 quae
2013 2114 2174 2174 hunc
2205 2112 2407 2173 virum

335 2192 677 2268 exceperim
721 2194 878 2253 hanc
907 2196 1227 2271 ingratam,
1261 2196 1315 2257 si
1346 2196 1620 2258 eiecerit=
1668 2196 1979 2269 miseram,
2018 2196 2072 2257 si
2099 2196 2405 2257 amiserit!

336 2274 458 2335 Sed
516 2276 654 2335 finis
700 2276 806 2338 sit=
842 2294 1044 2354 neque
1086 2279 1245 2341 enim
1289 2297 1435 2356 prae
1477 2280 1740 2340 lacrimis
1769 2281 1884 2340 iam
1930 2280 2097 2355 loqui
2116 2296 2408 2354 possum,

334 2367 395 2418 et
422 2356 520 2417 hic
550 2374 621 2419 se
652 2359 914 2421 lacrimis
951 2362 1195 2422 defendi
1226 2370 1406 2424 vetat.
1493 2366 1625 2424 Vos
1658 2380 1767 2423 oro
1803 2363 2217 2439 obtestorque,
2248 2363 2408 2424 iudi-

334 2457 472 2512 σεε,
525 2448 592 2501 ιιι
648 2439 707 2500 in
745 2444 1062 2506 sententfis
1109 2446 1394 2516 serendis,
1437 2447 1603 2519 quod
1636 2445 1941 2518 sentietiS,
1995 2445 2059 2507 id
2099 2445 2407 2507 audeatis.

334 2526 620 2586 Vestram
645 2525 959 2601 virtutem,
1001 2527 1317 2601 iustitiam,
1349 2529 1566 2602 fidem,
1599 2528 1744 2590 mihi
1774 2528 2022 2603 credite,
2052 2527 2107 2590 is
2138 2528 2409 2591 maximo

334 2608 651 2683 probabit,
696 2610 799 2685 qui
839 2609 899 2671 in
950 2610 1255 2674 iudicibus
1304 2611 1582 2688 legendis
1608 2611 1900 2688 optimum
1932 2620 1994 2673 et
2019 2611 2407 2689 sapientissi-

322 2708 494 2752 mum
527 2706 587 2753 et
618 2692 1013 2755 fortissimum
1045 2712 1351 2773 quemque
1385 2696 1588 2772 elegit.

1173 3034 1572 3048 tom-Q
