2514 3928
259 175 326 230 η
413 158 424 166 “
868 168 1034 230 GAP'.
1062 177 1327 233 33-36.
1359 176 1411 236 s.
1441 179 1692 232 ss—ee.
1729 204 1730 207 κ
2204 172 2340 236 169

257 334 481 394 genere
505 318 702 381 morbi
725 319 1163 394 adfligerentur
1190 322 1404 395 neque
1422 336 1491 382 se
1517 335 1799 382 recreare
1836 322 2159 399 quisquam
2181 340 2329 400 pos-

257 412 398 477 set,
404 404 527 478 qui
552 405 749 464 semel
782 401 1119 476 incidisset,
1151 403 1464 465 dubitabat
1495 420 1674 466 nemo
1708 404 1852 480 quin
1884 405 2088 468 violati
2118 407 2336 483 hospi·

257 495 382 560 ωε,
430 485 613 561 legati
642 485 873 561 necati,
916 479 1115 561 pacati
1157 495 1346 563 atque
1392 488 1544 550 secli
1586 486 1818 550 nefario
1847 489 2008 551 bello
2039 491 2336 567 lacessiti,

255 572 399 630 fana
440 577 662 630 vexata
701 569 858 630 hanc
896 577 1122 632 tantam
1176 572 1494 632 efficerent
1530 571 1896 634 vastitatem.
1992 574 2340 650 cognoscis

266 668 347 712 ex
381 652 679 726 particula
704 670 901 731 parva
935 657 1239 716 scelerum
1272 661 1333 714 et
1362 652 1738 715 crudelitatis
1782 662 1924 716 tuae
1953 673 2152 732 genus
2184 659 2315 720 uni·

265 736 535 796 versum.

382 815 484 881 86.
516 817 668 894 Quid
698 817 1006 893 avaritiae,
1037 837 1194 895 quae
1218 818 1570 881 criminibus
1600 818 1856 910 infinitis
1880 818 2187 895 implicata
2215 831 2336 896 est,

259 914 550 967 summam
596 918 761 965 nunc
801 903 1145 979 explicem?
1187 901 1530 966 Generatim
1556 919 1661 978 ea,
1701 919 1861 979 quae
1892 902 2158 964 maxime
2185 913 2331 966 nota

252 994 421 1059 sunt,
453 986 669 1048 dicam.
759 987 978 1048 Nonne
1008 989 1356 1049 sestertium
1385 985 1659 1049 centiens
1688 996 1749 1049 et
1774 986 2123 1063 octogiens,
2161 989 2332 1064 quod

252 1069 431 1145 quasi
471 1070 696 1130 vasarii
738 1070 984 1132 nomine
1027 1071 1089 1129 in
1138 1071 1488 1133 venditione
1526 1069 1646 1131 mei
1675 1070 1891 1147 capitis
1922 1070 2338 1147 ascripseras,

251 1168 331 1213 ex
378 1152 615 1214 aerario
667 1152 776 1214 tibi
829 1151 1174 1214 attributum
1201 1198 1217 1225 ,
1267 1156 1501 1214 Romae
1549 1152 1611 1213 in
1671 1164 1932 1230 quaestu
1981 1155 2338 1232 reliquisti?

248 1235 498 1309 Nonne,
532 1251 724 1309 quum
755 1250 822 1294 cc
852 1237 1076 1295 talenta
1120 1234 1226 1295 tibi
1253 1235 1698 1310 ‚Apolloniatae
1725 1238 1961 1298 Romae
1991 1239 2336 1315 dedissent,

249 1334 334 1377 ne
359 1316 660 1392 pecunias
695 1315 959 1378 creditas
999 1317 1335 1390 solverent,
1369 1317 1874 1390 ultroFufidium,
1911 1320 2180 1394 equitem
2205 1325 2327 1384 Ro·
2355 1326 2358 1329 ’

252 1415 518 1471 manum,
547 1412 854 1460 nominem
889 1397 1373 1473 ornatissimum,
1409 1399 1769 1460 creditorem
1800 1401 2178 1464 debitoribus
2197 1404 2337 1465 suis

253 1479 590 1544 addixisti?
625 1483 870 1555 Nonne,
929 1482 1184 1543 hiberna
1245 1499 1430 1560 quum
1489 1484 1692 1559 legato
1740 1485 2177 1560 praefectoque
2225 1495 2338 1547 tuo

254 1563 650 1642 tradidisses,
692 1563 965 1638 evertisti
1005 1565 1264 1628 miser-as
1320 1566 1591 1628 funditus
1637 1565 1935 1640 civitates,
2002 1584 2162 1643 quae
2206 1586 2336 1630 non

253 1649 454 1710 solum
495 1648 676 1710 bonis
715 1649 1262 1724 sunt‘exhaustae‚
1318 1652 1432 1712 sed
1471 1650 1654 1712 etiam
1697 1650 1963 1712 nefarias
2013 1650 2338 1715 libidinum

252 1733 652 1795 contumelias
698 1732 1232 1810 turpitudinesque
1274 1733 1634 1796 subierunt?
1678 1732 1791 1808 Qui
1827 1735 2049 1796 modus
2076 1735 2184 1798 tibi
2213 1736 2332 1798 fuit

250 1814 535 1878 frumenti
565 1815 961 1893 aestimandi,
1005 1817 1110 1893 qui
1140 1818 1504 1881 honorarii?
1546 1817 1601 1879 si
1649 1817 1897 1895 quidem
1929 1829 2136 1895 potest
2167 1820 2228 1880 vi
2269 1829 2328 1886 et

249 1907 414 1961 metu
440 1907 739 1962 extortum
768 1901 1160 1964 honorarium
1190 1902 1512 1966 nominari.
1586 1903 1763 1977 Quod
1798 1918 1983 1979 quum
2015 1920 2352 1981 peraeque¹

138 2016 155 2026 ·
250 1998 468 2045 omnes
514 1991 640 2045 tum
678 1985 1078 2047 acerbissime
1107 1985 1347 2049 Boeotii
1385 1994 1449 2048 et
1482 1987 1783 2062 Byzantii,
1819 1992 2237 2055 Cherronesus
2262 1999 2334 2055 et

255 2066 689 2130 Thessalonica
743 2069 956 2130 sensit.
1055 2070 1229 2132 Unus
1270 2068 1693 2142 tu·dominu3‚
1745 2085 1911 2131 unus
1956 2070 2334 2144 aestimator,

249 2166 412 2212 unus
441 2147 727 2213 venditor
745 2159 870 2213 tota
893 2151 950 2212 in
979 2149 1295 2229 provincia
1329 2169 1443 2229 per
1468 2152 1790 2215 triennium
1809 2152 2105 2214 ‘frumenti
2129 2152 2334 2215 omnis

250 2232 437 2295 fuisti.
523 2233 791 2295 xxxvl.
820 2234 926 2300 87.
957 2236 1121 2311 Quid·
1142 2252 1259 2313 ego
1288 2253 1490 2298 rerum
1530 2236 1876 2312 capitalium
1907 2236 2332 2311 quaestiones,

246 2331 491 2378 reorum
518 2317 872 2393 pactiones,
907 2320 1381 2396 redemptiones,
1417 2320 1849 2383 acerbissimas
1882 2320 2332 2393 damnationes,

247 2398 786 2463 libidinosissimas
810 2401 1228 2465 liberationes
1277 2406 1626 2479 proferam?
1670 2402 1925 2465 Tantum
1971 2405 2175 2466 locum
2220 2404 2328 2463 ali-

250 2498 432 2559 quem
478 2501 690 2560 quum‘
721 2485 866 2545 mihi
906 2495 1120 2549 notum
1160 2503 1307 2548 esse
1351 2486 1653 2562 senseriS,
1688 2496 1888 2549 tecum
1931 2486 2069 2561 ipse
2124 2486 2331 2546 licebit

251 2573 403 2641 quot
429 2567 488 2627 in
519 2584 594 2631 eo
624 2584 853 2644 genere
890 2577 952 2631 et
985 2578 1211 2645 quanta
1252 2570 1374 2631 sint
1405 2570 1656 2631 crimina
1686 2570 2033 2631 recordere.
2122 2566 2278 2665 Qun
2299 2576 2336 2626 ’ἒ

158 2714 163 2718 ,
247 2650 412 2711 illam
456 2666 761 2713 armorum
805 2651 1113 2714 officinam
1157 2651 1383 2727 ecquid
1413 2653 1791 2725 recordaris,
1826 2666 2011 2727 quum
2038 2651 2207 2713 omni
2236 2660 2325 2711 to

249 2733 373 2795 tius
416 2732 770 2810 provinciae
811 2750 1038 2812 pecore
1094 2737 1422 2825 compulso
1476 2735 1726 2811 pellium
1779 2733 2026 2794 nomine
2086 2749 2332 2795 omnem

251 2824 576 2892 quaestum
605 2817 772 2881 illum
791 2818 1191 2885 domesticum
1209 2828 1656 2896 paternumque
1676 2817 2032 2880 renovasti?
2063 2818 2337 2881 Videras

255 2898 411 2962 enim
442 2902 692 2977 gmndis
719 2902 839 2965 ium
868 2917 1026 2981 puer
1063 2906 1225 2965 bello
1254 2904 1464 2967 Italico
1504 2902 1727 2978 repleri
1763 2910 2027 2979 quaestu
2056 2910 2332 2966 vestram

255 2986 521 3060 domum,
553 2999 740 3063 quum
770 2995 946 3063 pater
978 2987 1163 3049 armis
1193 2987 1490 3049 faciendis
1520 2998 1662 3049 tuus
1691 2985 2084 3063 praefuisset.
2130 2986 2338 3062 Quid?

247 3069 610 3145 vectigalem
634 3068 1036 3147 provinciam,
1064 3072 1323 3148 singulis
1347 3073 1554 3147 rebus,
1586 3087 2010 3149 quaecumque
2035 3070 2336 3143 venirent,

249 3159 419 3214 certo
463 3155 736 3228 portorio
777 3153 1100 3231 imposito,
1144 3157 1343 3217 servis
1391 3156 1512 3218 tuis
1552 3155 1896 3231 publicanis
1939 3174 1975 3216 a
2016 3164 2076 3217 te
2106 3157 2332 3216 factam

245 3250 393 3297 esse
415 3236 786 3300 meministi?
813 3238 914 3303 88.
938 3238 1095 3314 Quid
1110 3247 1141 3299 t
1161 3240 1532 3302 centuriatus
1558 3241 1756 3315 palam
1792 3240 2119 3302 venditos?
2140 3237 2285 3312 quid
2301 3242 2340 3294 v

247 3334 364 3393 per
404 3329 577 3382 tuum
618 3324 931 3384 servulum
973 3322 1222 3384 ordines
1270 3322 1670 3399 adsignatos?
1723 3322 1915 3398 quid?
1960 3319 2339 3397 stipendium

248 3402 542 3465 militibus
571 3422 685 3482 per
712 3419 1165 3469 omnes‘annos
1201 3425 1238 3469 a
1272 3407 1642 3482 civitatibuS‚
1691 3404 1923 3467 mensis
1958 3406 2157 3479 palam
2187 3415 2329 3475 pro·

1791 3513 1838 3548 0
