2514 3928
721 126 1111 192 PRoo‘EMmM
1147 137 1473 190 anmoins
1511 137 1875 191 SECUNDAE.
2177 158 2345 197 nm

247 284 467 349 pitolino
504 280 707 343 referta
740 276 941 327 restitui
974 291 1068 342 pro
1104 278 1297 328 domum
1330 277 1383 326 in
1416 277 1539 327 clivo
1577 277 1859 341 Capitolino
1893 279 2156 342 refertam.
2214 279 2347 345 Cap.

245 351 336 400 29.
373 349 420 409 ξ.
449 350 532 399 79.
572 344 773 396 restitui
807 350 864 395 ut
897 359 959 394 ea
995 347 1265 402 cernimuS,
1313 359 1441 407 quae
1475 345 1693 394 videmus
1727 358 1820 409 pro
1857 359 1945 404 eo,
1984 345 2123 408 quod
2159 345 2277 395 olim
2312 362 2342 396 e

242 416 364 466 cod.
404 411 696 464 Coloniensi
729 411 862 462 falso
899 425 1214 476 receperam:
1272 417 1329 459 ut
1372 426 1435 460 ea
1478 426 1761 467 cernamus,
1810 428 1939 477 quae
1973 427 2073 464 non
2107 415 2346 466 videnme.

252 482 375 546 Cap.
406 483 488 532 33.
526 480 573 541 ἓ.
600 482 679 532 90.
716 479 871 527 verba
913 477 1041 530 Sex.
1089 479 1289 535 Clodia,
1337 491 1645 539 quamquam
1690 489 1977 529 constanter
2010 479 2062 528 in
2097 479 2236 529 libris
2269 479 2343 529 le-

249 559 464 614 guntur,
500 547 645 596 uncis
682 545 1006 595 circumdedi.
1081 543 1206 610 Cap.
1232 545 1316 595 35.
1354 545 1400 605 ξ.
1424 545 1507 595 95.
1552 544 1794 594 librorum
1840 547 2087 597 bonorum
2124 547 2341 595 auctori-

249 626 352 665 tate
388 616 626 664 deliniret
671 612 855 679 scripsi
899 626 994 677 pro
1041 613 1305 663 deleniret.
1378 610 1511 660 Haec
1552 611 1682 661 enim
1719 613 1857 662 verbi
1895 613 2061 662 forma
2095 614 2344 663 obtinetur

250 696 282 731 a
317 681 385 731 M.
423 680 595 731 Tullio
634 680 782 729 etiam
818 680 870 728 in
905 678 1019 728 aliis
1058 678 1228 736 libris,
1286 688 1340 726 ut
1384 681 1447 728 de
1486 686 1629 743 part.
1675 686 1808 730 orat.
1859 682 1950 744 19,
1995 681 2080 733 67.
2134 681 2198 729 de
2239 694 2345 741 quo

252 748 363 797 loco
397 747 517 797 vide
552 762 683 810 quae
718 761 882 812 nuper
916 745 1175 811 disputavi
1208 746 1256 794 in
1295 745 1561 810 prooemio
1596 756 1728 810 part.
1775 747 1812 796 I.
1858 746 1959 797 vol.
1992 748 2054 798 Π.
2093 762 2143 812 p.
2177 746 2342 796 XXII.

252 814 372 880 Cap.
402 817 486 868 37.
523 815 572 875 §-
600 815 713 865 102.
752 811 939 879 scripsi
973 827 1109 862 nunc
1144 828 1273 878 quae
1319 820 1397 863 est
1431 820 1583 877 prata
1616 813 1848 878 gentibus
1872 851 1885 865 .
1914 851 1927 864 .
1959 848 1972 862 .
1998 849 2011 864 .
2078 823 2132 863 ut
2167 813 2348 862 lacuna

251 893 371 947 post
401 882 632 947 pentibus
670 880 939 931 statuenda
974 895 1091 930 esse
1121 880 1391 929 videretur.

384 949 552 997 Etiam
589 948 638 996 in
679 948 927 1013 oratione,
965 960 1117 1009 quam
1156 945 1328 996 Cicero
1358 963 1461 1012 pro
1496 946 1573 996 M.
1611 946 1864 998 Marcello
1898 946 2100 1006 habuit,
2137 946 2282 995 multi
2314 959 2348 994 a

254 1031 332 1065 me
387 1015 486 1064 loci
541 1015 723 1064 mutati
780 1028 881 1063 non
947 1023 1084 1063 sunt.
1151 1013 1343 1063 Eorum
1356 1049 1372 1074 ,
1442 1027 1574 1076 quae
1634 1015 1855 1076 mutavi,
1923 1014 2148 1063 maxime
2206 1027 2345 1063 com-

255 1082 618 1132 memoratione
662 1081 821 1146 digna
862 1081 988 1129 haec
1031 1095 1145 1129 esse
1179 1080 1430 1143 videntur.
1501 1078 1627 1145 Gap.
1649 1082 1698 1131 2.
1735 1083 1782 1142 §⁴
1809 1084 1856 1134 6.
1895 1080 2080 1147 scripsi
2113 1081 2351 1132 Fortuna

255 1164 347 1214 pro
378 1150 611 1210 fortuna.
685 1145 811 1211 Cap.
837 1149 885 1196 3.
921 1147 967 1206 §-
994 1148 1045 1198 8.
1091 1161 1157 1194 ex
1197 1147 1289 1206 iis,
1339 1159 1470 1207 quae
1511 1146 1665 1196 habet
1703 1147 2061 1198 Arusianus
2098 1147 2353 1197 Messus

253 1231 304 1282 p.
329 1216 445 1264 264.
472 1213 827 1270 ed.Lindem.‚
865 1214 989 1260 satis
1026 1211 1355 1275 perspicuum
1391 1227 1506 1260 esse
1536 1211 1752 1272 videtur,
1789 1213 1927 1262 illum
1964 1214 2348 1279 grammaticum

254 1283 308 1331 in
345 1281 520 1329 codice
567 1293 664 1328 suo
708 1277 967 1326 invenisse
1011 1278 1255 1327 victoriae
1303 1284 1588 1341 temperare
1623 1292 1719 1341 pro
1753 1281 2010 1330 victoriam
2044 1290 2352 1345 temperare.

255 1348 397 1396 Hanc
441 1345 596 1410 igitur
639 1344 944 1409 scripturam
987 1353 1189 1393 auctore
1234 1343 1380 1392 etiam
1428 1343 1468 1391 Ι.
1516 1342 1575 1392 G.
1623 1343 1823 1393 Baitero
1877 1347 2061 1410 recepi.
2132 1347 2252 1412 Cap.
2296 1349 2348 1396 4.

255 1415 302 1476 ξ.
325 1415 404 1463 10.
442 1426 545 1461 non
584 1409 814 1461 dubitavi
847 1409 903 1460 id
938 1409 1176 1474 recipere,
1215 1424 1337 1472 quo,
1375 1424 1539 1474 quum„
1567 1425 1673 1459 rem
1710 1421 1846 1459 recte
1882 1412 2253 1471 existimamuS‚
2292 1427 2353 1461 ea

254 1481 432 1540 verba,
473 1491 604 1542 quae
639 1478 692 1527 in
730 1476 873 1527 libris
911 1477 1182 1536 habentur,
1222 1477 1438 1538 ducunt,
1477 1485 1526 1528 et
1561 1477 1775 1542 scripsi:
1835 1479 2045 1528 omnium
2076 1479 2352 1529 Marcello·

252 1564 358 1598 rum
393 1561 549 1597 meum
580 1552 762 1610 pectus
796 1547 1080 1595 memoriam
1114 1545 1298 1608 effudit
1330 1558 1425 1609 pro
1462 1558 1540 1604 eo,
1580 1545 1719 1607 quod
1756 1543 1910 1610 vulgo
1945 1544 2224 1611 legebatur,
2262 1545 2353 1593 sed

255 1615 556 1680 plerumque
600 1627 702 1662 non
758 1611 869 1662 sine
920 1611 1263 1676 corruptionis
1316 1621 1460 1661 nota:
1520 1613 1731 1662 omnium
1782 1612 2143 1664 Marcellorum
2199 1628 2355 1664 meum

293 1690 431 1732 ectus
464 1683 701 1731 memoria
739 1679 954 1742 obfudit.
1029 1677 1205 1741 Neque
1249 1678 1383 1727 enim
1430 1678 1700 1729 offensioni
1734 1679 1922 1745 poterit
1956 1695 2093 1740 esse,
2139 1679 2185 1729 si
2234 1679 2355 1743 quis

251 1699 432 1798 {atine
466 1747 601 1797 dicat
633 1762 789 1797 meum
828 1753 1008 1810 peetus
1051 1746 1293 1796 hominum
1326 1749 1610 1797 memoriam
1646 1748 1851 1811 effudit,
1906 1762 2063 1810 quum
2106 1747 2355 1798 memoria

257 1830 319 1865 ex
355 1823 560 1880 pectore
592 1813 860 1864 hominum
897 1813 1120 1875 quodam
1153 1812 1310 1862 modo
1348 1811 1592 1862 excitetur
1625 1824 1777 1875 atque
1812 1814 2112 1864 effundatur.
2180 1815 2229 1876 ξ.
2267 1816 2350 1864 11.

255 1882 443 1946 scripsi
486 1882 550 1930 de
593 1881 883 1929 coniectura
928 1892 1068 1929 mea:
1131 1894 1259 1944 quae
1297 1878 1425 1942 (res)
1461 1882 1658 1945 quidem
1701 1887 1847 1931 tanta
1887 1889 1991 1940 est,
2035 1887 2114 1939 ut,
2157 1883 2206 1931 ei
2248 1882 2358 1930 ulla

257 1949 490 2013 tropaeis
525 1954 577 1997 et
608 1949 930 1997 monumentis
967 1949 1065 1997 tuis
1098 1949 1338 1998 adlatura
1376 1948 1527 2010 finem
1572 1950 1641 1997 sit
1676 1956 1821 1999 aetas
1855 1975 1921 1985 —
1956 1950 2078 2000 nihil
2112 1955 2190 2001 est
2224 1948 2357 1999 enim

254 2031 415 2081 opere
451 2022 542 2065 aut
578 2031 726 2064 manu
759 2014 963 2075 factum,
1001 2016 1138 2079 quod
1169 2029 1271 2064 non
1305 2015 1579 2079 aliquando
1615 2017 1848 2078 conficiat
1887 2026 1939 2067 et
1973 2022 2235 2067 consumat
2266 2030 2352 2065 ve·

254 2090 424 2134 tustas
458 2106 541 2140 —,
578 2088 633 2131 at
666 2082 793 2130 haee
828 2087 914 2130 tua
947 2082 1141 2131 iustitia
1174 2087 1227 2131 et
1272 2081 1454 2131 lenitas
1495 2082 1648 2132 animi
1684 2082 1926 2147 florescat
1960 2085 2143 2133 cotidie
2177 2083 2358 2145 maqis,

254 2156 338 2207 ut,
389 2154 624 2214 quantum
671 2151 767 2197 tuis
803 2147 1041 2211 operibus
1076 2149 1386 2198 diuturnitas
1422 2148 1687 2207 detrahet,
1723 2156 1912 2199 tantum
1944 2152 2155 2214 adferat
2190 2148 2354 2199 laudi-

257 2218 366 2269 bus.
434 2215 571 2263 Haec
605 2215 736 2264 enim
774 2214 1024 2263 sententia
1057 2229 1222 2276 neque
1255 2213 1497 2265 librorum
1533 2216 1880 2266 auctoritatem
1933 2215 2156 2266 infirmat
2198 2226 2248 2265 et
2287 2214 2357 2263 ad

260 2281 560 2333 sententiam
596 2280 694 2330 loci
729 2280 996 2346 aptissima
1031 2297 1145 2331 esse
1178 2280 1395 2330 videtur.
1458 2280 1587 2332 Nam
1622 2292 1672 2331 et
1705 2297 1837 2344 quae
1871 2294 2153 2346 sequuntur
2175 2281 2352 2331 verbaz

257 2357 330 2409 ut,
357 2356 592 2415 quantum
614 2373 677 2385 -
697 2348 943 2408 laudibus,
966 2347 1105 2398 illam
1129 2349 1430 2397 sententiam
1455 2349 1626 2415 priore
1646 2348 1758 2398 loco
1782 2351 2049 2413 requirunt
2071 2359 2120 2399 et
2141 2346 2353 2398 mutatio

261 2416 530 2465 verborum
565 2415 684 2480 ipsa
717 2415 922 2480 gravior
957 2429 1057 2465 non
1095 2425 1187 2466 est.
1230 2414 1431 2465 Etenim
1465 2416 1518 2465 in
1552 2416 1810 2481 plerisque
1843 2417 1981 2467 libris
2020 2431 2177 2480 quum
2212 2415 2354 2478 lega-
2425 2461 2432 2472 ,

260 2494 344 2532 tur
364 2489 419 2532 ut
443 2484 579 2532 mella
604 2482 849 2547 tropaeis,
874 2496 974 2532 non
998 2488 1054 2532 ut
1074 2484 1320 2546 tropaeis,
1353 2496 1541 2547 magna
1564 2484 1775 2534 mutatio
1800 2498 1906 2534 nou
1928 2495 2024 2545 est,
2060 2484 2105 2533 si
2129 2482 2353 2532 scribas:

260 2557 318 2600 ut
355 2551 403 2599 si
449 2550 581 2609 ulla,
629 2549 750 2610 quia
793 2548 845 2597 in
880 2548 1117 2599 continua
1152 2549 1428 2614 scriptione
1462 2551 1507 2600 si
1538 2562 1645 2600 erat
1675 2550 1941 2614 utnulla,
1977 2550 2124 2600 facile
2157 2563 2252 2615 pro
2291 2561 2351 2597 eo

261 2615 416 2666 scribi
451 2615 620 2680 potuit
651 2623 709 2665 ut
739 2618 875 2665 nulla
907 2616 972 2665 ab
1009 2631 1089 2681 eo,
1125 2616 1214 2679 qui
1247 2616 1547 2667 sententiam
1583 2618 1901 2683 singulorum
1925 2619 2212 2674 verborum,
2251 2628 2354 2664 non

265 2682 420 2733 totius
456 2682 554 2731 loci
589 2682 852 2747 spectavit.
924 2682 1070 2742 Quod
1115 2683 1160 2733 si
1202 2682 1342 2748 prior
1385 2684 1596 2734 mutatio
1641 2684 1776 2734 facta
1810 2694 1945 2744 erat,
1980 2697 2143 2749 paene
2180 2697 2353 2732 neces-

262 2749 401 2800 sario
436 2763 532 2815 pro
563 2750 831 2813 florescat,
876 2750 1014 2812 quod
1058 2750 1113 2800 in
1149 2750 1324 2801 codice
1356 2750 1632 2817 archetypo
1666 2751 1828 2801 fuisse
1860 2752 2086 2815 videtur,
2127 2753 2358 2815 florescit

260 2825 353 2866 aut
380 2817 637 2880 florescet,
673 2830 803 2878 quae
838 2817 1119 2883 scripturae
1150 2817 1202 2866 in
1237 2816 1380 2868 libris
1416 2830 1553 2881 sunt,
1589 2818 1836 2884 scriptum
1872 2829 1963 2870 est.
2035 2817 2085 2882 5.
2113 2821 2192 2868 12.
2230 2818 2355 2867 scri-

262 2883 348 2948 psi
384 2892 591 2933 auctore
625 2882 825 2932 Baitero
856 2886 1024 2949 possit
1057 2886 1278 2936 auditum
1321 2900 1415 2950 pro
1461 2888 1637 2935 auditu
1681 2887 1861 2949 possit.
1934 2884 2057 2951 Cap.
2082 2887 2131 2939 5.
2181 2885 2231 2947 ἓ.
2271 2886 2352 2936 18.

267 2951 315 2998 in
353 2950 551 3000 verbis:
612 2953 710 3000 etsi
741 2952 914 3016 aliqua
947 2954 1097 3017 eulpa
1131 2959 1355 3003 tenemur
1388 2954 1586 3003 erroris
1619 2951 1840 3009 humani,
1892 2955 2083 3003 scelere
2120 2959 2258 3001 certe
2294 2952 2353 2999 li-

263 3016 436 3067 berati
466 3031 653 3075 amnne,
709 3016 797 3066 alii
841 3018 955 3066 libri
997 3035 1031 3068 a
1072 3021 1291 3078 scelere,
1339 3018 1425 3068 alii
1469 3018 1532 3069 ab
1566 3021 1759 3069 scelere
1793 3019 1983 3083 legunt.
2056 3017 2221 3076 Quare
2257 3030 2354 3080 ego

261 3082 480 3148 scripsi:
539 3090 598 3133 at
636 3086 830 3134 scelere
874 3092 1016 3136 certe
1059 3086 1265 3136 liberati
1291 3101 1472 3139 eumue.
1543 3084 1824 3135 Particulae
1860 3086 1991 3134 enim
2027 3091 2084 3134 at
2116 3110 2181 3121 —
2217 3090 2357 3131 certe

220 3173 221 3176 ¹
264 3150 477 3216 egregie
508 3149 628 3199 huic
663 3150 774 3201 loco
811 3152 1024 3202 conveni
1061 3162 1132 3201 nt.
1201 3151 1377 3202 Paullo
1413 3161 1533 3217 post
1575 3168 1649 3202 me
1696 3160 1746 3202 et
1779 3153 1898 3201 mihi
1930 3159 1981 3201 et
2013 3153 2096 3201 rei
2123 3148 2357 3213 publicae

259 3227 474 3267 auctore
506 3216 709 3267 Baitero
743 3218 942 3268 restitui
976 3232 1071 3283 pro
1107 3226 1281 3268 memet
1313 3219 1432 3269 mihi
1464 3228 1562 3269 etc.
1610 3217 1734 3283 Cap.
1762 3220 1809 3268 8.
1844 3219 1891 3278 ἕ.
1916 3218 1997 3266 24.
2035 3229 2137 3265 non
2173 3212 2353 3278 probo,

258 3284 410 3347 quod
448 3283 681 3334 Baiterus
716 3283 960 3334 librorum
998 3284 1316 3347 quorundam
1352 3284 1652 3336 auctoritate
1685 3297 1778 3349 pro
1813 3290 2051 3349 tantoque
2086 3280 2355 3329 animorum
