2514 3928
742 454 826 534 M.
883 453 1153 534 TULLll
1211 453 1639 540 CICERONIS

527 615 715 711 PRO
771 616 873 709 M.
933 611 1454 708 MARCELLO
1515 611 1904 708 ORATlo.

861 925 1537 988 ARGUMENTUM.·

307 1065 373 1116 H.
413 1065 655 1118 Claudius
691 1063 990 1129 Marcellus,
1025 1060 1091 1111 M.
1125 1058 1280 1119 iilius,
1312 1058 1487 1108 consul
1525 1073 1656 1110 anno
1692 1072 1747 1124 p.
1787 1073 1839 1110 u.
1878 1075 1925 1110 c.
1966 1061 2086 1117 703.
2124 1079 2237 1115 cum

159 1133 277 1188 Ser.
313 1131 539 1200 Sulpicio
576 1134 711 1184 Ruso
741 1135 806 1184 iis
835 1133 988 1182 rebus
1015 1128 1276 1191 omnibus,
1315 1141 1442 1190 quas
1481 1125 1535 1177 Ο.
1567 1127 1780 1189 Caesar,
1821 1144 1978 1192 quum
2009 1140 2143 1183 esset
2185 1135 2234 1183 in

159 1202 360 1262 Gallia,
413 1217 445 1252 a
485 1210 662 1252 senatu
710 1200 1018 1266 postulavit,
1079 1210 1191 1246 sese
1237 1203 1540 1260 opposuerat
1587 1196 1798 1259 eiusque
1841 1197 2054 1249 consilia
2088 1215 2237 1252 secus

161 1272 318 1321 etiam
353 1284 414 1320 ac
438 1270 596 1321 voluit
621 1270 811 1334 collega
843 1270 953 1318 eius
990 1264 1340 1329 impediverat,
1374 1270 1432 1312 ut
1459 1278 1621 1326 neque
1644 1263 1702 1315 G.
1726 1262 1930 1316 Caesari
1969 1268 2238 1334 imperium

165 1346 528 1404 prorogaretur
559 1353 722 1401 neque
756 1338 868 1386 eius
899 1334 1122 1384 absentis
1158 1331 1289 1381 ratio
1339 1332 1557 1380 comitiis
1591 1332 1939 1384 consularibus
1968 1335 2239 1388 haberetur

165 1421 332 1469 neque
370 1406 560 1455 colonis
578 1442 593 1465 ,
638 1420 765 1469 quos
808 1403 865 1454 Ο.
912 1402 1097 1452 Caesar
1127 1400 1327 1450 Novum
1355 1397 1564 1449 Comum
1610 1399 1916 1461 deduxerat,
1964 1403 2043 1453 ius
2087 1419 2237 1455 suum

165 1481 411 1533 maneret,
449 1475 632 1537 quibus
674 1474 824 1523 rebus
863 1471 1096 1522 omnibus
1127 1467 1451 1517 vehementer
1496 1468 1550 1516 C.
1585 1466 1814 1517 Caesaris
1853 1471 2054 1521 animus
2081 1471 2237 1523 offen.

166 1557 259 1593 sus
291 1549 414 1600 erat,
449 1543 565 1592 vide
604 1543 670 1594 M.
723 1540 978 1591 Ciceronis
1008 1553 1087 1600 ep.
1134 1537 1207 1586 ad
1235 1536 1520 1592 fantium-ea
1559 1536 1647 1585 lib.
1699 1537 1828 1586 vm.
1873 1553 1955 1602 ep.
2002 1539 2054 1591 8.
2104 1542 2238 1591 eius.

168 1612 285 1661 dem
318 1626 397 1673 ep.
426 1612 501 1660 ad
520 1611 735 1661 Aufeiam
769 1610 855 1662 lib.
882 1610 950 1660 V.
984 1622 1065 1671 ep.
1113 1606 1191 1656 11.
1230 1604 1377 1653 Hirtii
1421 1604 1485 1655 de
1514 1603 1642 1654 bello
1668 1605 1858 1656 Gallico
1885 1606 1973 1657 lib.
2010 1609 2144 1659 VIII.
2191 1625 2238 1658 c.

168 1678 253 1731 53.
290 1678 514 1744 Appiani
546 1678 720 1729 bellum
754 1679 895 1728 ciuile
921 1677 1009 1727 lib.
1043 1676 1130 1729 Vl.
1171 1689 1215 1728 c.
1256 1673 1324 1723 25
1360 1688 1438 1736 sq.
1509 1672 1761 1723 Plutarchi
1805 1674 1894 1726 nit.
1930 1676 2170 1729 Caesar-te
2191 1693 2236 1727 c.

169 1748 252 1801 29.
300 1748 526 1797 eiusdem
570 1750 657 1797 vit.
687 1747 912 1809 Pompeii
955 1761 1000 1794 c.
1030 1741 1117 1796 58.
1187 1743 1374 1791 Exorto
1420 1750 1586 1790 autem
1636 1743 1749 1806 ipso
1796 1742 1936 1793 civili
1971 1744 2104 1796 bello
2143 1744 2234 1800 Cn.

171 1817 396 1881 Pompeii
426 1824 592 1866 castra
626 1825 830 1865 secutus
866 1816 915 1862 ia
952 1813 1058 1861 acie
1091 1809 1383 1860 Pharsalica
1406 1818 1576 1859 contra
1606 1808 1870 1861 Caesarem
1901 1822 2237 1879 pugnaverat.

170 1885 285 1934 Post
314 1885 580 1949 Mytilenas
613 1899 671 1934 se
701 1883 998 1941 contulerat,
1035 1888 1092 1929 ut
1125 1881 1318 1930 otiosus
1348 1877 1524 1928 litteris
1552 1892 1759 1943 operam
1791 1890 2013 1940 navaret,
2045 1897 2144 1944 qua
2175 1882 2237 1932 de

171 1968 221 2002 re
247 1952 475 2003 conferas
493 1951 747 2003 Ciceronis
765 1952 973 2002 Brutum
990 1966 1038 2003 c.
1062 1950 1147 2004 71.
1163 1949 1224 2015 3.
1250 1945 1380 1999 250.
1402 1954 1509 1997 tum
1532 1945 1755 1998 Senecae
1772 1952 1956 2001 consol.
1993 1951 2067 2001 ad
2083 1952 2233 2007 Helo.

170 2038 215 2071 c.
253 2019 308 2072 9.
368 2021 570 2069 Frustra
604 2022 755 2071 amici
791 2022 900 2070 eius
933 2019 1147 2068 reditum
1180 2026 1233 2065 ut
1270 2018 1315 2065 ei
1350 2016 1644 2067 concederet
1678 2032 1710 2066 a
1753 2015 1809 2067 G.
1845 2018 2059 2070 Caesare
2089 2021 2237 2085 flagi-

169 2098 415 2145 taverunt,
446 2103 499 2139 v.
524 2087 777 2137 Ciceronis
809 2103 892 2151 ep.
923 2087 996 2135 ad
1017 2086 1302 2149 familiares
1324 2084 1414 2137 lib.
1446 2085 1532 2133 1v.
1569 2100 1648 2149 ep.
1676 2086 1725 2137 l.
1764 2093 1831 2135 et.
1856 2086 1910 2142 8.
1944 2088 2063 2138 Post
2082 2104 2235 2151 quum

173 2154 359 2205 Caesar
394 2170 456 2204 ex
483 2155 655 2205 Africa
684 2155 899 2204 redisset
934 2168 1064 2202 anno
1092 2169 1144 2218 p.
1166 2168 1219 2205 u.
1260 2168 1305 2206 c.
1340 2151 1482 2212 708..
1508 2150 1562 2201 C.
1591 2154 1876 2216 Marcellus,
1915 2156 1982 2205 M.
2016 2157 2238 2206 Marcelli

173 2224 345 2283 frater,
379 2223 596 2273 reditum
635 2224 776 2274 fratri
813 2224 877 2273 ab
913 2238 973 2272 eo
1001 2222 1303 2287 impetravit.
1375 2221 1578 2271 Fecerat
1607 2223 1738 2271 enim
1763 2221 1863 2271 hoc
1890 2231 2120 2284 senatus,
2165 2232 2237 2285 ut,

173 2306 326 2354 quum
361 2306 392 2340 a
416 2291 475 2344 L.
507 2293 689 2342 Pisone
712 2292 897 2342 mentio
930 2299 1064 2341 esset
1084 2290 1214 2340 facta
1246 2289 1309 2340 de
1341 2288 1576 2340 Marcello
1615 2295 1664 2339 et
1690 2305 1844 2353 quum
1876 2291 1932 2346 G.
1971 2292 2237 2343 Marcellus

174 2373 229 2409 se
262 2360 327 2409 ad
363 2357 593 2410 Caesaris
635 2361 792 2426 pedes
835 2362 1135 2419 abiecisset,
1178 2365 1389 2409 cunctus
1431 2367 1757 2423 consurgeret
1800 2369 1850 2410 et
1876 2363 1943 2411 ad
1973 2360 2237 2414 Caesarem

173 2427 386 2493 supplex
410 2429 684 2479 accederet.
721 2430 814 2480 Hic
845 2429 956 2478 dies
987 2429 1052 2477 M.
1094 2427 1321 2478 Ciceroni
1347 2427 1423 2476 ita
1452 2426 1667 2492 pulcher
1704 2429 1842 2479 visus
1874 2437 1998 2491 erat,
2037 2438 2092 2480 ut
2120 2446 2237 2495 spe-

173 2498 297 2547 ciem
332 2495 554 2559 aliquam
589 2498 845 2548 videretur
880 2497 1049 2547 videre
1082 2496 1226 2559 quasi
1253 2496 1602 2546 reviviscentis
1639 2496 1712 2544 rei
1747 2498 1998 2562 publicae.
2065 2500 2237 2562 Itaque
2343 2536 2350 2542 .

175 2580 324 2627 quum
363 2580 538 2616 omnes
569 2565 675 2616 iere
710 2573 825 2615 ante
856 2580 970 2615 eum
1021 2565 1185 2631 rogati
1208 2565 1504 2613 sententiam
1537 2565 1727 2629 gratias
1761 2564 1966 2616 Caesari
1995 2567 2236 2632 egissent,

174 2633 282 2698 lpse
337 2648 539 2697 quoquc
583 2632 754 2684 Cicero
801 2633 1032 2699 pluribus
1080 2633 1243 2683 verbis
1291 2632 1396 2697 egit
1420 2630 1622 2681 Caesari
1661 2634 1876 2700 gratias,
1921 2648 2020 2696 qua
2067 2636 2130 2684 de
2182 2649 2237 2685 rs

177 2700 403 2751 conseras
429 2703 600 2767 ipsum
634 2703 685 2752 in
719 2717 799 2764 ep.
833 2702 1199 2766 adsmiliarea
1228 2701 1320 2751 lib.
1340 2701 1426 2750 IV.
1459 2713 1542 2764 ep.
1562 2705 1615 2753 4.
1634 2701 1685 2762 S.
1711 2699 1745 2750 3
1775 2715 1877 2764 sq..
1907 2715 2058 2765 quam
2080 2704 2236 2753 actio-

176 2783 285 2819 nem
320 2771 631 2835 gratiarum,
688 2786 790 2833 qua
838 2771 1074 2820 diuturno
1125 2772 1179 2819 in
1227 2776 1406 2819 senatu
1446 2768 1646 2818 silentio
1697 2769 1845 2818 finem
1894 2769 2106 2829 fecerat,
2147 2785 2238 2836 po-

149 2846 279 2887 ’κιαι
307 2840 606 2903 conscripsit
638 2848 834 2898 orator,
890 2848 943 2887 ut
976 2839 1081 2889 l’ere
1117 2838 1315 2889 solebat
1361 2836 1524 2886 iacere
1540 2873 1556 2899 ,
1588 2837 2025 2903 conscriptamquc
2059 2840 2235 2892 edidit.

176 2905 274 2955 Nec
310 2906 510 2956 videtur
534 2907 638 2956 ullo
684 2907 835 2956 modo
873 2907 1090 2957 dubitari
1126 2922 1279 2973 posse
1312 2906 1433 2969 quin
1464 2905 1588 2956 haec
1626 2906 1756 2970 ipsa,
1785 2921 1914 2968 quae
1947 2906 2075 2957 infra
2114 2909 2238 2974 legi-

176 2985 281 3034 tur,
309 2976 468 3024 oratio
495 2990 558 3025 ea
589 2977 702 3039 ipsa
734 2977 1011 3041 gratiarum
1046 2977 1177 3025 actio
1214 2976 1311 3034 sit,
1358 2988 1488 3037 quae
1528 2989 1629 3024 non
1665 2973 1828 3023 solum
1862 2975 2036 3025 multis
2068 2992 2238 3043 gram—

177 3043 470 3092 maticorum
506 3043 630 3093 locis
666 3050 715 3094 et
741 3043 1082 3094 notationibus
1117 3044 1377 3102 laudatur,
1430 3057 1602 3093 verum
1641 3044 1790 3093 etiam
1823 3044 1935 3109 ipsa
1969 3047 2239 3096 auctorita-

179 3119 272 3159 tem
300 3110 563 3161 Tullianae
597 3111 910 3174 eloquentiae
945 3112 1144 3162 videtur
1175 3128 1298 3177 prae
1321 3126 1377 3161 se
1412 3111 1643 3162 ferre.—
1668 3110 1737 3166 M.
1768 3121 1935 3164 autem
1969 3113 2240 3165 Marcellus

182 3178 364 3228 diutius
399 3179 650 3244 Mytilenis
687 3189 911 3230 moratus
945 3189 1185 3242 sequente
1222 3182 1423 3231 demum
1468 3194 1598 3230 anno
1637 3181 1733 3229 iter
1766 3182 1979 3231 Romam
2022 3183 2237 3247 paravit,

181 3261 274 3309 quo
312 3248 363 3295 iu
394 3246 569 3298 itinere
606 3263 762 3310 quum
795 3249 1058 3298 Piraeeum
1103 3250 1341 3311 venisset,
1379 3264 1408 3297 a
1443 3248 1496 3297 P.
1535 3249 1704 3313 Magio
1744 3248 1914 3300 Cilone
1949 3250 2239 3301 interfectus

182 3323 322 3377 atque
373 3330 404 3364 a
453 3315 562 3368 Ser.
608 3313 834 3380 Sulpicio
878 3316 1041 3380 Rufo,
1098 3319 1183 3379 qui
1225 3320 1337 3367 eius
1399 3315 1600 3383 collega
1634 3318 1684 3366 in
1737 3319 1997 3368 consulatu
2053 3317 2236 3375 fuerat,

180 3383 251 3497 ilnb
264 3384 874 3502 wnasio4²Acape3³co
911 3384 1142 3465 sepultus
1179 3385 1427 3503 elsthtzid.
1465 3383 1745 3502 Οῗρξτοὶῐὲἰιῖι
1759 3400 1838 3447 ep.
1868 3387 2240 3512 αιῖζαηέἰῖίὲνεε

203 3463 267 3497 1·
357 3467 486 3511 .ep.
595 3467 708 3505 .c.
804 3467 1183 3503 ceromsev.a
1365 3468 1590 3502 eman.
1750 3467 1876 3516 .ep.
1984 3487 1997 3501 .
2073 3488 2085 3499 .
