<?xml version="1.0" encoding="UTF-8"?>
<!DOCTYPE html PUBLIC "-//W3C//DTD XHTML 1.0 Transitional//EN"
    "http://www.w3.org/TR/xhtml1/DTD/xhtml1-transitional.dtd">
<html xmlns="http://www.w3.org/1999/xhtml" xml:lang="en" lang="en">
 <head>
  <title>
</title>
<meta http-equiv="Content-Type" content="text/html;charset=utf-8" />
  <meta name='ocr-system' content='tesseract 3.04.00' />
  <meta name='ocr-capabilities' content='ocr_page ocr_carea ocr_par ocr_line ocrx_word'/>
</head>
<body>
  <div class='ocr_page' id='page_1' title='image "./scriptaquaemans02cicegoog_0456.png"; bbox 0 0 2514 3928; ppageno 0'>
   <div class='ocr_carea' id='block_1_1' title="bbox 372 215 2473 282">
    <p class='ocr_par' dir='ltr' id='par_1_1' title="bbox 372 215 2473 282">
     <span class='ocr_line' id='line_1_1' title="bbox 372 215 2473 282; baseline 0.001 -2"><span class='ocrx_word' id='word_1_1' title='bbox 372 218 497 280; x_wconf 77' lang='lat'>396</span> <span class='ocrx_word' id='word_1_2' title='bbox 653 218 730 276; x_wconf 82' lang='grc' dir='ltr'>ΙΝ</span> <span class='ocrx_word' id='word_1_3' title='bbox 755 217 836 275; x_wconf 90' lang='lat' dir='ltr'>M.</span> <span class='ocrx_word' id='word_1_4' title='bbox 861 215 1266 277; x_wconf 83' lang='lat' dir='ltr'>ANTONIUM</span> <span class='ocrx_word' id='word_1_5' title='bbox 1295 215 1580 276; x_wconf 87' lang='lat' dir='ltr'><strong>ORATIO</strong></span> <span class='ocrx_word' id='word_1_6' title='bbox 1612 217 2035 277; x_wconf 83' lang='lat' dir='ltr'><strong>PHILIPPICA</strong></span> <span class='ocrx_word' id='word_1_7' title='bbox 2062 218 2209 277; x_wconf 85' lang='lat' dir='ltr'>vn.</span> <span class='ocrx_word' id='word_1_8' title='bbox 2410 229 2473 282; x_wconf 73' lang='lat'>98</span> 
     </span>
    </p>
   </div>
   <div class='ocr_carea' id='block_1_2' title="bbox 365 364 2500 3521">
    <p class='ocr_par' dir='ltr' id='par_1_2' title="bbox 368 364 2462 527">
     <span class='ocr_line' id='line_1_2' title="bbox 368 364 2462 442; baseline -0.001 -12"><span class='ocrx_word' id='word_1_9' title='bbox 368 385 539 439; x_wconf 90' lang='lat' dir='ltr'>esse,</span> <span class='ocrx_word' id='word_1_10' title='bbox 592 366 794 430; x_wconf 88' lang='lat' dir='ltr'>sedin</span> <span class='ocrx_word' id='word_1_11' title='bbox 833 364 1107 442; x_wconf 81' lang='lat' dir='ltr'><strong>principe</strong></span> <span class='ocrx_word' id='word_1_12' title='bbox 1141 366 1257 427; x_wconf 88' lang='lat' dir='ltr'>civi</span> <span class='ocrx_word' id='word_1_13' title='bbox 1288 382 1412 427; x_wconf 90' lang='lat' dir='ltr'>non</span> <span class='ocrx_word' id='word_1_14' title='bbox 1455 376 1552 428; x_wconf 87' lang='lat' dir='ltr'>est</span> <span class='ocrx_word' id='word_1_15' title='bbox 1593 366 1774 439; x_wconf 88' lang='lat' dir='ltr'>satis,</span> <span class='ocrx_word' id='word_1_16' title='bbox 1821 383 2057 439; x_wconf 89' lang='lat' dir='ltr'>curam,</span> <span class='ocrx_word' id='word_1_17' title='bbox 2120 368 2462 430; x_wconf 88' lang='lat' dir='ltr'>consilium</span> 
     </span>
     <span class='ocr_line' id='line_1_3' title="bbox 369 450 1247 527; baseline 0 -19"><span class='ocrx_word' id='word_1_18' title='bbox 369 450 867 527; x_wconf 77' lang='lat' dir='ltr'>vigilantiamque</span> <span class='ocrx_word' id='word_1_19' title='bbox 900 451 1247 524; x_wconf 75' lang='lat' dir='ltr'>praestabo,</span> 
     </span>
    </p>

    <p class='ocr_par' dir='ltr' id='par_1_3' title="bbox 365 533 2500 3521">
     <span class='ocr_line' id='line_1_4' title="bbox 489 533 2466 610; baseline 0.001 -18"><span class='ocrx_word' id='word_1_20' title='bbox 489 535 648 593; x_wconf 88' lang='lat' dir='ltr'>Vlll.</span> <span class='ocrx_word' id='word_1_21' title='bbox 693 534 793 596; x_wconf 85' lang='grc'>21.</span> <span class='ocrx_word' id='word_1_22' title='bbox 838 533 976 593; x_wconf 87' lang='lat' dir='ltr'>Dixi</span> <span class='ocrx_word' id='word_1_23' title='bbox 1006 534 1083 592; x_wconf 91' lang='lat' dir='ltr'>de</span> <span class='ocrx_word' id='word_1_24' title='bbox 1123 533 1427 609; x_wconf 66' lang='lat' dir='ltr'>periculos</span> <span class='ocrx_word' id='word_1_25' title='bbox 1471 534 1709 593; x_wconf 84' lang='lat' dir='ltr'><strong>docebo</strong></span> <span class='ocrx_word' id='word_1_26' title='bbox 1740 550 1818 592; x_wconf 89' lang='lat' dir='ltr'>ne</span> <span class='ocrx_word' id='word_1_27' title='bbox 1859 537 2300 608; x_wconf 81' lang='lat' dir='ltr'>coagmentari</span> <span class='ocrx_word' id='word_1_28' title='bbox 2346 536 2466 610; x_wconf 89' lang='lat' dir='ltr'>qui-</span> 
     </span>
     <span class='ocr_line' id='line_1_5' title="bbox 368 616 2460 693; baseline -0 -15"><span class='ocrx_word' id='word_1_29' title='bbox 368 619 508 678; x_wconf 89' lang='lat' dir='ltr'>dem</span> <span class='ocrx_word' id='word_1_30' title='bbox 538 634 728 693; x_wconf 89' lang='lat' dir='ltr'>posse</span> <span class='ocrx_word' id='word_1_31' title='bbox 759 633 991 693; x_wconf 88' lang='lat' dir='ltr'>pacem.</span> <span class='ocrx_word' id='word_1_32' title='bbox 1079 618 1169 677; x_wconf 91' lang='lat' dir='ltr'>De</span> <span class='ocrx_word' id='word_1_33' title='bbox 1199 616 1392 677; x_wconf 90' lang='lat' dir='ltr'>tribus</span> <span class='ocrx_word' id='word_1_34' title='bbox 1421 616 1614 691; x_wconf 85' lang='lat' dir='ltr'>enim,</span> <span class='ocrx_word' id='word_1_35' title='bbox 1644 632 1800 691; x_wconf 90' lang='lat' dir='ltr'>quae</span> <span class='ocrx_word' id='word_1_36' title='bbox 1825 617 2168 692; x_wconf 82' lang='lat' dir='ltr'>proposui,</span> <span class='ocrx_word' id='word_1_37' title='bbox 2209 619 2342 681; x_wconf 86' lang='lat' dir='ltr'>hoc</span> <span class='ocrx_word' id='word_1_38' title='bbox 2369 636 2460 679; x_wconf 79' lang='lat' dir='ltr'>ex·</span> 
     </span>
     <span class='ocr_line' id='line_1_6' title="bbox 367 699 2467 776; baseline -0 -15"><span class='ocrx_word' id='word_1_39' title='bbox 367 709 619 761; x_wconf 85' lang='lat' dir='ltr'>tremum</span> <span class='ocrx_word' id='word_1_40' title='bbox 663 709 775 761; x_wconf 89' lang='lat' dir='ltr'>est.</span> <span class='ocrx_word' id='word_1_41' title='bbox 864 700 1031 773; x_wconf 84' lang='lat' dir='ltr'>Quae</span> <span class='ocrx_word' id='word_1_42' title='bbox 1068 708 1272 776; x_wconf 91' lang='lat' dir='ltr'>potest</span> <span class='ocrx_word' id='word_1_43' title='bbox 1300 715 1424 775; x_wconf 85' lang='lat' dir='ltr'>pax</span> <span class='ocrx_word' id='word_1_44' title='bbox 1455 715 1598 760; x_wconf 91' lang='lat' dir='ltr'>esse</span> <span class='ocrx_word' id='word_1_45' title='bbox 1618 699 1700 759; x_wconf 89' lang='lat' dir='ltr'>M.</span> <span class='ocrx_word' id='word_1_46' title='bbox 1725 702 1991 761; x_wconf 87' lang='lat' dir='ltr'>Antonio</span> <span class='ocrx_word' id='word_1_47' title='bbox 2014 701 2307 773; x_wconf 88' lang='lat' dir='ltr'>primum</span> <span class='ocrx_word' id='word_1_48' title='bbox 2338 720 2467 763; x_wconf 87' lang='lat' dir='ltr'>cum</span> 
     </span>
     <span class='ocr_line' id='line_1_7' title="bbox 370 782 2466 859; baseline 0.001 -15"><span class='ocrx_word' id='word_1_49' title='bbox 370 792 627 845; x_wconf 67' lang='lat' dir='ltr'>senatu?</span> <span class='ocrx_word' id='word_1_50' title='bbox 704 801 827 859; x_wconf 93' lang='lat' dir='ltr'>quo</span> <span class='ocrx_word' id='word_1_51' title='bbox 858 800 965 844; x_wconf 93' lang='lat' dir='ltr'>ore</span> <span class='ocrx_word' id='word_1_52' title='bbox 1000 801 1114 845; x_wconf 87' lang='lat' dir='ltr'>vos</span> <span class='ocrx_word' id='word_1_53' title='bbox 1146 785 1245 843; x_wconf 90' lang='lat' dir='ltr'>ille</span> <span class='ocrx_word' id='word_1_54' title='bbox 1283 782 1531 859; x_wconf 87' lang='lat' dir='ltr'>poterit,</span> <span class='ocrx_word' id='word_1_55' title='bbox 1573 782 1799 857; x_wconf 84' lang='lat' dir='ltr'>quibus</span> <span class='ocrx_word' id='word_1_56' title='bbox 1827 782 2102 843; x_wconf 89' lang='lat' dir='ltr'>vicissim</span> <span class='ocrx_word' id='word_1_57' title='bbox 2140 801 2275 845; x_wconf 87' lang='lat' dir='ltr'>vos</span> <span class='ocrx_word' id='word_1_58' title='bbox 2307 786 2466 846; x_wconf 89' lang='lat' dir='ltr'>illum</span> 
     </span>
     <span class='ocr_line' id='line_1_8' title="bbox 369 866 2466 940; baseline -0 -11"><span class='ocrx_word' id='word_1_59' title='bbox 369 871 563 929; x_wconf 90' lang='lat' dir='ltr'>oculis</span> <span class='ocrx_word' id='word_1_60' title='bbox 593 866 853 929; x_wconf 70' lang='lat' dir='ltr'>intueri?</span> <span class='ocrx_word' id='word_1_61' title='bbox 939 867 1085 940; x_wconf 84' lang='lat' dir='ltr'>Quis</span> <span class='ocrx_word' id='word_1_62' title='bbox 1121 873 1390 928; x_wconf 89' lang='lat' dir='ltr'>vestrum</span> <span class='ocrx_word' id='word_1_63' title='bbox 1422 868 1613 938; x_wconf 90' lang='lat' dir='ltr'>illum,</span> <span class='ocrx_word' id='word_1_64' title='bbox 1660 882 1838 939; x_wconf 91' lang='lat' dir='ltr'>quem</span> <span class='ocrx_word' id='word_1_65' title='bbox 1871 867 1971 925; x_wconf 93' lang='lat' dir='ltr'>ille</span> <span class='ocrx_word' id='word_1_66' title='bbox 2002 875 2306 929; x_wconf 82' lang='lat' dir='ltr'>vestrum</span> <span class='ocrx_word' id='word_1_67' title='bbox 2355 887 2466 929; x_wconf 87' lang='lat' dir='ltr'>non</span> 
     </span>
     <span class='ocr_line' id='line_1_9' title="bbox 369 949 2500 1026; baseline 0 -14"><span class='ocrx_word' id='word_1_68' title='bbox 369 950 608 1012; x_wconf 68' lang='lat' dir='ltr'>oderit?</span> <span class='ocrx_word' id='word_1_69' title='bbox 660 954 821 1025; x_wconf 81' lang='lat' dir='ltr'>Age,</span> <span class='ocrx_word' id='word_1_70' title='bbox 854 966 969 1009; x_wconf 87' lang='lat' dir='ltr'>vos</span> <span class='ocrx_word' id='word_1_71' title='bbox 999 950 1098 1009; x_wconf 90' lang='lat' dir='ltr'>ille</span> <span class='ocrx_word' id='word_1_72' title='bbox 1130 950 1329 1010; x_wconf 89' lang='lat' dir='ltr'>solum</span> <span class='ocrx_word' id='word_1_73' title='bbox 1356 958 1420 1011; x_wconf 85' lang='lat' dir='ltr'>et</span> <span class='ocrx_word' id='word_1_74' title='bbox 1451 966 1565 1009; x_wconf 91' lang='lat' dir='ltr'>vos</span> <span class='ocrx_word' id='word_1_75' title='bbox 1594 950 1803 1009; x_wconf 70' lang='lat' dir='ltr'>illum?</span> <span class='ocrx_word' id='word_1_76' title='bbox 1844 949 2042 1022; x_wconf 70' lang='lat' dir='ltr'>Quid?</span> <span class='ocrx_word' id='word_1_77' title='bbox 2090 950 2153 1022; x_wconf 87' lang='lat' dir='ltr'>ii,</span> <span class='ocrx_word' id='word_1_78' title='bbox 2194 954 2314 1026; x_wconf 89' lang='lat' dir='ltr'>qui</span> <span class='ocrx_word' id='word_1_79' title='bbox 2344 954 2463 1013; x_wconf 85' lang='lat' dir='ltr'>Mu·</span> <span class='ocrx_word' id='word_1_80' title='bbox 2496 989 2500 1026; x_wconf 84' lang='lat'><em>=</em></span> 
     </span>
     <span class='ocr_line' id='line_1_10' title="bbox 369 1032 2500 1109; baseline 0 -14"><span class='ocrx_word' id='word_1_81' title='bbox 369 1036 551 1096; x_wconf 87' lang='lat' dir='ltr'>tinam</span> <span class='ocrx_word' id='word_1_82' title='bbox 582 1033 1057 1105; x_wconf 86' lang='lat' dir='ltr'>circumsedent,</span> <span class='ocrx_word' id='word_1_83' title='bbox 1090 1032 1278 1107; x_wconf 91' lang='lat' dir='ltr'>quiin</span> <span class='ocrx_word' id='word_1_84' title='bbox 1311 1032 1504 1093; x_wconf 86' lang='lat' dir='ltr'>Gallia</span> <span class='ocrx_word' id='word_1_85' title='bbox 1525 1034 1783 1094; x_wconf 87' lang='lat' dir='ltr'>dilectus</span> <span class='ocrx_word' id='word_1_86' title='bbox 1820 1034 2076 1105; x_wconf 82' lang='lat' dir='ltr'>liabent,</span> <span class='ocrx_word' id='word_1_87' title='bbox 2116 1036 2241 1109; x_wconf 85' lang='lat' dir='ltr'>qui</span> <span class='ocrx_word' id='word_1_88' title='bbox 2274 1036 2341 1095; x_wconf 90' lang='lat' dir='ltr'>in</span> <span class='ocrx_word' id='word_1_89' title='bbox 2373 1054 2462 1095; x_wconf 89' lang='lat' dir='ltr'>ve·</span> <span class='ocrx_word' id='word_1_90' title='bbox 2496 1073 2500 1078; x_wconf 69' lang='grc'><strong>«</strong></span> 
     </span>
     <span class='ocr_line' id='line_1_11' title="bbox 369 1115 2465 1190; baseline 0 -12"><span class='ocrx_word' id='word_1_91' title='bbox 369 1127 525 1178; x_wconf 89' lang='lat' dir='ltr'>stras</span> <span class='ocrx_word' id='word_1_92' title='bbox 562 1119 833 1177; x_wconf 77' lang='lat' dir='ltr'>fortunas</span> <span class='ocrx_word' id='word_1_93' title='bbox 864 1115 1202 1189; x_wconf 86' lang='lat' dir='ltr'>imminent,</span> <span class='ocrx_word' id='word_1_94' title='bbox 1246 1116 1425 1176; x_wconf 90' lang='lat' dir='ltr'>amici</span> <span class='ocrx_word' id='word_1_95' title='bbox 1452 1132 1740 1190; x_wconf 90' lang='lat' dir='ltr'>umquam</span> <span class='ocrx_word' id='word_1_96' title='bbox 1778 1115 1952 1175; x_wconf 90' lang='lat' dir='ltr'>vobis</span> <span class='ocrx_word' id='word_1_97' title='bbox 1984 1126 2179 1178; x_wconf 90' lang='lat' dir='ltr'>erunt</span> <span class='ocrx_word' id='word_1_98' title='bbox 2213 1129 2334 1180; x_wconf 85' lang='lat' dir='ltr'>aut</span> <span class='ocrx_word' id='word_1_99' title='bbox 2364 1137 2465 1180; x_wconf 83' lang='lat' dir='ltr'>vos</span> 
     </span>
     <span class='ocr_line' id='line_1_12' title="bbox 369 1198 2460 1275; baseline 0 -15"><span class='ocrx_word' id='word_1_100' title='bbox 369 1200 530 1260; x_wconf 69' lang='lat' dir='ltr'>illis?</span> <span class='ocrx_word' id='word_1_101' title='bbox 588 1201 683 1259; x_wconf 90' lang='lat' dir='ltr'>An</span> <span class='ocrx_word' id='word_1_102' title='bbox 726 1198 966 1275; x_wconf 83' lang='lat' dir='ltr'>equites</span> <span class='ocrx_word' id='word_1_103' title='bbox 995 1200 1308 1262; x_wconf 88' lang='lat' dir='ltr'>Romanos</span> <span class='ocrx_word' id='word_1_104' title='bbox 1345 1201 1783 1275; x_wconf 68' lang='lat' dir='ltr'>amplectetur?</span> <span class='ocrx_word' id='word_1_105' title='bbox 1838 1198 2095 1259; x_wconf 84' lang='lat' dir='ltr'>Occulta</span> <span class='ocrx_word' id='word_1_106' title='bbox 2141 1202 2326 1262; x_wconf 90' lang='lat' dir='ltr'>enim</span> <span class='ocrx_word' id='word_1_107' title='bbox 2371 1203 2460 1262; x_wconf 80' lang='lat' dir='ltr'>luit</span> 
     </span>
     <span class='ocr_line' id='line_1_13' title="bbox 370 1281 2457 1359; baseline -0 -15"><span class='ocrx_word' id='word_1_108' title='bbox 370 1300 584 1344; x_wconf 86' lang='lat' dir='ltr'>eorum</span> <span class='ocrx_word' id='word_1_109' title='bbox 618 1284 903 1344; x_wconf 89' lang='lat' dir='ltr'>voluntas</span> <span class='ocrx_word' id='word_1_110' title='bbox 934 1281 1351 1359; x_wconf 89' lang='lat' dir='ltr'>iudiciumque</span> <span class='ocrx_word' id='word_1_111' title='bbox 1387 1284 1465 1343; x_wconf 85' lang='lat' dir='ltr'>de</span> <span class='ocrx_word' id='word_1_112' title='bbox 1496 1281 1796 1343; x_wconf 81' lang='lat' dir='ltr'>Antonio=</span> <span class='ocrx_word' id='word_1_113' title='bbox 1829 1281 1930 1357; x_wconf 90' lang='lat' dir='ltr'>qui</span> <span class='ocrx_word' id='word_1_114' title='bbox 1962 1283 2457 1358; x_wconf 76' lang='lat' dir='ltr'>frequentissimi</span> 
     </span>
     <span class='ocr_line' id='line_1_14' title="bbox 369 1365 2455 1441; baseline 0.001 -15"><span class='ocrx_word' id='word_1_115' title='bbox 369 1370 426 1426; x_wconf 89' lang='lat' dir='ltr'>in</span> <span class='ocrx_word' id='word_1_116' title='bbox 457 1366 750 1441; x_wconf 85' lang='lat' dir='ltr'>gradibus</span> <span class='ocrx_word' id='word_1_117' title='bbox 780 1367 1158 1427; x_wconf 87' lang='lat' dir='ltr'>Concordiae</span> <span class='ocrx_word' id='word_1_118' title='bbox 1190 1374 1516 1427; x_wconf 87' lang='lat' dir='ltr'>steterunt=</span> <span class='ocrx_word' id='word_1_119' title='bbox 1551 1366 1655 1440; x_wconf 90' lang='lat' dir='ltr'>qui</span> <span class='ocrx_word' id='word_1_120' title='bbox 1688 1382 1806 1426; x_wconf 90' lang='lat' dir='ltr'>nos</span> <span class='ocrx_word' id='word_1_121' title='bbox 1847 1366 1926 1426; x_wconf 87' lang='lat' dir='ltr'>ad</span> <span class='ocrx_word' id='word_1_122' title='bbox 1970 1365 2343 1429; x_wconf 89' lang='lat' dir='ltr'>libertatem</span> <span class='ocrx_word' id='word_1_123' title='bbox 2383 1386 2455 1428; x_wconf 86' lang='lat' dir='ltr'>re-</span> 
     </span>
     <span class='ocr_line' id='line_1_15' title="bbox 369 1450 2453 1525; baseline 0 -14"><span class='ocrx_word' id='word_1_124' title='bbox 369 1452 780 1525; x_wconf 88' lang='lat' dir='ltr'>cuperandam</span> <span class='ocrx_word' id='word_1_125' title='bbox 811 1450 1261 1511; x_wconf 79' lang='lat' dir='ltr'>excitaverunt:</span> <span class='ocrx_word' id='word_1_126' title='bbox 1293 1466 1490 1522; x_wconf 88' lang='lat' dir='ltr'>arma,</span> <span class='ocrx_word' id='word_1_127' title='bbox 1527 1466 1707 1524; x_wconf 85' lang='lat' dir='ltr'>saga,</span> <span class='ocrx_word' id='word_1_128' title='bbox 1735 1450 1958 1510; x_wconf 91' lang='lat' dir='ltr'>bellum</span> <span class='ocrx_word' id='word_1_129' title='bbox 1984 1450 2453 1525; x_wconf 80' lang='lat' dir='ltr'>flagitaverunt:</span> 
     </span>
     <span class='ocr_line' id='line_1_16' title="bbox 371 1533 2449 1609; baseline 0.001 -15"><span class='ocrx_word' id='word_1_130' title='bbox 371 1551 464 1594; x_wconf 92' lang='lat' dir='ltr'>me</span> <span class='ocrx_word' id='word_1_131' title='bbox 496 1551 618 1595; x_wconf 90' lang='lat' dir='ltr'>una</span> <span class='ocrx_word' id='word_1_132' title='bbox 651 1550 787 1594; x_wconf 93' lang='lat' dir='ltr'>cum</span> <span class='ocrx_word' id='word_1_133' title='bbox 823 1535 1051 1609; x_wconf 89' lang='lat' dir='ltr'>populo</span> <span class='ocrx_word' id='word_1_134' title='bbox 1083 1533 1408 1595; x_wconf 88' lang='lat' dir='ltr'>Romano</span> <span class='ocrx_word' id='word_1_135' title='bbox 1393 1552 1451 1593; x_wconf 85' lang='lat' dir='ltr'>in</span> <span class='ocrx_word' id='word_1_136' title='bbox 1496 1534 1838 1594; x_wconf 86' lang='lat' dir='ltr'>contionem</span> <span class='ocrx_word' id='word_1_137' title='bbox 1875 1545 2312 1598; x_wconf 87' lang='lat' dir='ltr'>vocaverunt·</span> <span class='ocrx_word' id='word_1_138' title='bbox 2369 1536 2449 1596; x_wconf 80' lang='grc'>22</span> 
     </span>
     <span class='ocr_line' id='line_1_17' title="bbox 369 1614 2500 1713; baseline 0 -37"><span class='ocrx_word' id='word_1_139' title='bbox 369 1617 428 1677; x_wconf 85' lang='lat' dir='ltr'>hi</span> <span class='ocrx_word' id='word_1_140' title='bbox 464 1617 791 1679; x_wconf 87' lang='lat' dir='ltr'>Antonium</span> <span class='ocrx_word' id='word_1_141' title='bbox 829 1616 1090 1713; x_wconf 77' lang='lat' dir='ltr'>diligent</span> <span class='ocrx_word' id='word_1_142' title='bbox 1117 1626 1179 1677; x_wconf 88' lang='lat' dir='ltr'>et</span> <span class='ocrx_word' id='word_1_143' title='bbox 1222 1633 1359 1677; x_wconf 86' lang='lat' dir='ltr'>cum</span> <span class='ocrx_word' id='word_1_144' title='bbox 1403 1614 1497 1677; x_wconf 88' lang='lat' dir='ltr'>his</span> <span class='ocrx_word' id='word_1_145' title='bbox 1540 1632 1755 1691; x_wconf 89' lang='lat' dir='ltr'>pacem</span> <span class='ocrx_word' id='word_1_146' title='bbox 1786 1616 2060 1677; x_wconf 88' lang='lat' dir='ltr'>servabit</span> <span class='ocrx_word' id='word_1_147' title='bbox 2098 1620 2452 1680; x_wconf 60' lang='lat' dir='ltr'>Antoniusll</span> <span class='ocrx_word' id='word_1_148' title='bbox 2498 1673 2500 1676; x_wconf 84' lang='lat'>.</span> 
     </span>
     <span class='ocr_line' id='line_1_18' title="bbox 365 1685 2500 1778; baseline -0 -17"><span class='ocrx_word' id='word_1_149' title='bbox 365 1702 512 1762; x_wconf 89' lang='lat' dir='ltr'>Nam</span> <span class='ocrx_word' id='word_1_150' title='bbox 541 1701 686 1777; x_wconf 86' lang='lat' dir='ltr'>quid</span> <span class='ocrx_word' id='word_1_151' title='bbox 711 1717 827 1777; x_wconf 85' lang='lat' dir='ltr'>ego</span> <span class='ocrx_word' id='word_1_152' title='bbox 860 1702 938 1760; x_wconf 91' lang='lat' dir='ltr'>de</span> <span class='ocrx_word' id='word_1_153' title='bbox 966 1685 1256 1761; x_wconf 76' lang='lat' dir='ltr'>uni‘verso</span> <span class='ocrx_word' id='word_1_154' title='bbox 1291 1701 1522 1777; x_wconf 90' lang='lat' dir='ltr'>populo</span> <span class='ocrx_word' id='word_1_155' title='bbox 1547 1702 1821 1762; x_wconf 85' lang='lat' dir='ltr'>Romano</span> <span class='ocrx_word' id='word_1_156' title='bbox 1851 1700 2097 1760; x_wconf 64' lang='lat' dir='ltr'>dicam?</span> <span class='ocrx_word' id='word_1_157' title='bbox 2129 1705 2248 1777; x_wconf 89' lang='lat' dir='ltr'>qui</span> <span class='ocrx_word' id='word_1_158' title='bbox 2283 1706 2449 1778; x_wconf 87' lang='lat' dir='ltr'>pleno</span> <span class='ocrx_word' id='word_1_159' title='bbox 2498 1697 2500 1716; x_wconf 93' lang='lat'>&#39;</span> 
     </span>
     <span class='ocr_line' id='line_1_19' title="bbox 369 1783 2443 1859; baseline 0 -15"><span class='ocrx_word' id='word_1_160' title='bbox 369 1802 439 1846; x_wconf 90' lang='lat' dir='ltr'>ac</span> <span class='ocrx_word' id='word_1_161' title='bbox 482 1787 706 1845; x_wconf 79' lang='lat' dir='ltr'>referto</span> <span class='ocrx_word' id='word_1_162' title='bbox 742 1786 873 1844; x_wconf 76' lang='lat' dir='ltr'>foro</span> <span class='ocrx_word' id='word_1_163' title='bbox 919 1785 1012 1844; x_wconf 90' lang='lat' dir='ltr'>bis</span> <span class='ocrx_word' id='word_1_164' title='bbox 1058 1799 1154 1843; x_wconf 90' lang='lat' dir='ltr'>me</span> <span class='ocrx_word' id='word_1_165' title='bbox 1194 1802 1315 1844; x_wconf 88' lang='lat' dir='ltr'>una</span> <span class='ocrx_word' id='word_1_166' title='bbox 1355 1791 1556 1845; x_wconf 90' lang='lat' dir='ltr'>mente</span> <span class='ocrx_word' id='word_1_167' title='bbox 1593 1792 1778 1859; x_wconf 85' lang='lat' dir='ltr'>atque</span> <span class='ocrx_word' id='word_1_168' title='bbox 1813 1800 1965 1845; x_wconf 90' lang='lat' dir='ltr'>voce</span> <span class='ocrx_word' id='word_1_169' title='bbox 2002 1783 2062 1842; x_wconf 93' lang='lat' dir='ltr'>in</span> <span class='ocrx_word' id='word_1_170' title='bbox 2098 1787 2443 1847; x_wconf 85' lang='lat' dir='ltr'>contionem</span> 
     </span>
     <span class='ocr_line' id='line_1_20' title="bbox 369 1867 2434 1942; baseline 0 -15"><span class='ocrx_word' id='word_1_171' title='bbox 369 1870 610 1929; x_wconf 86' lang='lat' dir='ltr'>vocavit</span> <span class='ocrx_word' id='word_1_172' title='bbox 652 1867 1107 1942; x_wconf 86' lang='lat' dir='ltr'>declaravitque</span> <span class='ocrx_word' id='word_1_173' title='bbox 1149 1868 1471 1928; x_wconf 86' lang='lat' dir='ltr'>maximam</span> <span class='ocrx_word' id='word_1_174' title='bbox 1513 1867 1801 1928; x_wconf 86' lang='lat' dir='ltr'>libertatis</span> <span class='ocrx_word' id='word_1_175' title='bbox 1843 1872 2332 1942; x_wconf 85' lang='lat' dir='ltr'>recuperandae</span> <span class='ocrx_word' id='word_1_176' title='bbox 2361 1886 2434 1929; x_wconf 78' lang='lat' dir='ltr'>cn</span> 
     </span>
     <span class='ocr_line' id='line_1_21' title="bbox 370 1951 2438 2029; baseline 0.001 -17"><span class='ocrx_word' id='word_1_177' title='bbox 370 1951 699 2028; x_wconf 88' lang='lat' dir='ltr'>piditatem.</span> <span class='ocrx_word' id='word_1_178' title='bbox 787 1953 902 2022; x_wconf 91' lang='lat' dir='ltr'>Ita,</span> <span class='ocrx_word' id='word_1_179' title='bbox 957 1952 1123 2028; x_wconf 91' lang='lat' dir='ltr'>quod</span> <span class='ocrx_word' id='word_1_180' title='bbox 1153 1961 1284 2013; x_wconf 90' lang='lat' dir='ltr'>erat</span> <span class='ocrx_word' id='word_1_181' title='bbox 1313 1952 1580 2028; x_wconf 87' lang='lat' dir='ltr'>optabile</span> <span class='ocrx_word' id='word_1_182' title='bbox 1623 1960 1830 2024; x_wconf 81' lang='lat' dir='ltr'>antea,</span> <span class='ocrx_word' id='word_1_183' title='bbox 1882 1960 1951 2029; x_wconf 80' lang='lat' dir='ltr'>ut</span> <span class='ocrx_word' id='word_1_184' title='bbox 1991 1956 2311 2028; x_wconf 82' lang='lat' dir='ltr'>populum</span> <span class='ocrx_word' id='word_1_185' title='bbox 2342 1955 2438 2014; x_wconf 74' lang='lat' dir='ltr'>Ro</span> 
     </span>
     <span class='ocr_line' id='line_1_22' title="bbox 369 2036 2443 2112; baseline 0 -18"><span class='ocrx_word' id='word_1_186' title='bbox 369 2053 610 2096; x_wconf 90' lang='lat' dir='ltr'>manum</span> <span class='ocrx_word' id='word_1_187' title='bbox 652 2036 933 2096; x_wconf 88' lang='lat' dir='ltr'>comitem</span> <span class='ocrx_word' id='word_1_188' title='bbox 974 2036 1368 2108; x_wconf 80' lang='lat' dir='ltr'>haberemuS‚</span> <span class='ocrx_word' id='word_1_189' title='bbox 1420 2051 1581 2096; x_wconf 91' lang='lat' dir='ltr'>nunc</span> <span class='ocrx_word' id='word_1_190' title='bbox 1613 2036 1908 2096; x_wconf 84' lang='lat' dir='ltr'>babemus</span> <span class='ocrx_word' id='word_1_191' title='bbox 1940 2036 2193 2096; x_wconf 87' lang='lat' dir='ltr'>ducem.</span> <span class='ocrx_word' id='word_1_192' title='bbox 2292 2038 2443 2112; x_wconf 79' lang='lat' dir='ltr'>Quae</span> 
     </span>
     <span class='ocr_line' id='line_1_23' title="bbox 367 2118 2439 2196; baseline -0.001 -15"><span class='ocrx_word' id='word_1_193' title='bbox 367 2130 462 2181; x_wconf 90' lang='lat' dir='ltr'>est</span> <span class='ocrx_word' id='word_1_194' title='bbox 490 2119 671 2193; x_wconf 82' lang='lat' dir='ltr'>igitur</span> <span class='ocrx_word' id='word_1_195' title='bbox 697 2135 874 2194; x_wconf 80' lang='lat' dir='ltr'>speS,</span> <span class='ocrx_word' id='word_1_196' title='bbox 907 2119 1012 2193; x_wconf 91' lang='lat' dir='ltr'>qui</span> <span class='ocrx_word' id='word_1_197' title='bbox 1043 2118 1331 2180; x_wconf 85' lang='lat' dir='ltr'>Mutinam</span> <span class='ocrx_word' id='word_1_198' title='bbox 1359 2118 1839 2193; x_wconf 84' lang='lat' dir='ltr'>circumsedent,</span> <span class='ocrx_word' id='word_1_199' title='bbox 1870 2119 2321 2194; x_wconf 86' lang='lat' dir='ltr'>imperatorem</span> <span class='ocrx_word' id='word_1_200' title='bbox 2354 2137 2439 2196; x_wconf 88' lang='lat' dir='ltr'>po·</span> 
     </span>
     <span class='ocr_line' id='line_1_24' title="bbox 370 2201 2438 2280; baseline -0.001 -16"><span class='ocrx_word' id='word_1_201' title='bbox 370 2205 493 2279; x_wconf 92' lang='lat' dir='ltr'>puli</span> <span class='ocrx_word' id='word_1_202' title='bbox 529 2203 786 2264; x_wconf 88' lang='lat' dir='ltr'>Romani</span> <span class='ocrx_word' id='word_1_203' title='bbox 828 2201 1291 2278; x_wconf 87' lang='lat' dir='ltr'>exercitumque</span> <span class='ocrx_word' id='word_1_204' title='bbox 1332 2210 1718 2278; x_wconf 81' lang='lat' dir='ltr'>oppugnant,</span> <span class='ocrx_word' id='word_1_205' title='bbox 1782 2202 1856 2263; x_wconf 87' lang='lat' dir='ltr'>iis</span> <span class='ocrx_word' id='word_1_206' title='bbox 1900 2219 2119 2277; x_wconf 86' lang='lat' dir='ltr'>pacem</span> <span class='ocrx_word' id='word_1_207' title='bbox 2167 2219 2438 2280; x_wconf 81' lang='lat' dir='ltr'>cum-po-</span> 
     </span>
     <span class='ocr_line' id='line_1_25' title="bbox 370 2284 2441 2362; baseline -0 -17"><span class='ocrx_word' id='word_1_208' title='bbox 370 2288 513 2362; x_wconf 91' lang='lat' dir='ltr'>pulo</span> <span class='ocrx_word' id='word_1_209' title='bbox 537 2287 811 2346; x_wconf 86' lang='lat' dir='ltr'>Romano</span> <span class='ocrx_word' id='word_1_210' title='bbox 847 2302 991 2346; x_wconf 90' lang='lat' dir='ltr'>esse</span> <span class='ocrx_word' id='word_1_211' title='bbox 1023 2293 1254 2360; x_wconf 71' lang='lat' dir='ltr'>posse?</span> <span class='ocrx_word' id='word_1_212' title='bbox 1334 2284 1434 2346; x_wconf 86' lang='grc'>23.</span> <span class='ocrx_word' id='word_1_213' title='bbox 1479 2290 1575 2347; x_wconf 87' lang='lat' dir='ltr'>An</span> <span class='ocrx_word' id='word_1_214' title='bbox 1608 2303 1745 2346; x_wconf 91' lang='lat' dir='ltr'>cum</span> <span class='ocrx_word' id='word_1_215' title='bbox 1774 2285 2124 2360; x_wconf 87' lang='lat' dir='ltr'>municipiis</span> <span class='ocrx_word' id='word_1_216' title='bbox 2158 2304 2304 2362; x_wconf 83' lang='lat' dir='ltr'>pax.</span> <span class='ocrx_word' id='word_1_217' title='bbox 2329 2289 2441 2357; x_wconf 84' lang='lat' dir='ltr'>erit,</span> 
     </span>
     <span class='ocr_line' id='line_1_26' title="bbox 370 2367 2438 2444; baseline 0 -15"><span class='ocrx_word' id='word_1_218' title='bbox 370 2385 628 2444; x_wconf 87' lang='lat' dir='ltr'>quorum</span> <span class='ocrx_word' id='word_1_219' title='bbox 665 2376 828 2429; x_wconf 86' lang='lat' dir='ltr'>tanta</span> <span class='ocrx_word' id='word_1_220' title='bbox 857 2367 1060 2428; x_wconf 87' lang='lat' dir='ltr'>studia</span> <span class='ocrx_word' id='word_1_221' title='bbox 1094 2379 1553 2444; x_wconf 86' lang='lat' dir='ltr'>cognoscuntur</span> <span class='ocrx_word' id='word_1_222' title='bbox 1583 2369 1641 2429; x_wconf 92' lang='lat' dir='ltr'>in</span> <span class='ocrx_word' id='word_1_223' title='bbox 1675 2369 1937 2430; x_wconf 85' lang='lat' dir='ltr'>decretis</span> <span class='ocrx_word' id='word_1_224' title='bbox 1970 2368 2321 2444; x_wconf 77' lang='lat' dir='ltr'>faciendis,</span> <span class='ocrx_word' id='word_1_225' title='bbox 2351 2371 2438 2430; x_wconf 85' lang='lat' dir='ltr'>mi·</span> 
     </span>
     <span class='ocr_line' id='line_1_27' title="bbox 368 2451 2440 2530; baseline -0 -19"><span class='ocrx_word' id='word_1_226' title='bbox 368 2451 570 2512; x_wconf 89' lang='lat' dir='ltr'>litibus</span> <span class='ocrx_word' id='word_1_227' title='bbox 615 2452 864 2525; x_wconf 86' lang='lat' dir='ltr'>dandis,</span> <span class='ocrx_word' id='word_1_228' title='bbox 919 2451 1195 2527; x_wconf 89' lang='lat' dir='ltr'>pecuniis</span> <span class='ocrx_word' id='word_1_229' title='bbox 1239 2453 1638 2528; x_wconf 84' lang='lat' dir='ltr'>pollicendiS,</span> <span class='ocrx_word' id='word_1_230' title='bbox 1692 2462 1757 2514; x_wconf 90' lang='lat' dir='ltr'>ut</span> <span class='ocrx_word' id='word_1_231' title='bbox 1793 2453 1850 2512; x_wconf 94' lang='lat' dir='ltr'>in</span> <span class='ocrx_word' id='word_1_232' title='bbox 1896 2452 2161 2526; x_wconf 81' lang='lat' dir='ltr'>singulis</span> <span class='ocrx_word' id='word_1_233' title='bbox 2195 2455 2440 2530; x_wconf 84' lang='lat' dir='ltr'>oppidis</span> 
     </span>
     <span class='ocr_line' id='line_1_28' title="bbox 369 2535 2439 2610; baseline -0.001 -14"><span class='ocrx_word' id='word_1_234' title='bbox 369 2535 594 2596; x_wconf 88' lang='lat' dir='ltr'>curiam</span> <span class='ocrx_word' id='word_1_235' title='bbox 634 2535 848 2610; x_wconf 89' lang='lat' dir='ltr'>populi</span> <span class='ocrx_word' id='word_1_236' title='bbox 885 2535 1144 2596; x_wconf 88' lang='lat' dir='ltr'>Romani</span> <span class='ocrx_word' id='word_1_237' title='bbox 1183 2554 1305 2597; x_wconf 90' lang='lat' dir='ltr'>non</span> <span class='ocrx_word' id='word_1_238' title='bbox 1350 2536 1756 2598; x_wconf 71' lang='lat' dir='ltr'>desideretis?</span> <span class='ocrx_word' id='word_1_239' title='bbox 1817 2536 2133 2596; x_wconf 87' lang='lat' dir='ltr'>Laudandi</span> <span class='ocrx_word' id='word_1_240' title='bbox 2180 2547 2338 2596; x_wconf 90' lang='lat' dir='ltr'>sunt</span> <span class='ocrx_word' id='word_1_241' title='bbox 2376 2552 2439 2597; x_wconf 76' lang='lat' dir='ltr'>ex</span> 
     </span>
     <span class='ocr_line' id='line_1_29' title="bbox 369 2618 2439 2696; baseline -0.001 -16"><span class='ocrx_word' id='word_1_242' title='bbox 369 2620 549 2681; x_wconf 82' lang='lat' dir='ltr'>huius</span> <span class='ocrx_word' id='word_1_243' title='bbox 587 2619 820 2680; x_wconf 90' lang='lat' dir='ltr'>ordinis</span> <span class='ocrx_word' id='word_1_244' title='bbox 850 2620 1150 2683; x_wconf 87' lang='lat' dir='ltr'>sententia</span> <span class='ocrx_word' id='word_1_245' title='bbox 1179 2619 1473 2694; x_wconf 88' lang='lat' dir='ltr'>Firmani,</span> <span class='ocrx_word' id='word_1_246' title='bbox 1502 2620 1606 2696; x_wconf 87' lang='lat' dir='ltr'>qui</span> <span class='ocrx_word' id='word_1_247' title='bbox 1642 2619 1951 2694; x_wconf 89' lang='lat' dir='ltr'>principes</span> <span class='ocrx_word' id='word_1_248' title='bbox 1983 2618 2301 2693; x_wconf 88' lang='lat' dir='ltr'>pecuniae</span> <span class='ocrx_word' id='word_1_249' title='bbox 2326 2622 2439 2696; x_wconf 90' lang='lat' dir='ltr'>pol·</span> 
     </span>
     <span class='ocr_line' id='line_1_30' title="bbox 371 2702 2440 2778; baseline 0.001 -16"><span class='ocrx_word' id='word_1_250' title='bbox 371 2703 645 2764; x_wconf 87' lang='lat' dir='ltr'>licendae</span> <span class='ocrx_word' id='word_1_251' title='bbox 694 2705 961 2764; x_wconf 83' lang='lat' dir='ltr'>fuerunt=</span> <span class='ocrx_word' id='word_1_252' title='bbox 1012 2705 1511 2778; x_wconf 90' lang='lat' dir='ltr'>respondendum</span> <span class='ocrx_word' id='word_1_253' title='bbox 1545 2704 1881 2765; x_wconf 87' lang='lat' dir='ltr'>honorifice</span> <span class='ocrx_word' id='word_1_254' title='bbox 1920 2710 2017 2762; x_wconf 87' lang='lat' dir='ltr'>est</span> <span class='ocrx_word' id='word_1_255' title='bbox 2050 2702 2440 2773; x_wconf 85' lang='lat' dir='ltr'>Marrucinis,</span> 
     </span>
     <span class='ocr_line' id='line_1_31' title="bbox 369 2785 2440 2863; baseline -0 -17"><span class='ocrx_word' id='word_1_256' title='bbox 369 2787 473 2863; x_wconf 87' lang='lat' dir='ltr'>qui</span> <span class='ocrx_word' id='word_1_257' title='bbox 506 2787 836 2862; x_wconf 80' lang='lat' dir='ltr'>ignominia</span> <span class='ocrx_word' id='word_1_258' title='bbox 864 2788 1168 2848; x_wconf 88' lang='lat' dir='ltr'>notandos</span> <span class='ocrx_word' id='word_1_259' title='bbox 1201 2795 1572 2848; x_wconf 86' lang='lat' dir='ltr'>censuerunt</span> <span class='ocrx_word' id='word_1_260' title='bbox 1601 2803 1742 2859; x_wconf 66' lang='grc' dir='ltr'>θος,</span> <span class='ocrx_word' id='word_1_261' title='bbox 1775 2786 1828 2848; x_wconf 89' lang='lat' dir='ltr'>si</span> <span class='ocrx_word' id='word_1_262' title='bbox 1861 2785 1964 2862; x_wconf 89' lang='lat' dir='ltr'>qui</span> <span class='ocrx_word' id='word_1_263' title='bbox 1994 2785 2281 2847; x_wconf 87' lang='lat' dir='ltr'>militiam</span> <span class='ocrx_word' id='word_1_264' title='bbox 2313 2789 2440 2848; x_wconf 83' lang='lat' dir='ltr'>suh-</span> 
     </span>
     <span class='ocr_line' id='line_1_32' title="bbox 369 2868 2441 2945; baseline -0 -16"><span class='ocrx_word' id='word_1_265' title='bbox 369 2870 781 2945; x_wconf 76' lang='lat' dir='ltr'>tei-fugissent.</span> <span class='ocrx_word' id='word_1_266' title='bbox 870 2872 1037 2930; x_wconf 89' lang='lat' dir='ltr'>Haec</span> <span class='ocrx_word' id='word_1_267' title='bbox 1069 2871 1185 2930; x_wconf 85' lang='lat' dir='ltr'>iarn</span> <span class='ocrx_word' id='word_1_268' title='bbox 1219 2878 1345 2932; x_wconf 86' lang='lat' dir='ltr'>tota</span> <span class='ocrx_word' id='word_1_269' title='bbox 1374 2871 1544 2932; x_wconf 85' lang='lat' dir='ltr'>Italia</span> <span class='ocrx_word' id='word_1_270' title='bbox 1577 2868 1743 2931; x_wconf 82' lang='lat' dir='ltr'>fient.</span> <span class='ocrx_word' id='word_1_271' title='bbox 1828 2870 2053 2944; x_wconf 84' lang='lat' dir='ltr'>Magna</span> <span class='ocrx_word' id='word_1_272' title='bbox 2087 2886 2221 2944; x_wconf 88' lang='lat' dir='ltr'>pax</span> <span class='ocrx_word' id='word_1_273' title='bbox 2252 2874 2441 2931; x_wconf 80' lang='lat' dir='ltr'>Anto·</span> 
     </span>
     <span class='ocr_line' id='line_1_33' title="bbox 369 2951 2442 3030; baseline 0 -20"><span class='ocrx_word' id='word_1_274' title='bbox 369 2952 469 3013; x_wconf 92' lang='lat' dir='ltr'>nio</span> <span class='ocrx_word' id='word_1_275' title='bbox 501 2969 638 3013; x_wconf 90' lang='lat' dir='ltr'>cum</span> <span class='ocrx_word' id='word_1_276' title='bbox 666 2954 758 3027; x_wconf 84' lang='lat' dir='ltr'>iis,</span> <span class='ocrx_word' id='word_1_277' title='bbox 791 2952 888 3015; x_wconf 87' lang='lat' dir='ltr'>his</span> <span class='ocrx_word' id='word_1_278' title='bbox 911 2954 1051 3015; x_wconf 90' lang='lat' dir='ltr'>item</span> <span class='ocrx_word' id='word_1_279' title='bbox 1082 2971 1218 3014; x_wconf 87' lang='lat' dir='ltr'>cum</span> <span class='ocrx_word' id='word_1_280' title='bbox 1242 2953 1366 3014; x_wconf 91' lang='lat' dir='ltr'>illo.</span> <span class='ocrx_word' id='word_1_281' title='bbox 1399 2954 1566 3027; x_wconf 83' lang='lat' dir='ltr'>Quae</span> <span class='ocrx_word' id='word_1_282' title='bbox 1597 2961 1967 3030; x_wconf 85' lang='lat' dir='ltr'>potestesse</span> <span class='ocrx_word' id='word_1_283' title='bbox 1996 2951 2442 3014; x_wconf 82' lang='lat' dir='ltr'>maim-discor·</span> 
     </span>
     <span class='ocr_line' id='line_1_34' title="bbox 367 3035 2443 3112; baseline -0 -18"><span class='ocrx_word' id='word_1_284' title='bbox 367 3035 510 3094; x_wconf 68' lang='lat' dir='ltr'>dia?</span> <span class='ocrx_word' id='word_1_285' title='bbox 559 3036 623 3098; x_wconf 91' lang='lat' dir='ltr'>in</span> <span class='ocrx_word' id='word_1_286' title='bbox 666 3038 976 3098; x_wconf 84' lang='lat' dir='ltr'>discordia</span> <span class='ocrx_word' id='word_1_287' title='bbox 1006 3047 1204 3098; x_wconf 86' lang='lat' dir='ltr'>autem</span> <span class='ocrx_word' id='word_1_288' title='bbox 1242 3054 1364 3112; x_wconf 84' lang='lat' dir='ltr'>pax</span> <span class='ocrx_word' id='word_1_289' title='bbox 1393 3037 1588 3098; x_wconf 86' lang='lat' dir='ltr'>civilis</span> <span class='ocrx_word' id='word_1_290' title='bbox 1619 3056 1762 3100; x_wconf 90' lang='lat' dir='ltr'>esse</span> <span class='ocrx_word' id='word_1_291' title='bbox 1796 3037 1963 3097; x_wconf 84' lang='lat' dir='ltr'>nullo</span> <span class='ocrx_word' id='word_1_292' title='bbox 1994 3038 2182 3109; x_wconf 82' lang='lat' dir='ltr'>pacto</span> <span class='ocrx_word' id='word_1_293' title='bbox 2221 3045 2443 3110; x_wconf 72' lang='lat' dir='ltr'>potest.</span> 
     </span>
     <span class='ocr_line' id='line_1_35' title="bbox 365 3116 2442 3194; baseline 0 -18"><span class='ocrx_word' id='word_1_294' title='bbox 365 3116 465 3178; x_wconf 81' lang='grc'>24.</span> <span class='ocrx_word' id='word_1_295' title='bbox 514 3119 595 3179; x_wconf 87' lang='lat' dir='ltr'>Ut</span> <span class='ocrx_word' id='word_1_296' title='bbox 636 3119 904 3180; x_wconf 87' lang='lat' dir='ltr'>omittam</span> <span class='ocrx_word' id='word_1_297' title='bbox 948 3121 1424 3194; x_wconf 88' lang='lat' dir='ltr'>multitudinem,</span> <span class='ocrx_word' id='word_1_298' title='bbox 1478 3122 1544 3180; x_wconf 89' lang='lat' dir='ltr'>L.</span> <span class='ocrx_word' id='word_1_299' title='bbox 1572 3119 1845 3191; x_wconf 86' lang='lat' dir='ltr'>Visidio,</span> <span class='ocrx_word' id='word_1_300' title='bbox 1899 3117 2088 3194; x_wconf 89' lang='lat' dir='ltr'>equiti</span> <span class='ocrx_word' id='word_1_301' title='bbox 2136 3119 2442 3186; x_wconf 78' lang='lat' dir='ltr'>Romano,</span> 
     </span>
     <span class='ocr_line' id='line_1_36' title="bbox 367 3200 2441 3280; baseline 0.002 -22"><span class='ocrx_word' id='word_1_302' title='bbox 367 3200 591 3261; x_wconf 83' lang='lat' dir='ltr'>homini</span> <span class='ocrx_word' id='word_1_303' title='bbox 620 3200 682 3260; x_wconf 92' lang='lat' dir='ltr'>in</span> <span class='ocrx_word' id='word_1_304' title='bbox 719 3202 929 3277; x_wconf 88' lang='lat' dir='ltr'>primis</span> <span class='ocrx_word' id='word_1_305' title='bbox 965 3213 1177 3265; x_wconf 85' lang='lat' dir='ltr'>ornato</span> <span class='ocrx_word' id='word_1_306' title='bbox 1205 3213 1393 3280; x_wconf 89' lang='lat' dir='ltr'>atquc</span> <span class='ocrx_word' id='word_1_307' title='bbox 1421 3204 1683 3266; x_wconf 89' lang='lat' dir='ltr'>honesto</span> <span class='ocrx_word' id='word_1_308' title='bbox 1715 3204 1957 3279; x_wconf 89' lang='lat' dir='ltr'>civique</span> <span class='ocrx_word' id='word_1_309' title='bbox 1987 3218 2242 3277; x_wconf 88' lang='lat' dir='ltr'>semper</span> <span class='ocrx_word' id='word_1_310' title='bbox 2276 3219 2441 3278; x_wconf 76' lang='lat' dir='ltr'>egre-</span> 
     </span>
     <span class='ocr_line' id='line_1_37' title="bbox 365 3281 2439 3361; baseline 0.001 -21"><span class='ocrx_word' id='word_1_311' title='bbox 365 3281 495 3356; x_wconf 79' lang='lat' dir='ltr'>gio,</span> <span class='ocrx_word' id='word_1_312' title='bbox 536 3284 710 3342; x_wconf 90' lang='lat' dir='ltr'>cuius</span> <span class='ocrx_word' id='word_1_313' title='bbox 744 3300 859 3359; x_wconf 84' lang='lat' dir='ltr'>ego</span> <span class='ocrx_word' id='word_1_314' title='bbox 895 3287 1190 3348; x_wconf 87' lang='lat' dir='ltr'>excubias</span> <span class='ocrx_word' id='word_1_315' title='bbox 1226 3298 1287 3348; x_wconf 88' lang='lat' dir='ltr'>et</span> <span class='ocrx_word' id='word_1_316' title='bbox 1327 3288 1642 3349; x_wconf 89' lang='lat' dir='ltr'>custodias</span> <span class='ocrx_word' id='word_1_317' title='bbox 1671 3287 1790 3347; x_wconf 89' lang='lat' dir='ltr'>mei</span> <span class='ocrx_word' id='word_1_318' title='bbox 1820 3285 2036 3361; x_wconf 83' lang='lat' dir='ltr'>capitis</span> <span class='ocrx_word' id='word_1_319' title='bbox 2075 3286 2356 3360; x_wconf 83' lang='lat' dir='ltr'>cognovi</span> <span class='ocrx_word' id='word_1_320' title='bbox 2389 3286 2439 3344; x_wconf 88' lang='lat' dir='ltr'>in</span> 
     </span>
     <span class='ocr_line' id='line_1_38' title="bbox 366 3366 2442 3440; baseline 0.002 -18"><span class='ocrx_word' id='word_1_321' title='bbox 366 3366 685 3425; x_wconf 85' lang='lat' dir='ltr'>consulatu</span> <span class='ocrx_word' id='word_1_322' title='bbox 715 3383 879 3426; x_wconf 87' lang='lat' dir='ltr'>meo=</span> <span class='ocrx_word' id='word_1_323' title='bbox 914 3370 1016 3440; x_wconf 89' lang='lat' dir='ltr'>qui</span> <span class='ocrx_word' id='word_1_324' title='bbox 1044 3370 1280 3431; x_wconf 90' lang='lat' dir='ltr'>vicinos</span> <span class='ocrx_word' id='word_1_325' title='bbox 1306 3389 1456 3433; x_wconf 91' lang='lat' dir='ltr'>suos</span> <span class='ocrx_word' id='word_1_326' title='bbox 1492 3389 1614 3431; x_wconf 91' lang='lat' dir='ltr'>non</span> <span class='ocrx_word' id='word_1_327' title='bbox 1652 3371 2002 3432; x_wconf 86' lang='lat' dir='ltr'>cohortatus</span> <span class='ocrx_word' id='word_1_328' title='bbox 2023 3375 2120 3428; x_wconf 86' lang='lat' dir='ltr'>est</span> <span class='ocrx_word' id='word_1_329' title='bbox 2153 3370 2366 3429; x_wconf 83' lang='lat' dir='ltr'>solum</span> <span class='ocrx_word' id='word_1_330' title='bbox 2386 3378 2442 3427; x_wconf 80' lang='lat' dir='ltr'>ut</span> 
     </span>
     <span class='ocr_line' id='line_1_39' title="bbox 366 3443 2441 3521; baseline 0.006 -17"><span class='ocrx_word' id='word_1_331' title='bbox 366 3443 588 3507; x_wconf 74' lang='lat' dir='ltr'>milites</span> <span class='ocrx_word' id='word_1_332' title='bbox 615 3447 862 3521; x_wconf 81' lang='lat' dir='ltr'>fierent,</span> <span class='ocrx_word' id='word_1_333' title='bbox 903 3453 1015 3512; x_wconf 90' lang='lat' dir='ltr'>sed</span> <span class='ocrx_word' id='word_1_334' title='bbox 1046 3454 1226 3514; x_wconf 88' lang='lat' dir='ltr'>etiam</span> <span class='ocrx_word' id='word_1_335' title='bbox 1257 3456 1643 3516; x_wconf 74' lang='lat' dir='ltr'>facultatibus</span> <span class='ocrx_word' id='word_1_336' title='bbox 1686 3455 1815 3514; x_wconf 91' lang='lat' dir='ltr'>suis</span> <span class='ocrx_word' id='word_1_337' title='bbox 1853 3451 2230 3513; x_wconf 72' lang='lat' dir='ltr'>sublevavitz</span> <span class='ocrx_word' id='word_1_338' title='bbox 2283 3452 2441 3516; x_wconf 71' lang='lat' dir='ltr'>huin.</span> 
     </span>
    </p>
   </div>
   <div class='ocr_carea' id='block_1_3' title="bbox 2489 2577 2495 3364">
    <p class='ocr_par' dir='ltr' id='par_1_4' title="bbox 2489 2577 2495 3364">
     <span class='ocr_line' id='line_1_40' title="bbox 2489 2577 2495 3364; baseline 0 0"><span class='ocrx_word' id='word_1_339' title='bbox 2489 2577 2495 3364; x_wconf 95' lang='lat' dir='ltr'> </span> 
     </span>
    </p>
   </div>
   <div class='ocr_carea' id='block_1_4' title="bbox 1207 3608 1238 3631">
    <p class='ocr_par' dir='ltr' id='par_1_5' title="bbox 1207 3608 1238 3631">
     <span class='ocr_line' id='line_1_41' title="bbox 1207 3608 1238 3631; baseline 0 0"><span class='ocrx_word' id='word_1_340' title='bbox 1207 3608 1238 3631; x_wconf 64' lang='grc' dir='ltr'>Ο</span> 
     </span>
    </p>
   </div>
  </div>
 </body>
</html>
