2514 3928
871 373 957 454 M.
1014 377 1284 459 TULLn
1341 374 1768 458 clcERONlS

439 521 531 619 ΙΝ
593 525 693 620 Μ.
756 522 1244 621 ΑΝΤΟΝΙΠΜ
1309 522 1671 618 θΒΑΤΙθ
1703 518 2256 620 PfltLtPPch

1082 654 1554 753 SECUNDA.

993 955 1663 1017 ARGUMENTUM.

441 1060 605 1119 Quum
637 1057 704 1107 M.
731 1055 901 1106 Cicero
939 1055 1254 1119 superiorem
1290 1055 1568 1104 orationem
1602 1052 1880 1114 habuisset,
1915 1053 1983 1105 M.
2020 1056 2278 1108 Antonius
2325 1060 2380 1108 in

297 1127 475 1177 villam
495 1125 808 1175 Tiburtinam
826 1137 882 1173 se
901 1122 1125 1185 contulit,
1165 1123 1364 1186 utquid
1393 1122 1684 1173 adversario
1712 1122 2040 1187 responderet
2061 1135 2370 1176 commenta·

301 1204 454 1255 retur,
484 1209 584 1259 qna
610 1195 663 1243 in
679 1208 733 1242 re
753 1193 1063 1257 consumpsit
1080 1192 1438 1256 septemdecim
1458 1191 1587 1241 dies.
1627 1191 1683 1239 D.
1707 1190 1844 1241 xm.
1857 1189 2106 1242 Kalendas
2125 1192 2382 1245 Octobres

299 1266 371 1315 M.
401 1264 652 1313 Antonius
687 1262 737 1311 in
768 1267 1015 1325 senatum,
1054 1262 1140 1323 qui
1178 1260 1231 1309 in
1263 1260 1387 1310 aede
1418 1259 1725 1309 Concordiae
1762 1259 2066 1321 habebatur,
2099 1264 2254 1322 venit,
2296 1279 2382 1313 ar-

299 1333 451 1383 matis
486 1334 719 1397 stipatus,
751 1330 898 1393 quasi
930 1332 1035 1381 vim
1074 1330 1274 1380 timeret
1306 1328 1616 1379 denuntiatis
1649 1335 1765 1379 ante
1793 1327 2023 1379 Ciceroni
2066 1330 2376 1382 inimicitiis.

302 1403 466 1462 Quum
494 1400 667 1452 Cicero
698 1413 799 1450 non
833 1414 987 1448 ausus
1020 1406 1154 1449 esset
1180 1413 1239 1448 eo
1268 1398 1350 1447 die
1372 1396 1540 1447 venire
1577 1399 1629 1447 in
1659 1405 1908 1457 senatum,
1949 1397 1999 1447 in
2029 1413 2146 1448 eum
2184 1401 2379 1450 absen-

301 1477 402 1520 tem
413 1468 740 1521 acerbissima
752 1469 977 1518 oratione
992 1467 1219 1517 invectus
1238 1474 1343 1516 erat
1365 1466 1632 1515 Antonius.
1663 1464 1752 1516 Cui
1767 1466 1980 1516 orationi
1998 1468 2280 1518 adversarii
2291 1472 2378 1519 sui

297 1538 475 1590 Cicero
510 1538 607 1589 hac
642 1537 828 1602 scripta
858 1538 1102 1600 oratione,
1140 1550 1271 1598 quae
1307 1534 1437 1585 infra
1467 1533 1680 1601 legitur,
1719 1535 2005 1599 respondet,
2042 1549 2194 1599 qnam
2223 1537 2379 1604 fingit

298 1624 332 1657 a
383 1623 440 1657 se
488 1607 715 1657 habitam
758 1607 857 1666 ita,
900 1615 1157 1667 tamquam
1207 1605 1252 1653 si
1297 1617 1540 1668 praesens
1589 1605 1841 1667 praesenti
1887 1606 2232 1667 responderet.
2308 1607 2374 1658 V.

297 1675 554 1728 Ciceronis
580 1676 653 1725 ad
674 1673 889 1723 Atticum
916 1674 1003 1724 lib.
1040 1673 1176 1722 XVI.
1211 1687 1293 1737 ep.
1339 1672 1416 1724 11.

426 1812 471 1872 1.
511 1810 566 1870 1.
610 1810 882 1883 Quonam
914 1822 1049 1866 meo
1083 1807 1232 1878 fato,
1271 1813 1473 1882 patres
1504 1809 1861 1884 conscripti,
1913 1808 2045 1870 fieri
2075 1808 2274 1871 dicam
2309 1821 2377 1872 ut

300 1911 479 1955 nemo
525 1893 618 1951 his
675 1890 852 1951 annis
906 1888 1113 1964 viginti
1158 1891 1245 1950 rei
1285 1890 1564 1967 publicae
1614 1892 1790 1953 fuerit
1834 1891 2034 1953 ‘hostis
2089 1893 2193 1968 qui
2241 1911 2372 1955 non

299 1979 519 2039 bellum
552 1977 767 2036 eodem
804 1984 1077 2050 tempore
1109 1975 1250 2035 mihi
1285 1991 1535 2050 quoque
1565 1974 1894 2037 indixerit?
1932 1977 2053 2036 Nec
2087 1994 2234 2039 vero
2267 1995 2372 2038 ne—

300 2077 480 2123 cesse
503 2069 599 2121 est
627 2074 993 2135 quemquam
1022 2076 1059 2118 a
1088 2074 1183 2118 me
1213 2057 1539 2119 nominari:
1580 2060 1900 2120 vobiscum
1932 2059 2051 2135 ipsi
2080 2064 2370 2122 recorda-

299 2145 482 2204 mini?
531 2143 678 2203 Mihi
724 2158 1059 2218 poenarum
1104 2142 1186 2202 illi
1230 2143 1371 2218 plus
1405 2158 1587 2218 quam
1630 2152 1900 2218 optarem
1933 2144 2264 2204 dederunt:
2314 2155 2373 2205 te

300 2228 500 2301 miror,
530 2225 784 2299 Antoni,
818 2242 1078 2300 quorum
1110 2227 1268 2285 facta
1290 2226 1553 2299 imitere,
1597 2241 1807 2287 eorum
1838 2226 2037 2287 exitus
2077 2245 2195 2288 non
2231 2245 2366 2303 per-

297 2309 687 2370 horrescere.
762 2311 971 2386 Atque
1002 2311 1124 2372 hoc
1155 2312 1215 2371 in
1248 2310 1385 2371 aliis
1413 2311 1613 2372 minus
1646 2312 1927 2372 mirabar.
1985 2311 2177 2381 Nemo
2209 2311 2372 2372 enim

291 2393 537 2453 illorum
570 2392 850 2454 inimicus
892 2392 1036 2454 mihi
1081 2393 1194 2454 fuit
1234 2395 1648 2456 voluntarius:
1694 2411 1910 2456 omnes
1946 2411 1983 2455 a
2013 2411 2110 2455 me
2142 2393 2232 2457 rei
2261 2412 2370 2470 pu·

241 2484 244 2487 ’
285 2476 489 2537 blicae
514 2492 706 2541 causa
731 2476 1022 2540 lacessiti.
1072 2480 1162 2539 Tu
1187 2494 1269 2539 ne
1292 2479 1483 2539 verbo
1512 2479 1757 2554 quidem
1786 2479 2067 2550 violatus,
2092 2484 2161 2538 ut
2183 2480 2367 2540 auda,-

283 2559 422 2622 cior
446 2578 630 2636 quam
658 2561 930 2632 Catilina,
957 2562 1251 2624 furiosior
1274 2579 1458 2638 quam
1481 2563 1733 2624 Clodius
1760 2562 2058 2635 viderere,
2085 2564 2246 2623 ultro
2271 2579 2369 2622 me

296 2648 633 2711 maledictis
665 2645 987 2720 lacessisti,
1020 2655 1303 2723 tuamque
1337 2663 1375 2706 a
1404 2663 1499 2706 me
1522 2646 1947 2708 alienationem
1978 2647 2357 2707 commenda·

293 2733 518 2795 tionem
563 2732 667 2794 tibi
696 2733 775 2792 ad
809 2729 1029 2806 impios
1059 2732 1227 2792 cives
1264 2731 1396 2790 fore
1434 2731 1743 2807 putavisti.
1826 2731 1886 2792 2.
1927 2728 2082 2803 Quid
2117 2736 2365 2804 putem?

297 2826 791 2892 contemptumne
836 2821 977 2875 me?
1017 2816 1149 2875 Non
1195 2813 1376 2876 video
1407 2829 1518 2874 nec
1550 2814 1609 2874 in
1640 2813 1763 2874 vita
1792 2831 1904 2874 nec
1932 2814 1990 2873 in
2023 2813 2219 2886 gratia
2250 2828 2360 2873 nec

297 2900 355 2959 in
387 2901 574 2960 rebus
602 2899 792 2973 gestis
825 2914 939 2957 nec
971 2897 1029 2958 in
1063 2899 1179 2959 hac
1211 2914 1348 2958 mea
1379 2895 1793 2961 mediocritate
1823 2895 2046 2972 ingenii
2080 2896 2230 2971 quid
2261 2897 2364 2956 de-

294 2981 536 3056 spicere
580 2982 783 3056 possit
816 2981 1140 3042 Antonius.
1227 2983 1323 3042 An
1368 2980 1427 3040 in
1470 2989 1687 3042 senatu
1718 2980 1999 3042 facillime
2027 2979 2106 3040 de
2134 2997 2233 3040 me
2260 2981 2356 3038 de·

292 3063 449 3124 trahi
492 3080 682 3139 posse
724 3063 1032 3125 credidit?
1078 3062 1183 3137 qui
1226 3064 1378 3125 ordo
1411 3063 1766 3125 clarissimis
1801 3062 2036 3125 civibus
2070 3064 2227 3124 bene
2259 3078 2358 3137 ge·

291 3155 427 3206 stae
468 3145 555 3206 rei
600 3145 880 3220 publicae
918 3145 1323 3207 testimonium
1368 3149 1600 3218 multiS,
1642 3147 1786 3208 mihi
1813 3147 1918 3208 uni
1959 3154 2359 3207 conservatae

294 3227 505 3288 dedit?
545 3230 640 3287 An
674 3229 990 3287 decertare
1019 3245 1255 3289 mecum
1282 3230 1471 3292 voluit
1498 3230 1889 3293 contentione
1918 3228 2206 3291 dicendi?
2231 3231 2359 3288 Hoc

296 3309 541 3383 quidem
586 3318 680 3370 est
722 3310 1104 3371 beneficium.
1207 3312 1362 3386 Quid
1406 3314 1564 3374 enim
1612 3312 1879 3389 pleniuS‚
1926 3313 2072 3388 quid
2112 3310 2353 3372 uberius

294 3409 481 3467 quam
527 3392 671 3452 mihi
702 3404 762 3453 et
782 3409 897 3469 pro
928 3410 1024 3453 me
1052 3403 1113 3454 et
1146 3403 1359 3456 contra
1388 3396 1717 3457 Antonium
1751 3396 1996 3456 dicere?
2039 3396 2192 3454 Illud
2221 3411 2346 3468 pro·
