2514 3928
193 188 320 254 106
803 189 882 250 m
911 189 976 249 L.
1010 174 1353 250 ΡιεοΝΕΜ
1383 187 1689 252 οιιΑΤιο.
2208 201 2281 257 os

191 342 461 420 piebant,
490 356 778 405 sermone
808 350 996 420 atque
1025 341 1194 404 aditu
1221 343 1713 419 prohiberentur.
1787 342 1890 408 77.
1925 342 2157 421 Quibus
2185 363 2283 407 re·

188 428 308 489 bus
341 434 439 488 est
471 427 843 503 perfectum,
884 425 1055 489 utini
1080 429 1268 505 plane
1288 429 1537 490 starcia
1563 445 1678 490 suo
1716 426 1945 490 iudicio
1980 446 2101 491 non
2136 429 2279 490 lice·
2337 494 2352 500 -

189 520 310 584 ret,
344 528 532 586 quum
561 509 712 573 certi
740 511 1022 574 homines
1052 528 1176 573 non
1209 511 1480 574 studium
1516 512 1653 574 eius
1679 529 1723 573 a
1754 528 1851 575 me
1886 512 2280 589 alienassent,

191 596 303 657 sed
347 594 639 657 auxilium
678 597 1115 658 retardassent.
1212 596 1429 658 Nonne
1472 596 1550 657 ad
1594 604 1653 658 te
1693 597 1759 656 L.
1801 597 2125 673 LentuluS,
2174 599 2279 674 qui

191 690 314 741 tum
347 689 480 741 erat
514 686 778 755 praetor,
815 698 938 745 non
963 680 1031 756 Ω.
1056 680 1283 757 Sanga,
1312 697 1436 742 non
1467 681 1537 746 L.
1559 682 1906 756 Torquatus
1936 690 2127 758 pater,
2156 699 2280 743 non

185 764 267 825 Μ.
287 765 579 827 Lucullus
606 764 814 828 venit?
846 765 952 842 qui
983 781 1199 828 omnes
1229 765 1310 826 ad
1342 781 1482 827 eum
1515 764 1811 841 multique
1832 768 2121 827 mortales
2146 782 2281 827 ora·

190 860 316 912 tum
344 849 404 911 in
435 848 743 911 Albanum
777 850 1295 925 obsecratumque
1326 859 1648 922 venerant,
1683 858 1749 910 ut
1776 866 1854 911 ne
1885 866 2055 911 meas
2086 850 2277 913 sortu-

186 950 302 995 nas
335 934 651 995 desereret
680 949 817 994 cum
846 932 935 994 rei
971 934 1257 1011 publicae
1289 936 1487 996 salute
1518 933 1901 997 coniunctas.
1978 933 2148 1009 Quos
2176 934 2279 997 ille

186 1019 269 1080 ad
302 1027 361 1081 te
389 1024 452 1079 et
484 1017 565 1078 ad
595 1024 763 1080 tuum
792 1017 1091 1094 collegam
1119 1016 1384 1091 remisit,
1416 1025 1485 1080 ut
1514 1034 1763 1081 causam
1802 1017 2112 1096 publicam
2142 1034 2279 1080 sus-

187 1100 506 1178 ciperetis,
547 1108 615 1162 ut
645 1102 726 1163 ad
756 1106 1038 1165 senatum
1087 1101 1429 1164 referretis:
1475 1119 1546 1165 se
1580 1111 1794 1165 contra
1834 1112 2130 1166 armatum
2173 1102 2279 1165 tri-

184 1187 419 1248 bunum
466 1187 546 1263 pl.
576 1185 712 1247 sine
748 1184 995 1263 publico
1034 1186 1295 1252 consilio
1328 1187 1645 1248 decertare
1676 1186 1868 1261 nolle,
1901 1188 2017 1248 sed
2051 1203 2280 1248 consu-

183 1270 349 1332 libus
372 1285 455 1332 ex
477 1278 731 1333 senatus
754 1271 1037 1333 consulto
1062 1288 1190 1332 rem
1206 1270 1514 1348 publicam
1531 1270 2005 1340 defendentibus
2020 1286 2090 1332 se
2112 1287 2280 1332 arma

186 1363 590 1433 sumpturum.
678 1354 779 1421 78.
811 1355 1069 1433 Ecquid,
1107 1355 1340 1431 infelix,
1368 1355 1717 1416 recordaris
1754 1354 1902 1430 quid
1932 1356 2277 1431 responde·

182 1439 270 1503 ris
294 1447 322 1500 ‘tv
364 1441 431 1502 In
464 1458 587 1521 quo
619 1438 703 1501 illi
735 1456 950 1504 omnes
987 1439 1253 1516 quidem,
1284 1440 1402 1501 sed
1426 1439 1776 1514 Torquatus
1805 1448 2048 1515 praeter
2117 1448 2281 1501 cete·

181 1541 289 1587 ros
323 1525 563 1587 furebat
591 1524 977 1588 contumacia
1004 1523 1295 1599 responsi
1333 1522 1447 1603 tui,
1477 1530 1538 1584 te
1560 1540 1683 1585 non
1708 1539 1852 1585 esse
1889 1532 2008 1585 tam
2042 1524 2280 1598 sortem,

186 1627 370 1684 quam
414 1608 552 1687 ipse
595 1612 946 1685 Torquatus
999 1607 1061 1667 in
1104 1609 1432 1670 consulatu
1479 1606 1731 1682 fuisset,
1776 1616 1883 1670 aut
1922 1623 2071 1684 ego:
2130 1608 2278 1667 nihil

185 1710 348 1770 opus
383 1709 529 1754 esse
557 1693 765 1766 armis,
806 1691 953 1754 nihil
985 1692 1411 1754 contentione:
1454 1708 1552 1752 me
1581 1708 1774 1768 posse
1803 1708 1932 1752 rem
1968 1692 2276 1768 publicam

182 1777 404 1838 iterum
429 1792 699 1848 servare,
733 1775 787 1836 si
818 1775 1183 1837 cessissemz
1216 1773 1510 1837 infinitam
1542 1777 1795 1838 caedem
1827 1777 1978 1850 sore,
2011 1777 2061 1841 si
2100 1774 2277 1836 resti-

182 1861 432 1922 tissemz
464 1859 689 1921 deinde
719 1860 799 1920 ad
829 1867 1166 1921 extremum
1197 1876 1402 1936 neque
1426 1875 1497 1921 se
1520 1877 1725 1937 neque
1749 1876 2041 1936 generum
2072 1876 2279 1936 neque

182 1945 479 2022 collegam
517 1958 697 2006 suum
727 1944 968 2007 tribuno
1002 1946 1083 2021 pl.
1120 1944 1487 2008 defuturum.
1538 1944 1652 2007 Hic
1687 1954 1768 2019 tu,
1800 1944 1999 2009 hostis
2029 1959 2103 2006 ac
2134 1960 2270 2021 pro-

183 2031 373 2104 ditor,
430 2028 570 2092 aliis
624 2045 723 2092 me
764 2028 1166 2092 inimiciorem
1221 2046 1405 2105 quam
1449 2029 1560 2090 tibi
1614 2030 1844 2093 debere
1878 2045 2025 2090 esse
2057 2028 2282 2104 dicis?

178 2114 416 2176 XXXII.
461 2111 563 2177 79.
600 2114 734 2190 Ego
769 2113 829 2174 C.
863 2114 1186 2177 Caesarem
1227 2131 1355 2176 non
1392 2114 1607 2175 eadem
1638 2113 1718 2175 de
1758 2130 1826 2174 re
1857 2113 2102 2189 publica
2135 2128 2284 2174 sen·

181 2198 346 2260 sisse
381 2214 541 2275 quae
570 2215 668 2259 me
700 2197 865 2261 scio:
911 2199 1027 2260 sed
1059 2206 1291 2273 tamen,
1324 2198 1494 2276 quo'd
1522 2198 1640 2259 iam
1675 2198 1753 2260 de
1783 2215 1859 2267 eo
1889 2196 1987 2258 his
2020 2196 2281 2258 audien·

179 2281 345 2343 tibus
380 2296 574 2357 saepe
602 2281 765 2359 dixi,
800 2298 897 2344 me
941 2281 1044 2342 ille
1072 2281 1170 2345 sui
1200 2282 1389 2345 totius
1411 2284 1771 2345 consulatus
1795 2298 2135 2357 eorumque
2163 2281 2281 2342 ho·

181 2382 429 2439 norum,
475 2382 636 2441 quos
683 2383 823 2427 cum
853 2365 1151 2442 proximis
1181 2366 1677 2440 communicavit,
1723 2366 1961 2429 socium
1990 2381 2131 2427 esse
2161 2382 2280 2425 vo-

180 2449 307 2523 luit,
341 2448 572 2526 detulit,
601 2449 894 2524 invitavit,
917 2449 1176 2526 rogavit.
1262 2452 1397 2514 Non
1417 2467 1565 2513 ,sum
1595 2458 1853 2528 propter
1874 2449 2117 2512 nimiam
2152 2450 2282 2509 ror-

176 2546 347 2596 tasse
377 2534 759 2598 constantiae
790 2533 1183 2610 cupiditatem
1213 2536 1519 2598 adductus
1551 2535 1631 2597 ad
1671 2552 1952 2597 causam:
2001 2550 2121 2595 non
2159 2549 2280 2610 po·

179 2621 514 2694 stulabam,
562 2629 631 2681 ut
666 2619 724 2681 ei
751 2618 1116 2683 carissimus
1161 2637 1400 2693 essem,
1457 2619 1636 2684 cuius
1678 2636 1796 2696 ego
1840 2636 1920 2680 ne
1949 2616 2281 2681 beneficiis

179 2704 425 2779 quidem
456 2703 817 2767 sententiam
841 2722 1037 2767 meam
1066 2703 1482 2767 tradidissem.
1568 2704 1856 2766 Adducta
1897 2718 2001 2765 res
2045 2703 2106 2764 in
2142 2718 2281 2763 cer-

175 2797 377 2849 tamen
411 2797 470 2850 te
500 2791 758 2853 consule
788 2790 1141 2865 putabatur,
1188 2795 1389 2850 utrum
1438 2806 1598 2865 quae
1627 2787 1951 2865 superiore
1977 2803 2140 2849 anno
2172 2785 2285 2846 ille

174 2873 478 2942 gessisset
515 2882 831 2934 manerent
852 2891 947 2933 -an
1000 2869 1519 2934 rescinderentur.
1608 2873 1766 2949 Quid
1800 2874 2020 2949 loquar
2052 2872 2285 2948 plura?

178 2953 244 3017 Si
274 2963 504 3016 tantum
536 2957 636 3016 ille
667 2957 728 3017 in
760 2973 857 3018 me
887 2972 1033 3017 esse
1064 2972 1188 3017 uno
1220 2956 1465 3019 roboris
1500 2968 1563 3021 et
1606 2956 1845 3020 virtutis
1875 2955 2141 3033 putavit,
2187 2964 2281 3027 ut,

179 3054 341 3115 quae
369 3038 507 3115 ipse
548 3050 858 3114 gesserat,
891 3038 1319 3114 conciderent,
1351 3040 1405 3103 si
1435 3058 1552 3119 ego
1580 3039 1971 3115 restitissem,
2015 3057 2125 3104 cur
2153 3056 2284 3114 ego

174 3139 297 3183 non
340 3122 694 3199 ignoscam,
738 3123 793 3184 si
833 3124 1189 3200 anteposuit
1228 3141 1405 3187 suam
1450 3128 1710 3189 salutem
1739 3133 1957 3188 meae?
1997 3125 2099 3189 80.
2144 3123 2287 3186 Sed

172 3206 503 3281 praeterita
543 3206 735 3269 mitto.
821 3208 923 3271 Me
953 3216 1019 3271 ut
1051 3208 1154 3271 Cn.
1188 3209 1520 3293 Pompeius
1551 3210 1834 3273 omnibus
1866 3208 2088 3272 studiis
2118 3210 2285 3282 suiS,

172 3288 508 3362 laboribuS,
541 3291 703 3351 vitae
736 3293 1026 3369 periculis
1051 3296 1415 3372 complexus
1440 3303 1552 3369 est,
1585 3310 1774 3371 quum
1796 3290 2130 3370 municipia
2152 3308 2283 3369 pro

172 3389 285 3435 me
301 3375 526 3448 adiret,
567 3374 777 3437 ltaliae
822 3378 1007 3440 fldem
1037 3379 1418 3455 imploraret,
1460 3379 1524 3438 P.
1563 3378 1822 3440 Lentulo
1862 3377 2131 3454 consuli,
2162 3394 2284 3438 au-

178 3458 334 3519 ctori
379 3458 597 3522 salutis
638 3476 841 3538 meae,
890 3463 1184 3539 nequens
1225 3463 1565 3538 adsideret,
1606 3471 1859 3526 senatus
1908 3460 2289 3524 sententiam
