2514 3928
311 248 432 310 160
904 246 981 305 ΙΝ
1011 245 1078 304 1..
1111 244 1450 304 PISONEM
1477 240 1785 303 ORATIO.
2322 250 2404 307 62

309 400 448 466 lum,
494 395 788 457 rusticum
821 396 1110 457 Marium!
1161 395 1386 456 nullius
1416 394 1655 455 consilii
1688 403 1896 468 patres
1926 394 2143 455 horum
2179 394 2402 456 ambo-

306 498 435 541 rum
468 481 809 552 consulum,
848 480 951 556 qui
983 480 1431 555 triumpharint!

434 564 619 623 XXV.
649 563 752 625 59.
787 564 912 625 Sed
949 564 1237 640 quoniam
1270 563 1596 638 praeterita
1616 572 1849 623 mutare
1879 579 2001 623 non
2030 579 2398 638 possumus

307 647 456 722 quid
486 657 693 709 cessat
723 648 823 708 hic
852 649 1190 722 homullus,
1233 664 1314 707 ex
1352 646 1564 722 argilla
1606 656 1667 708 et
1695 649 1821 708 luto
1857 647 2037 708 fictus
2064 644 2398 722 Epicu‘ruS,

306 731 454 791 dare
477 731 630 791 haec
656 734 972 808 praeclara
996 741 1327 808 praecepta
1349 730 1688 806 sapientiae
1712 730 2052 791 clarissimo
2074 740 2397 792 etsummo

307 815 686 890 imperatori,
733 832 958 892 genero
1005 823 1165 877 suo?
1207 816 1422 876 Fertur
1450 815 1550 875 ille
1581 816 1701 887 vir,
1745 813 2135 888 mihicrede,
2167 814 2400 889 gloria:

308 899 545 973 flagrat,
574 900 748 960 ardet
779 901 1109 975 cupiditate
1138 899 1284 960 iusti
1317 908 1377 959 et
1407 898 1613 974 magni
1644 898 1949 974 triumphi.
2010 899 2143 958 Non
2180 897 2403 958 didicit

308 984 523 1043 cadem
555 983 672 1044 ista
703 1000 863 1058 quae
889 991 974 1044 tu.
1059 983 1227 1043 Mitte
1256 983 1336 1042 ad
1364 998 1502 1042 eum
1532 982 1821 1043 libellum.
1908 982 1985 1042 Et
2016 981 2068 1041 si
2103 981 2222 1040 iam
2255 981 2400 1055 ipse

309 1082 514 1125 coram
547 1066 840 1141 congredi
875 1068 1126 1142 poteris,
1160 1066 1455 1126 meditare
1486 1066 1712 1141 quibus
1739 1065 2293 1126 verbis-incensam
2328 1066 2398 1125 il·

309 1149 426 1213 lius
458 1149 850 1224 cupiditatem
884 1152 1252 1227 comprimas
1281 1159 1466 1225 atque
1499 1152 1869 1225 restinguas.
1938 1149 2192 1210 Valebis
2223 1149 2398 1223 apud

310 1233 612 1293 hominem
648 1236 997 1296 volitantem
1031 1236 1263 1310 gloriae
1291 1233 1624 1309 cupiditate
1652 1233 1746 1293 vir
1773 1233 2124 1295 moderatus
2155 1242 2215 1293 et
2244 1249 2399 1292 eon-

310 1326 500 1393 stans,
530 1319 697 1392 apud
731 1319 1042 1380 indoctum
1071 1318 1366 1392 eruditnS,
1394 1319 1565 1393 apud
1591 1334 1883 1392 generum
1920 1333 2118 1378 socer.
2204 1316 2398 1376 Dices

309 1401 502 1474 enim,
547 1410 612 1461 ut
641 1419 711 1462 es
731 1401 915 1463 homo
943 1404 1178 1462 facetus
1202 1404 1283 1463 ad
1304 1402 1817 1477 persuadendum,
1860 1400 2219 1474 concinnuS,
2255 1417 2396 1475 per-

311 1486 527 1558 lectus,
558 1486 784 1560 politus
816 1504 852 1546 e
887 1486 1133 1549 schola:
1160 1485 1318 1562 Quid
1352 1495 1464 1557 est,
1491 1486 1733 1559 Caesar,
1765 1486 1934 1561 quod
1991 1495 2049 1546 te
2083 1485 2372 1560 supplica

309 1569 509 1630 tiones
548 1569 772 1630 totiens
806 1570 923 1630 iam
958 1570 1243 1631 decretae
1268 1579 1355 1630 tot
1376 1569 1608 1630 dierum
1639 1577 1805 1630 tanto
1830 1585 2023 1644 opere
2045 1569 2401 1629 delectent?

308 1650 368 1711 in
403 1653 627 1729 quibus
659 1654 940 1714 homines
970 1671 1176 1714 errore
1207 1653 1545 1725 ducuntur,
1591 1668 1745 1727 quas
1790 1652 1852 1712 di
1885 1654 2221 1728 negligunt,
2268 1651 2397 1727 qui,

312 1746 374 1797 ut
404 1746 612 1797 noster
642 1737 885 1796 divinus
915 1736 1016 1797 ille
1045 1736 1197 1797 dixit
1224 1737 1529 1810 Epicurus
1554 1781 1570 1808 ‚
1601 1752 1805 1812 neque
1834 1736 2082 1811 propitii
2106 1737 2395 1811 cuiquam

311 1835 454 1878 esse
496 1820 698 1880 solent
744 1835 946 1895 neque
989 1819 1143 1880 irati.
1249 1821 1381 1880 Non
1428 1819 1618 1880 facies
1665 1821 1848 1880 fidem
1892 1819 2156 1890 seilicet,
2204 1836 2395 1896 quum

310 1900 465 1961 hacc
500 1902 864 1977 disputabis.
950 1903 1080 1964 Tibi
1123 1904 1285 1964 enim
1328 1914 1388 1966 et
1416 1920 1559 1964 esse
1600 1911 1661 1964 et
1695 1903 1888 1966 ruisse
1923 1903 2153 1964 videbit
2181 1904 2394 1964 iratos.

307 1985 412 2048 60.
459 1987 678 2047 Vertes
721 1997 780 2048 te
826 1990 904 2049 ad
944 1991 1194 2048 alteram
1237 1989 1543 2050 scholam=
1604 1988 1878 2049 disseres
1931 1989 2009 2048 de
2053 1988 2393 2064 triumpho:

313 2069 468 2144 Quid
500 2071 742 2131 tandem
776 2071 959 2134 habet
988 2073 1106 2133 iste
1136 2079 1400 2134 currus?
1441 2071 1588 2147 quid
1620 2071 1801 2133 vincti
1836 2082 1978 2138 ante
2007 2089 2247 2132 currum
2282 2072 2393 2133 du-

313 2162 464 2215 ces?
506 2153 653 2230 quid
691 2155 1016 2217 simulacra
1046 2157 1460 2232 oppidorum?
1504 2156 1651 2230 quid
1679 2163 1938 2217 aurum?
1980 2156 2125 2231 quid
2175 2172 2392 2230 argen-

312 2246 484 2300 tum?
523 2238 669 2313 quid
714 2240 895 2315 legati
939 2242 997 2300 in
1039 2242 1217 2316 equis
1253 2249 1315 2302 et
1340 2238 1608 2302 tribuni?
1648 2239 1794 2315 quid
1835 2240 2066 2301 clamor
2100 2238 2395 2300 militum?

313 2321 461 2396 quid
506 2329 632 2382 tota
673 2321 776 2383 illa
811 2332 1088 2400 pompa?
1127 2324 1337 2386 luania
1361 2333 1501 2385 sunt
1528 2323 1675 2395 ista,
1711 2322 1854 2383 mihi
1889 2325 2090 2398 crede,
2125 2324 2386 2384 delecta

313 2412 517 2466 menta
552 2421 749 2480 paene
793 2425 1151 2483 puerorum,
1197 2417 1443 2483 captare
1487 2410 1777 2482 plausuS‚
1824 2407 1965 2470 vehi
2010 2424 2121 2483 per
2158 2407 2391 2480 urbem,

314 2488 594 2565 conspici
626 2491 800 2550 v.elle
890 2491 1122 2565 Quibus
1161 2508 1238 2552 ex
1274 2493 1460 2553 rebus
1498 2490 1644 2551 nihil
1677 2501 1773 2553 est
1817 2479 1981 2568 quod
2015 2491 2276 2552 solidum
2306 2499 2393 2551 te-

310 2589 481 2647 nere,
518 2572 666 2633 nihil
701 2575 868 2647 quod
896 2577 1126 2635 referre
1156 2576 1234 2635 ad
1271 2577 1645 2670 voluptatem
1677 2575 1957 2651 corporis
1989 2574 2218 2651 possis.
2288 2572 2391 2636 61

314 2656 466 2730 Quin
510 2664 575 2718 tu
618 2673 715 2717 me
757 2657 963 2732 videS,
1009 2658 1112 2734 qui
1136 2704 1153 2731 ,
1184 2676 1264 2720 ex
1304 2676 1427 2735 qua
1455 2658 1774 2734 provincia
1804 2660 1870 2718 Τ.
1901 2658 2295 2728 FlamininuS,
2324 2658 2373 2716 L

317 2746 584 2815 Paullus,
616 2743 685 2817 Q.
708 2741 1011 2812 Metellus,
1037 2742 1104 2800 T.
1128 2742 1360 2813 Didius,
1385 2742 1857 2803 innumerabiles
1887 2741 2007 2814 alii,
2040 2742 2288 2801 levitate
2312 2748 2375 2799 et

321 2827 657 2903 cupiditate
679 2826 986 2896 commoti,
1016 2823 1482 2899 triumpharunt,
1513 2841 1591 2885 ex
1616 2841 1692 2885 ea
1717 2825 1809 2885 sic
1833 2825 2004 2900 redii,
2037 2832 2106 2885 ut
2128 2825 2204 2884 ad
2231 2839 2372 2898 por·

318 2918 441 2970 tum
456 2909 829 2984 Esquilinam
843 2906 1302 2969 Macedonicam
1321 2909 1588 2968 lauream
1614 2908 2054 2969 conculcarim:
2078 2909 2214 2983 ipse
2234 2922 2372 2966 cum

319 2991 668 3052 hominibus
718 2989 1063 3076 quindecim
1105 2991 1265 3048 male
1306 2990 1545 3051 vestitis
1587 2993 1665 3052 ad
1706 3002 1945 3066 portam
1977 2992 2371 3052 Caelimonta-

320 3091 461 3134 nam
508 3075 723 3134 sitiens
767 3071 1184 3148 pervenerim:
1238 3089 1361 3148 quo
1414 3074 1473 3134 in
1520 3076 1659 3135 loco
1705 3075 1847 3135 mihi
1894 3075 2147 3134 libertus
2202 3088 2367 3149 prae

322 3159 489 3217 claro
528 3155 881 3231 imperatori
922 3154 1170 3215 domum
1213 3172 1290 3216 ex
1334 3157 1449 3218 hac
1503 3159 1602 3238 die
1649 3158 1836 3219 biduo
1879 3166 2022 3218 ante
2065 3159 2373 3218 conduxe-

320 3250 443 3302 rat:
491 3254 652 3316 quae
693 3255 892 3299 vacua
929 3238 985 3298 si
1020 3255 1142 3300 non
1186 3240 1433 3315 fuisset,
1476 3242 1535 3302 in
1579 3259 1798 3319 campo
1839 3241 2058 3302 Martio
2107 3240 2248 3301 mihi
2285 3248 2375 3298 ta-

323 3324 713 3384 bernaculum
778 3324 1205 3383 collocassem.
1240 3323 1533 3385 Nummus
1587 3325 1823 3387 interea
1885 3325 2061 3397 mihi,
2128 3327 2373 3395 Caesar,

322 3407 618 3481 neglectis
650 3406 898 3467 ferculis
928 3407 1392 3482 triumphalibus
1421 3408 1586 3469 domi
1610 3417 1816 3470 manet
1838 3417 1899 3469 et
1920 3406 2208 3468 manebit.
2259 3408 2378 3470 Ra·

324 3491 524 3551 tiones
556 3491 632 3550 ad
675 3489 973 3551 aerarium
1007 3491 1328 3564 continuo,
1372 3491 1533 3553 sicut
1563 3501 1668 3553 tua
1705 3496 1804 3557 lex
1836 3491 2117 3561 iubebat,
2155 3491 2377 3551 detuli:
