2514 3928
215 256 330 318 126
626 254 774 315 PRO
805 255 871 314 L.
905 253 1285 315 CORNELIO
1318 253 1577 315 BALBO
1610 252 1915 316 ORATIO.
2224 264 2292 316 28

209 417 553 486 perassent.
596 405 834 467 Peritus
865 423 1012 466 vero
1045 406 1236 469 nostri
1267 406 1455 469 moris
1485 424 1558 467 ac
1592 407 1742 467 iuris
1777 424 1957 468 nemo
1985 425 2286 484 umquam,

211 493 316 567 qui
338 493 498 552 hanc
515 492 820 552 civitatem
842 490 1106 551 retinere
1130 493 1328 564 vellet,
1354 492 1413 551 in
1437 491 1615 552 aliam
1632 508 1702 552 se
1726 491 2031 553 civitatem
2050 491 2289 555 dicavit.

282 640 285 643 ,
328 577 486 637 Xlll.
541 575 668 637 Sed
710 575 810 634 hic
853 583 1016 636 totus
1060 577 1235 636 locus
1280 575 1713 650 disputationis
1776 583 1961 650 atque
2002 576 2288 653 orationis

210 677 413 736 meae,
443 659 710 731 iudiceS‚
743 658 1006 734 pertinet
1031 660 1112 720 ad
1143 666 1465 721 commune
1499 658 1595 719 ius
1632 660 2054 722 mutandarum
2085 660 2288 722 civita·

207 755 363 807 tuma
415 743 563 806 nihil
607 744 792 804 habet
840 744 1008 818 quod
1056 743 1135 804 sit
1170 744 1483 820 proprium
1511 742 1823 818 religionis
1853 760 1927 803 ac
1955 745 2286 806 foederum.

205 830 485 890 Defendo
518 829 679 890 enim
708 843 836 887 rem
865 827 1250 900 universam,
1295 829 1519 889 nullam
1557 843 1699 889 esse
1734 837 1979 902 gentem
2015 844 2094 887 ex
2123 829 2282 890 omni

203 914 455 988 regione
485 906 780 973 terrarum
834 927 1036 987 neque
1080 920 1201 974 tam
1231 911 1635 973 dissidentem
1672 929 1710 972 a
1745 913 1976 988 populo
2011 913 2284 973 Romano

208 996 351 1058 odio
385 997 653 1072 quodam
684 1003 870 1070 atque
900 994 1163 1056 discidio
1195 1011 1399 1070 neque
1421 1004 1542 1056 tam
1573 996 1697 1056 fide
1736 995 2288 1072 benevolentiaque

207 1079 626 1155 coniunctam,
669 1096 750 1140 ex
783 1095 906 1154 qua
935 1079 1115 1140 nobis
1145 1079 1531 1141 interdictum
1565 1080 1675 1154 sit,
1720 1088 1888 1140 utne
1924 1096 2106 1155 quem
2135 1080 2287 1159 asci-

205 1181 381 1225 scere
412 1164 607 1224 civem
641 1171 747 1239 aut
782 1162 1023 1224 civitate
1057 1164 1290 1224 donare
1320 1163 1655 1239 possimus.
1741 1163 1843 1226 31.
1877 1162 1924 1223 Ο
1953 1165 2088 1225 iura
2115 1180 2286 1239 prae-

203 1249 369 1309 clara
410 1256 595 1324 atque
639 1246 932 1309 divinitus
971 1247 1091 1308 iam
1133 1247 1276 1309 inde
1318 1265 1355 1308 a
1399 1247 1697 1324 principio
1728 1248 1988 1308 Romani
2030 1247 2287 1309 nominis

202 1350 240 1394 a
270 1333 611 1394 maioribus.
636 1331 863 1394 nostris
896 1341 1283 1408 comparata!
1328 1349 1408 1393 ne
1450 1331 1591 1408 quis
1621 1341 1897 1393 nostrum
1927 1333 2068 1406 plus
2103 1349 2284 1407 quam

202 1418 384 1478 unius
418 1416 682 1478 civitatis
712 1432 858 1478 esse
891 1418 1125 1492 possit:
1181 1415 1613 1477 dissimilitudo
1646 1415 1808 1476 enim
1840 1415 2153 1476 civitatum
2187 1433 2285 1476 va-

201 1501 478 1563 rietatem
518 1501 669 1562 iuris
711 1500 936 1562 habeat
975 1517 1237 1562 necesse
1281 1509 1405 1562 est=
1468 1517 1546 1561 ne
1591 1499 1730 1576 quis
1774 1498 2003 1561 invitus
2050 1500 2287 1560 civitate

202 1595 466 1647 mutetur
500 1601 657 1646 neve
701 1583 761 1644 in
811 1582 1054 1645 clvitate
1100 1593 1343 1646 maneat
1388 1585 1642 1646 invitus:
1744 1583 1902 1644 haec
1943 1592 2086 1644 sunt
2128 1584 2285 1644 enim

202 1670 595 1729 fundamenta
623 1667 972 1728 firmissima
998 1675 1250 1729 nostrae
1281 1667 1607 1741 libertatiS,
1660 1667 1757 1729 sui
1802 1684 2110 1744 quemque
2139 1667 2285 1729 iuris

201 1762 262 1813 et
288 1752 592 1813 retinendi
619 1760 678 1811 et
709 1750 1048 1812 dimittendi
1090 1768 1232 1813 esse
1265 1750 1595 1813 dominum.
1649 1752 1804 1813 lllud
1838 1768 1984 1812 vero
2010 1751 2145 1812 sine
2166 1753 2284 1812 ulla

200 1835 580 1896 dubitatione
635 1836 899 1895 maxime
953 1845 1228 1897 nostrum
1281 1836 1559 1897 fundavit
1597 1835 1919 1912 imperium
1974 1846 2035 1896 et
2069 1835 2286 1912 ‘populi

198 1919 458 1980 Romani
493 1936 715 1982 nomen
737 1918 924 1992 auxit,
960 1920 1126 1996 quod
1158 1920 1449 1997 princeps
1480 1921 1582 1982 ille
1617 1929 1857 1982 creator
1884 1919 2065 1982 huius
2093 1919 2283 1995 urbis,

198 2006 532 2081 Romulus,
581 2005 834 2065 foedere
865 2002 1094 2065 Sabino
1136 2006 1348 2068 docuit
1382 2004 1564 2067 etiam
1596 2003 1879 2066 hostibus
1909 2004 2285 2080 recipiendis

200 2087 411 2163 augeri
432 2088 591 2148 hanc
616 2087 921 2149 civitatem
946 2098 1252 2165 oportere.
1311 2089 1496 2150 Cuius
1519 2089 1880 2151 auctoritate
1911 2097 1973 2150 et
2000 2090 2288 2164 exemplo

199 2188 534 2248 numquam
567 2181 663 2233 est
688 2170 1039 2235 intermissa
1065 2190 1102 2233 a
1130 2173 1467 2235 maioribus
1502 2174 1730 2235 nostris
1760 2172 1999 2248 largitio
2030 2181 2092 2233 et
2121 2188 2287 2233 com-

197 2253 527 2316 municatio
572 2256 850 2318 civitatis,
933 2258 1147 2333 ltaque
1188 2265 1249 2318 et
1289 2275 1369 2319 ex
1406 2256 1577 2319 Latio
1608 2256 1808 2332 multi,
1852 2265 1918 2317 ut
1955 2256 2289 2317 Tusculani

198 2346 260 2398 et
287 2330 619 2415 Lanuvini,
652 2348 714 2402 et
742 2357 822 2400 ex
859 2348 1081 2404 ceteris
1113 2344 1470 2421 regionibus
1502 2351 1719 2416 gentes
1749 2341 2079 2403 universae
2108 2340 2169 2400 in
2202 2340 2291 2400 ci·

198 2421 440 2483 vitatem
466 2433 610 2485 sunt
629 2431 935 2500 receptae,
957 2433 1025 2485 ut
1040 2424 1424 2501 Sabinorum
1438 2426 1828 2501 Volscorum,
1852 2424 2282 2485 Hernicorum:

198 2505 423 2581 quibus
454 2524 533 2568 ex
557 2508 903 2570 civitatibus
935 2524 1050 2569 nec
1079 2510 1279 2571 coacti
1308 2501 1520 2571 essent
1547 2509 1793 2571 civitate
1822 2507 2057 2581 mutari,
2090 2506 2144 2568 si
2175 2506 2286 2583 qui

194 2591 558 2667 noluissent,
591 2609 724 2666 nec,
759 2592 813 2652 si
848 2592 953 2668 qui
982 2603 1195 2655 essent
1215 2594 1517 2655 civitatem
1547 2601 1820 2654 nostram
1840 2592 2142 2654 beneficio
2172 2608 2287 2667 po·

195 2675 323 2749 puli
353 2677 615 2738 Romani
647 2677 983 2751 consecuti,
1011 2678 1304 2739 violatum
1334 2679 1557 2739 foedus
1588 2693 1801 2738 eorum
1831 2677 2161 2738 videretur.

317 2760 477 2820 XIV.
500 2760 601 2822 32.
626 2762 861 2823 Etenim
894 2763 1196 2838 quaedam
1227 2762 1481 2823 foedera
1504 2768 1777 2837 exstant,
1813 2769 1877 2821 ut
1905 2761 2285 2821 Cenomano-

194 2858 361 2915 rum,
399 2844 777 2919 Insubrium,
803 2845 1249 2918 Helvetiorum,
1275 2846 1603 2923 Iapydum,
1647 2861 1771 2906 non
1804 2846 2107 2905 nullorum
2138 2844 2288 2904 item

194 2942 275 2986 ex
311 2925 502 2987 Gallia
533 2929 962 3005 barbarorum,
1007 2946 1265 3006 quorum
1303 2930 1364 2989 in
1413 2928 1765 2991 foederibus
1809 2937 2135 3005 exceptum
2167 2931 2289 2999 est,

194 3026 273 3070 ne
317 3009 455 3084 quis
501 3028 713 3073 eorum
755 3030 792 3073 a
833 3013 1014 3074 nobis
1058 3013 1212 3074 civis
1251 3013 1600 3089 recipiatur.
1690 3013 1882 3088 Quod
1912 3013 1965 3074 si
1998 3010 2289 3086 exceptio

195 3091 356 3167 facit,
383 3093 685 3170 neliceat‚
702 3078 804 3157 ubi
835 3089 981 3177 [non
1011 3097 1090 3159 sit
1130 3106 1475 3173 exceptum,
1518 3097 1625 3177 ibi]
1658 3114 1922 3159 necesse
1950 3105 2046 3158 est
2069 3095 2285 3156 licere.

193 3176 309 3237 Ubi
342 3186 438 3239 est
464 3179 646 3255 igitur
671 3180 731 3240 in
771 3181 1022 3242 foedere
1051 3181 1379 3255 Gaditano,
1427 3198 1505 3243 ne
1539 3198 1722 3257 quem
1757 3182 2028 3258 populus
2057 3179 2289 3239 Roma-

193 3266 311 3323 nus
347 3262 709 3324 Gaditanum
737 3264 993 3342 recipiat
1021 3265 1309 3327 civitate?
1340 3267 1675 3342 Nusquam.
1738 3269 1833 3325 Ac
1862 3264 2063 3325 sicubi
2091 3271 2290 3333 esset,

194 3346 295 3407 lex
327 3346 392 3407 id
424 3346 617 3409 Gellia
648 3357 710 3409 et
738 3348 1047 3423 Cornelia,
1093 3365 1253 3424 quae
1296 3349 1546 3410 definite
1591 3357 1955 3425 potestatem
1984 3345 2289 3421 Pompeio

195 3429 496 3491 clvitatem
530 3432 803 3493 donandi
832 3433 1102 3508 dederat,
1132 3434 1506 3495 sustulisset.
1540 3433 1913 3508 Exceptum,
1944 3429 2159 3507 inquit,
2184 3438 2291 3489 est

194 3515 447 3588 foeduS,
495 3515 550 3576 si
584 3516 830 3593 quidem
859 3525 1323 3580 sacrosanctum
1358 3525 1470 3578 est.
1521 3517 1785 3593 Ignosco
1818 3515 1955 3588 tibi,
1989 3515 2042 3575 si
2072 3529 2289 3588 neque
