2514 3928
215 255 342 318 152
612 212 628 235 ’
825 253 902 312 m
935 254 1000 312 L.
1029 251 1367 312 PISONEM
1398 249 1703 312 omme.
2233 261 2303 312 54

216 407 364 468 itum
397 422 618 477 meum,
670 404 729 464 in
761 403 1027 465 hostium
1066 419 1320 464 numero
1359 410 1700 478 putaretur,
1729 403 1950 477 eisque
1986 402 2198 464 verbis
2226 419 2304 463 ea

214 491 296 549 de
333 506 429 549 me
459 497 710 549 senatus
741 487 1074 548 auctoritas
1109 489 1417 547 declarata
1459 496 1583 557 est,
1632 493 1699 546 ut
1728 485 1950 545 nemini
1980 485 2061 547 sit
2092 484 2296 546 trium·

219 574 380 650 plius
407 571 909 634 honorificentius
926 588 1109 646 quam
1132 569 1277 631 mihi
1301 572 1470 631 salus
1484 569 1911 646 restitutioque
1932 569 2304 646 perscripta.

224 657 309 716 De
331 669 436 716 me·
453 672 639 732 quum
664 671 881 716 omnes
905 655 1294 730 magistratus
1319 654 1814 729 promulgassent
1849 660 2089 729 praeter
2110 671 2304 714 unum

220 749 595 817 praetorem,
627 757 665 799 a
701 756 825 816 quo
858 756 980 800 non
1011 738 1120 799 suit
1147 737 1599 815 postulandum,
1635 739 1877 796 fratrem
1905 735 2130 797 inimici
2161 736 2303 811 mei,

221 833 587 901 praeterque
635 824 793 884 duos
829 822 908 883 de
937 822 1141 898 lapide
1179 830 1421 896 emptos
1462 821 1756 894 tribunos,
1797 821 1992 896 legem
2035 820 2304 881 comitiis

219 907 572 969 centuriatis
630 906 760 969 tulit
795 907 856 965 P.
899 907 1189 966 Lentulus
1247 905 1464 965 consul
1511 904 1589 965 de
1637 904 1911 978 collegae
1954 903 2022 978 Q.
2071 903 2304 965 Metelli

220 991 548 1053 sententia:
589 1007 772 1065 quem
795 1005 1030 1050 mecum
1057 989 1272 1049 eadem
1295 1003 1396 1047 res
1428 987 1689 1062 publica,
1722 1004 1883 1062 quae
1907 985 1965 1046 in
1991 986 2303 1048 tribunatu

219 1075 353 1135 eius
399 1075 771 1146 diiunxerat,
825 1072 885 1132 in
939 1074 1263 1132 consulatu
1322 1071 1540 1131 virtute
1596 1070 1806 1146 optimi
1864 1087 1937 1130 ac
1981 1070 2303 1132 iustissimi

222 1158 334 1217 viri
368 1156 796 1232 sapientiaque
825 1155 1157 1217 coniunxit.
1243 1154 1348 1217 36.
1394 1154 1562 1228 Quae
1597 1157 1696 1215 lex
1728 1171 1909 1229 quem
1939 1155 2020 1214 ad
2048 1156 2302 1216 modum

217 1249 473 1317 accepta
516 1241 594 1302 sit
636 1240 782 1316 quid
825 1257 922 1300 me
963 1239 1173 1301 attinet
1219 1238 1469 1299 dicere?
1512 1238 1605 1297 Ex
1650 1239 1827 1298 vobis
1856 1236 2042 1298 audio
2073 1237 2302 1299 nemini

219 1326 337 1386 civi
372 1326 550 1385 ullam
586 1342 708 1400 quo
740 1324 940 1385 minus
969 1327 1219 1385 adesset
1246 1322 1396 1383 satis
1427 1321 1645 1382 iustam
1670 1323 2131 1383 exeusationem
2151 1339 2304 1401 ‘esse

221 1409 448 1469 visam:
495 1409 675 1470 nullis
691 1409 953 1470 comitiis
979 1426 1272 1485 umquam
1297 1425 1503 1484 neque
1528 1407 1970 1469 multitudinem
1986 1405 2303 1467 hominum

220 1502 444 1553 tantam
487 1510 687 1567 neque
731 1492 1124 1567 splendorem
1158 1491 1381 1552 fuisse:
1421 1490 1539 1550 hoc
1574 1499 1739 1550 certe
1765 1489 1970 1560 vidc0‚
2010 1491 2179 1565 quod
2208 1489 2303 1549 in-

219 1578 426 1637 dicant
455 1579 695 1637 tabulae
727 1577 1037 1652 publicae,
1075 1592 1188 1635 vos
1220 1582 1571 1650 rogatoreS,
1603 1591 1718 1634 vos
1749 1574 2127 1645 diribitoreS,
2181 1589 2303 1634 vos

220 1661 513 1721 custodes
552 1659 746 1720 fuisse
775 1660 1153 1732 tabellarum,
1189 1667 1268 1730 et,
1301 1659 1468 1733 quod
1499 1656 1559 1717 in
1593 1657 1928 1717 honoribus
1952 1666 2302 1717 vestrorum

225 1745 708 1818 propinquorum
751 1758 872 1801 non
911 1741 1108 1803 facitis
1153 1742 1250 1802 vel
1293 1741 1509 1802 aetatis
1547 1740 1947 1802 excusatione
1977 1742 2072 1802 vel
2104 1741 2296 1802 hono·

223 1826 323 1897 ris,
357 1829 415 1884 id
449 1825 506 1883 in
534 1825 728 1885 salute
749 1841 884 1883 mea
906 1826 1073 1886 nullo
1096 1833 1353 1900 rogante
1388 1841 1506 1884 vos
1542 1832 1749 1886 vestra
1781 1833 2004 1900 sponte
2041 1824 2301 1886 fecistis.

345 1909 502 1969 XVI.
545 1905 647 1969 37.
693 1906 916 1968 Confer
950 1915 1009 1969 te
1053 1925 1244 1981 nunc,
1277 1908 1545 1985 Epicure
1587 1916 1827 1976 noster,
1861 1924 1940 1969 ex
1969 1908 2116 1969 hara
2156 1926 2299 1985 pro·

221 1993 421 2065 ducte,
458 2009 579 2052 non
613 2006 691 2051 ex
722 1993 964 2052 schola:
997 1994 1227 2067 confer,
1261 1992 1316 2053 si
1346 1994 1560 2065 audeS,
1594 1992 1930 2054 absentiam
1964 2001 2125 2053 tuam
2156 2009 2298 2053 cum

219 2094 372 2137 mea.
449 2075 766 2136 Obtinuisti
800 2076 1175 2151 provinciam
1212 2077 1599 2137 consularem
1628 2076 1849 2137 tinibus
1881 2075 1976 2151 iis,
2007 2094 2165 2151 quos
2199 2079 2305 2136 lex

217 2158 568 2235 cupiditatis
600 2167 758 2231 tuae,
786 2176 907 2219 non
940 2177 1100 2236 quos
1134 2163 1230 2221 lex
1254 2160 1463 2236 generi
1487 2159 1571 2220 tui
1606 2159 1939 2235 pepigerat.
1983 2161 2132 2220 Nam
2163 2163 2304 2234 lege

218 2243 505 2304 Caesaris
543 2242 875 2304 iustissima
915 2253 1099 2320 atque
1131 2245 1360 2321 optima
1395 2243 1605 2320 populi
1649 2243 1819 2303 liberi
1853 2244 2032 2319 plane
2063 2251 2122 2302 et
2150 2260 2302 2303 vere

220 2335 395 2387 erant
428 2326 630 2386 liberi:
679 2326 811 2402 lege
843 2337 1042 2389 autem
1076 2344 1181 2400 ea,
1220 2345 1404 2405 quam
1437 2343 1615 2387 nemo
1656 2328 1846 2402 legem
1880 2336 2122 2402 praeter
2151 2335 2208 2386 te
2237 2335 2303 2388 et

219 2412 516 2485 collegam
568 2419 732 2470 tuum
777 2412 1036 2487 putavit,
1099 2413 1297 2473 omnis
1342 2420 1473 2471 erat
1512 2410 1615 2471 tibi
1655 2409 2300 2482 Achaia,‘Thessalia‚

216 2494 525 2566 Athenae,
561 2503 781 2554 cuncta
808 2494 1063 2555 Graecia
1105 2496 1386 2556 addictaz-
1478 2494 1753 2554 habebas
1794 2493 2128 2553 exercitum
2169 2503 2301 2554 tan*

224 2587 364 2650 tum,
391 2587 682 2654 quantum
707 2578 811 2639 tibi
837 2596 955 2639 non
989 2589 1239 2641 senatus
1267 2586 1368 2639 aut
1387 2578 1659 2654 populus
1682 2579 1994 2637 Romanus
2026 2577 2303 2649 dederat,

220 2664 332 2723 sed
358 2671 649 2738 quantum
682 2669 783 2723 tua
812 2663 998 2723 libido
1029 2663 1516 2739 conscripseram
1560 2661 1861 2721 aerarium
1891 2660 2298 2721 exhauseras,

217 2744 319 2806 38.
358 2748 521 2821 Quas
551 2764 651 2808 res
680 2748 928 2823 gessisti
959 2747 1235 2824 imperio,
1268 2746 1559 2819 exercitu,
1592 2743 1911 2821 provincia
1946 2742 2303 2805 consulari?

223 2830 388 2903 Quas
423 2848 522 2892 res
553 2831 836 2907 gesserit,
870 2840 1131 2907 quaero!
1163 2829 1269 2905 qui
1302 2837 1367 2889 ut
1401 2829 1583 2902 venit,
1624 2826 1826 2888 statim
1859 2870 2003 2887 .....
2031 2862 2116 2872 —
2144 2843 2300 2887 non-

218 2915 364 2972 dum
395 2930 803 2975 commemoro
836 2914 1102 2989 rapinas,
1135 2929 1256 2972 non
1288 2921 1539 2973 exactas
1566 2911 2299 2993 pecuniaS,*non„captaS‚

220 3011 342 3054 non
375 2994 731 3070 imperataS,
779 3013 902 3056 non
933 3012 1121 3055 neces
1152 2994 1494 3069 sociorum,
1537 3013 1658 3056 non
1706 2997 1932 3055 caedes
1964 2995 2303 3069 hospitum,

221 3094 341 3138 non
398 3077 745 3153 perfidiam,
813 3094 936 3137 non
986 3078 1445 3151 immanitatem,
1514 3096 1638 3139 non
1692 3080 1932 3139 scelera
1975 3076 2303 3153 praedicoe

219 3176 392 3232 mox,
437 3160 490 3220 si
534 3159 864 3232 videbitur,
900 3168 966 3221 ut
995 3178 1132 3221 cum
1166 3165 1328 3237 lure,
1373 3172 1437 3224 ut
1478 3180 1617 3223 curn
1672 3162 2009 3236 sacrilege,
2050 3170 2117 3222 ut
2160 3177 2301 3221 cum

220 3242 444 3302 sicario
470 3242 830 3315 disputabo:
868 3260 1030 3306 nune
1057 3262 1254 3306 meam
1287 3246 1608 3323 spoliatam
1655 3248 1957 3307 fortunam
1987 3247 2303 3306 conferam

222 3342 360 3385 cum
389 3324 646 3385 florente
677 3327 915 3387 fortuna
947 3328 1333 3405 imperatoris
1374 3351 1490 3384 -ε
1535 3328 1676 3403 quis
1716 3345 2006 3404 umquam
2050 3328 2302 3402 provin-

223 3408 377 3467 ciam
419 3424 555 3467 cnm
595 3410 865 3472 exercitu
908 3412 1167 3475 obtinuit
1218 3412 1324 3491 qui
1380 3414 1577 3473 nullas
1622 3414 1703 3472 ad
1744 3419 2022 3473 senatum
2068 3409 2304 3473 litteras

220 3488 493 3551 miserit?
526 3499 750 3553 tantam
790 3510 938 3555 vero
983 3494 1362 3572 provinciam
1393 3512 1531 3556 cum
1561 3502 1730 3556 tanto
1762 3492 2063 3569 exercitu,
2095 3493 2302 3555 Mace-
