2514 3928
254 231 388 293 208
814 227 964 289 PRO
999 229 1113 288 CN.
1142 228 1472 292 PLANCIO
1509 227 1811 290 ORATIO.
2235 239 2342 290 uo

252 379 541 442 ciusdem
581 375 806 439 tribuni
848 376 1049 453 plebis
1095 379 1482 442 contionibus
1528 388 1779 458 propter
1808 381 2079 441 eamdem
2102 379 2191 438 rei
2225 393 2344 452 pu-

259 462 459 522 blicae
490 477 744 522 causam
773 477 965 539 saepe
996 472 1286 536 vexatuS‚
1336 465 1483 526 nihil
1525 468 1788 542 amplius
1818 464 1955 527 dico
2001 463 2115 523 nisi
2152 460 2343 521 mein

255 543 529 605 Siciliam
561 547 771 607 venire
819 546 1031 609 noluit.
1120 547 1278 623 Quid
1312 549 1550 609 dicam?
1592 550 1654 608 C.
1685 547 1976 631 Vergilio,
2001 547 2103 608 tali
2131 543 2252 613 civi
2278 552 2347 605 et

258 629 426 700 vir0,
469 628 967 704 benevolentiam
1001 632 1064 692 in
1103 649 1230 706 me,
1271 627 1617 689 memoriam
1659 631 2066 692 communium
2107 636 2344 702 tempo·

260 728 427 785 rum,
458 712 781 790 pietatem,
811 716 1274 783 humanitatem,
1302 712 1483 769 fldem
1514 708 1832 768 defuisse?
1872 714 2052 786 Nihil,
2083 710 2344 785 iudices,

254 805 360 859 est
387 812 624 873 eorum,
676 800 820 873 sed,
865 816 1044 875 quam
1073 798 1489 866 tempestatem
1520 805 1636 849 1¹08
1667 789 1988 847 vobiscum
2017 811 2143 854 non
2175 794 2340 855 tulis-

262 896 495 957 semuS,
525 884 737 945 metuit
758 892 822 942 ut
839 897 973 940 eam
998 880 1133 951 ipse
1164 878 1380 947 posset
1408 871 1629 944 opibus
1659 868 1791 931 suis
1821 869 2149 933 sustinere.
2190 879 2347 937 Tum

259 965 524 1026 consilio
566 971 819 1038 repente
865 964 1089 1018 mutato
1133 955 1246 1014 iter
1275 970 1313 1013 a
1343 953 1586 1015 Vibone
1612 953 2003 1016 Brundisium
2033 962 2198 1018 terra
2230 977 2347 1035 pe-

260 1059 390 1107 tere
431 1045 734 1104 contendi.
820 1041 967 1099 Nam
1013 1038 1349 1099 maritimos
1390 1054 1634 1111 cursus&
1653 1038 2084 1114 praecludebat
2114 1039 2349 1104 hiemis

257 1125 631 1200 magnitudo·

379 1207 529 1266 XLI.
557 1202 658 1267 97.
692 1206 885 1279 Quum
921 1204 1125 1264 omnia
1153 1203 1254 1264 illa
1288 1204 1636 1281 municipia,
1666 1221 1826 1281 quae
1854 1214 1996 1267 sunt
2023 1222 2062 1266 a
2089 1205 2350 1266 Vibone

258 1288 668 1361 Brundisium,
696 1290 758 1348 in
793 1288 915 1348 fide
935 1304 1092 1364 mea,
1121 1288 1378 1364 iudices,
1406 1297 1632 1364 essent,
1668 1288 1782 1350 iter
1800 1288 1947 1351 mihi
1970 1296 2156 1350 tutum
2180 1291 2348 1348 mul-

258 1374 338 1435 tis
367 1372 779 1433 minitantibus
810 1388 1032 1447 magno
1077 1390 1212 1435 cum
1246 1391 1362 1435 suo
1403 1382 1567 1434 metu
1605 1374 2057 1449 praestiterunt.
2141 1373 2344 1433 Brun-

254 1457 478 1518 disium
509 1454 648 1514 veni
679 1457 775 1516 vel
806 1456 1009 1532 potius
1039 1460 1120 1519 ad
1148 1459 1389 1520 moenia
1416 1455 1687 1519 accessi:
1727 1458 1945 1517 urbem
1974 1472 2157 1518 unam
2185 1455 2337 1516 mihi

259 1537 695 1601 amicissimam
731 1540 1061 1614 declinavi,
1113 1560 1272 1617 quae
1307 1558 1378 1603 se
1411 1543 1507 1601 vel
1547 1542 1751 1617 potius
1782 1539 2060 1601 exscindi
2090 1556 2274 1615 quam
2305 1556 2344 1598 e

258 1642 373 1686 suo
418 1624 744 1698 complexu
793 1633 859 1686 ut
909 1625 1181 1701 eriperer
1223 1624 1401 1686 facile
1447 1632 1776 1699 pateretur.
1874 1625 1941 1684 ln
1983 1625 2198 1686 hortos
2241 1639 2342 1683 me

257 1709 337 1767 Μ.
366 1706 577 1768 Laenii
604 1706 804 1768 Flacci
841 1709 1096 1770 contuli=
1141 1709 1243 1769 cui
1286 1726 1472 1785 quum
1504 1707 1702 1769 omnis
1733 1715 1959 1781 metus,
2005 1707 2337 1783 publicatio

256 1793 591 1864 bonorum,
623 1790 937 1864 exsilium,
972 1808 1136 1851 mors
1169 1794 1652 1868 proponeretur,
1679 1792 1832 1852 haec
1864 1790 2120 1867 perpeti,
2153 1792 2205 1849 si
2236 1805 2337 1849 ac·

256 1876 548 1945 ciderent,
582 1874 794 2019 mahuit
822 1892 1004 1950 quam
1037 1875 1377 1936 custodiam
1399 1877 1517 1935 mei
1541 1874 1759 1950 capitis
1784 1874 2101 1937 dimittere.
2153 1875 2339 1936 Cuius

253 1976 372 2033 ego
405 1968 465 2020 et
487 1975 673 2034 paren
705 1957 756 2018 's
780 1957 934 2033 eius,
966 1959 1422 2035 prudentissimi
1452 1968 1636 2035 atque
1669 1958 1878 2034 optimi
1911 1957 2099 2031 seniS,
2129 1966 2190 2018 et
2220 1958 2336 2017 sra-

254 2042 363 2103 tris
406 2051 467 2103 et
493 2043 812 2117 utriusque
844 2042 1105 2106 filiorum
1146 2043 1427 2104 manibus
1457 2042 1517 2102 in
1566 2043 1705 2104 navi
1748 2052 1871 2103 tuta
1912 2060 1986 2103 ac
2015 2042 2179 2103 fideli
2212 2043 2333 2100 col·

255 2134 496 2186 ,ocatus
542 2142 878 2200 eorumque
921 2141 1136 2201 preces
1178 2136 1238 2188 et
1278 2135 1421 2188 vota
1459 2127 1538 2187 de
1580 2143 1716 2187 mco
1757 2126 1955 2187 reditu
1996 2125 2339 2186 exaudiens

256 2209 687 2284 Dyrrachium,
750 2211 919 2284 quod
995 2208 1212 2271 eratin
1242 2211 1368 2270 fide
1393 2225 1559 2282 mea,
1605 2218 1812 2285 petere
1842 2209 2144 2271 contendi.
2231 2203 2339 2267 98.

258 2292 391 2364 Quo
439 2309 624 2365 quum
654 2294 995 2364 venissem,
1041 2293 1338 2368 cognovi,
1379 2293 1439 2354 id
1474 2295 1640 2368 quod
1670 2294 2011 2366 audieram,
2053 2294 2338 2352 refertam

257 2392 405 2435 esse
456 2374 772 2435 Graeciam
817 2377 1425 2438 sceleratissimorum
1467 2377 1776 2438 hominum
1831 2394 1906 2437 ac
1947 2374 2328 2445 nefariorum.

258 2475 523 2533 quorum
554 2458 805 2534 impium
840 2461 1062 2520 serrum
1090 2459 1389 2535 ignesque
1414 2460 1738 2535 pestiferos
1769 2478 1943 2522 meus
1978 2460 2077 2520 ille
2106 2473 2315 2518 consu·

255 2544 414 2604 latus
459 2559 493 2602 e
537 2542 818 2603 manibus
848 2551 1221 2605 extorserat:
1257 2545 1360 2620 qui
1391 2555 1530 2606 ante
1563 2562 1744 2619 quam
1779 2546 1856 2605 de
1885 2561 2021 2605 meo
2064 2542 2338 2602 adventu

252 2627 469 2687 audire
495 2627 856 2703 potuissent,
887 2646 1074 2703 quum
1100 2636 1300 2689 tamen
1326 2629 1614 2689 abessent
1636 2628 1868 2704 aliquot
1888 2628 2120 2687 dierum
2150 2623 2334 2698 viam,

259 2711 321 2770 in
350 2710 772 2772 Macedoniam
797 2712 876 2771 ad
903 2712 1337 2787 Planciumque
1370 2712 1629 2787 perrexi.
1714 2711 1827 2773 Hic
1858 2728 2004 2773 vero
2035 2709 2210 2772 simul
2243 2717 2331 2770 at·

254 2811 379 2869 que
416 2811 580 2855 mare
608 2811 704 2856 me
733 2796 1028 2857 transisse
1060 2795 1348 2870 cognovit
1371 2829 1460 2841 —-
1485 2797 1648 2869 audi,
1681 2796 1824 2856 audi
1854 2803 2039 2871 atque
2068 2791 2334 2865 attende,

254 2878 639 2952 LaterensiS,
679 2888 744 2940 ut
785 2879 947 2940 scias
979 2879 1127 2954 quid
1158 2894 1275 2953 ego
1306 2878 1551 2940 Plancio
1583 2880 1841 2940 debeam
1879 2878 2339 2952 confiteareque

253 2958 585 3033 aliquando
616 2978 712 3020 me
755 2962 924 3036 quod
955 2961 1172 3021 faciam
1225 2969 1287 3022 et
1328 2971 1498 3036 grate
1538 2969 1599 3023 et
1629 2964 1729 3038 pie
1771 2964 2003 3022 sacerez
2040 2961 2180 3022 huic
2195 2955 2334 3040 [au-

256 3039 425 3121 tem]‚
461 3057 619 3116 quae
662 3059 771 3115 pro
817 3045 1012 3104 salute
1038 3060 1175 3104 mea
1206 3045 1417 3106 fecerit
1479 3044 1533 3107 si
1574 3049 1773 3107 minus
1819 3046 2135 3122 profutura
2192 3042 2334 3116 sint,

254 3125 482 3185 obesse
507 3134 671 3183 certe
695 3142 815 3184 non
847 3136 1133 3201 oportere
1161 3151 1266 3185 —=
1294 3147 1431 3190 nam
1456 3130 1635 3190 simul
1670 3147 1742 3189 ac
1785 3143 1884 3187 me
1928 3123 2335 3202 Dyrrachium

250 3206 530 3281 attigisse
568 3206 830 3280 audivit,
861 3210 1061 3271 statim
1082 3212 1159 3273 ad
1183 3229 1281 3273 me
1323 3212 1636 3275 lictoribus
1670 3213 1960 3287 dimissiS,
1991 3210 2336 3286 insignibus
2388 3238 2396 3244 ·

250 3289 540 3361 abiectiS,
589 3298 764 3352 veste
808 3301 1032 3354 mutata
1076 3298 1388 3371 profectus
1431 3306 1543 3359 est.
1630 3297 1732 3358 99.
1766 3297 1813 3359 Ο
1850 3298 2135 3358 acerbam
2170 3293 2335 3367 mihi,

255 3372 512 3445 iudices,
541 3377 893 3436 memoriam
923 3380 1216 3455 temporis
1245 3381 1408 3442 illius
1431 3390 1492 3443 et
1518 3381 1660 3460 loci,
1692 3400 1875 3457 quum
1912 3382 2009 3441 hic
2038 3382 2096 3441 in
2122 3395 2218 3438 me
2244 3377 2335 3437 in-

252 3455 425 3531 cidit,
463 3475 648 3532 quum
689 3462 1052 3537 complexus
1089 3472 1185 3527 est
1211 3465 1684 3542 conspersitque
1726 3465 1991 3526 lacrimis
2018 3480 2134 3525 nec
2165 3462 2335 3537 loqui
