2514 3928
163 143 247 208 44
735 144 886 208 PRO
933 147 999 207 P.
1032 144 1302 207 SESTIO
1348 143 1655 207 ORATIO.

336 314 489 373 LIV.
533 313 665 372 115.
712 313 1047 374 Veniamus
1076 314 1153 373 ad
1186 314 1387 374 ludos,
1444 313 1613 373 Facit
1636 311 1813 379 enim,
1846 308 2104 385 iudices,
2133 328 2231 372 ve-

170 405 299 456 ster
327 396 445 456 iste
485 395 544 456 in
586 412 686 459 me
724 397 1068 458 animorum
1111 399 1557 471 oculorumque
1597 395 1945 464 coniectus,
1995 402 2062 457 ut
2089 395 2231 455 mihi

166 496 284 539 nam
318 479 503 539 licere
524 487 736 555 putem
760 480 1117 542 remissiore
1134 481 1224 541 uti
1249 496 1479 556 genere
1509 479 1771 540 dicendi.
1834 479 2228 541 comitiorum

168 572 228 623 et
263 563 618 623 contionum
642 563 1127 639 significationes
1150 571 1295 624 sunt
1319 563 1647 637 [interdum
1680 578 1880 636 verae,
1907 569 2072 635 sunt]
2106 580 2230 623 non

166 663 500 722 numquam
524 647 772 707 vitiatae
800 655 987 723 atque
1012 656 1372 723 corruptae:
1407 648 1737 708 theatrales
1764 646 2233 723 gladiatoriique

169 746 509 791 consessus
552 731 839 792 dicuntur
878 731 1126 792 omnino
1182 734 1391 793 solere
1446 731 1697 792 levitate
1748 747 1872 791 non
1925 733 2231 811 nullorum

168 822 410 891 emptos
432 816 690 890 plausus
715 816 907 876 exiles
931 823 994 875 et
1022 832 1198 876 raros
1223 817 1530 876 excitare.
1558 819 1653 876 Ac
1678 822 1878 875 tamen
1914 815 2092 876 facile
2116 822 2231 884 est,

168 915 355 972 quum
381 897 440 959 id
473 898 565 971 fit,
597 913 778 973 quem
812 900 889 959 ad
915 899 1165 959 modum
1191 907 1251 959 et
1280 915 1316 958 a
1341 899 1565 974 quibus
1595 899 1704 959 fiat
1733 905 1795 958 et
1826 898 1975 973 quid
1995 898 2231 972 Integra

169 981 490 1042 multitudo
526 982 709 1042 iaciat
735 981 965 1042 videre.
1045 983 1200 1055 Quid
1236 999 1356 1058 ego
1394 999 1557 1043 nunc
1590 983 1790 1042 dicam
1827 984 2051 1058 quibus
2081 981 2230 1041 viris

167 1074 273 1124 aut
297 1065 393 1124 cui
417 1064 628 1139 generi
667 1065 889 1125 civium
913 1065 1176 1126 maxime
1204 1067 1567 1141 plaudatur?
1621 1066 1932 1126 Neminem
1958 1072 2231 1125 vestrum

168 1148 334 1209 fallit.
395 1148 487 1209 Sit
521 1148 639 1209 hoc
669 1165 823 1209 sane
852 1151 1009 1221 leve,
1045 1150 1212 1224 quod
1245 1167 1368 1210 non
1406 1150 1487 1210 ita
1522 1158 1634 1222 est,
1670 1148 1955 1224 quoniam
1992 1147 2227 1223 optimo

168 1230 390 1309 cuique
420 1232 779 1309 impertitur,
810 1234 953 1304 sed,
987 1232 1041 1294 si
1077 1241 1172 1294 est
1201 1237 1359 1305 leve,
1392 1234 1619 1294 homini
1649 1234 1825 1309 gravi
1854 1235 1993 1294 leve
2023 1239 2136 1308 est,
2172 1230 2229 1290 ei

168 1332 346 1389 vero,
390 1319 492 1392 qui
537 1318 769 1393 pendet
800 1317 986 1377 rebus
1029 1316 1392 1390 levissimiS‚
1439 1318 1542 1392 qui
1585 1333 1831 1378 rumore
1863 1324 1955 1390 et,
2001 1323 2072 1376 ut
2111 1313 2230 1390 ipsi

165 1401 528 1475 loquuntur,
560 1404 776 1461 favore
797 1402 1015 1477 populi
1044 1408 1372 1462 tenetur‘et
1392 1402 1648 1472 ducitur,
1678 1404 1964 1477 plausum
1989 1399 2230 1460 immor-

164 1485 488 1557 talitatem,
529 1485 773 1546 sibilum
818 1493 1074 1546 mortem
1124 1484 1319 1544 videri
1353 1500 1616 1545 necesse
1658 1493 1772 1544 est.
1865 1482 2005 1545 116.
2044 1484 2137 1542 Ex
2171 1491 2231 1542 te

164 1567 373 1644 igitur,
422 1568 685 1640 Scaure,
730 1567 1119 1645 potissimum
1151 1584 1417 1644 quaem,
1464 1568 1570 1643 qui
1613 1569 1792 1628 ludos
1834 1565 2242 1643 apparatissif

168 1668 302 1713 mos
331 1651 1103 1727 magnificentissimosque
1144 1652 1372 1724 fecisti,
1420 1651 1634 1727 ecquis
1675 1651 1933 1711 istorum
1969 1654 2229 1726 popula-

167 1736 320 1795 rium
366 1743 506 1795 tuos
561 1734 745 1795 ludos
788 1735 1132 1810 aspexerit,
1192 1737 1407 1810 ecquis
1464 1752 1535 1796 se
1583 1736 1825 1796 theatro
1867 1736 2229 1811 populoque

165 1819 442 1879 Romano
477 1818 870 1879 commiserit.
959 1820 1099 1894 lpse
1139 1819 1240 1879 ille
1282 1820 1544 1879 maxime
1584 1819 1817 1889 ludiuS,
1862 1836 1985 1878 non
2028 1818 2227 1878 solum

166 1909 509 1978 spectator,
554 1903 668 1961 sed
703 1909 877 1962 actor
918 1910 978 1961 et
1011 1918 1334 1981 acroama,
1383 1903 1489 1978 qui
1518 1903 1721 1972 omnia
1751 1903 1987 1962 sororis
2020 1903 2227 1961 embo-

166 1987 246 2046 lia
269 1988 458 2060 novit,
491 1986 593 2060 qui
619 1986 676 2045 in
706 1994 945 2047 coetum
973 1986 1290 2047 mulierum
1318 2003 1431 2062 pro
1458 1988 1710 2064 psaltria
1734 1987 2079 2057 adducitur,
2112 2002 2229 2046 nee

164 2079 308 2132 tuos
358 2072 538 2131 ludos
580 2071 824 2146 aspexit
865 2070 925 2129 in
967 2072 1069 2132 illo
1115 2071 1354 2130 ardenti
1393 2072 1701 2132 tribunatu
1739 2086 1856 2130 suo
1906 2086 2021 2130 nec
2062 2072 2227 2130 ullos

164 2155 320 2215 alios
353 2155 468 2215 nisi
505 2170 646 2224 eoS,
687 2171 724 2213 a
755 2154 976 2229 quibus
1013 2156 1114 2216 vix
1145 2154 1327 2214 vivus
1359 2153 1592 2230 effugit.
1679 2154 1911 2226 Semel,
1960 2156 2228 2228 inquam,

166 2253 236 2296 se
264 2238 426 2298 ludis
458 2237 641 2298 homo
674 2238 993 2313 popularis
1026 2237 1331 2299 commisit
1361 2239 1642 2309 omnino,
1689 2254 1875 2311 quum
1907 2237 1963 2297 iu
1997 2239 2225 2311 templo

171 2320 424 2382 Virtutis
467 2320 667 2381 honos
701 2322 938 2382 habitus
971 2329 1139 2382 esset
1167 2321 1404 2392 virtuti,
1443 2321 1701 2396 Gaiique
1731 2321 1930 2390 Marii,
1979 2335 2227 2382 conser-

163 2406 400 2466 vatoris
450 2405 631 2465 huius
678 2404 944 2481 imperii,
1002 2412 1460 2467 monumentum
1507 2404 1794 2480 municipi
1846 2403 1980 2464 eius
2034 2410 2097 2464 et
2138 2404 2228 2463 rei

167 2490 450 2562 publicae
487 2490 798 2549 defensori
828 2489 1040 2549 sedem
1070 2490 1148 2548 ad
1179 2492 1441 2550 salutem
1473 2487 1880 2563 praebuisset.

334 2574 456 2634 LV.
507 2571 646 2634 117.
692 2574 822 2648 Quo
856 2572 1098 2647 quidem
1131 2581 1409 2648 tempore
1441 2570 1584 2646 quid
1612 2573 1881 2647 populus
1912 2572 2227 2631 Romanus

164 2657 393 2718 sentire
428 2673 499 2718 se
520 2659 879 2719 ostenderet
907 2664 1173 2731 utroque
1205 2654 1264 2715 in
1288 2671 1517 2731 genere
1539 2656 1916 2715 declaratum
1946 2661 2071 2713 est:
2108 2652 2224 2728 pri-

165 2756 357 2813 mum,
405 2759 591 2815 quum
629 2741 840 2802 audito
877 2747 1130 2800 senatus
1168 2741 1453 2799 consulto
1491 2738 1580 2798 rei
1611 2738 1726 2814 ipsi
1768 2747 1957 2813 atque
1986 2736 2228 2797 absenti

164 2824 407 2883 senatui
438 2827 693 2898 plausus
718 2832 815 2885 est
836 2825 912 2885 ab
939 2823 1243 2884 universis
1270 2824 1468 2890 datus,
1496 2822 1736 2894 deinde,
1771 2838 1956 2897 quum
1985 2829 2228 2880 senato·

165 2905 332 2968 ribus
365 2906 622 2982 singulis
647 2916 993 2983 spectatum
1025 2923 1060 2968 e
1090 2913 1312 2968 senatu
1342 2906 1759 2966 redeuntibus.
1849 2909 2043 2981 Quum
2076 2918 2225 2962 vero

163 2989 329 3064 ipse,
368 2989 471 3065 qui
504 2992 684 3051 ludos
719 2991 1009 3059 faciebat,
1047 2992 1266 3052 consul
1296 2989 1557 3062 adsedit,
1587 2996 1823 3050 stantes
1857 2987 1911 3048 ei
1947 2987 2226 3048 manibus

166 3073 372 3147 passis
403 3075 634 3149 gratias
674 3083 930 3150 agentes
975 3082 1036 3135 et
1069 3075 1455 3135 lacrimantes
1485 3073 1708 3149 gaudio
1746 3089 1920 3133 suam
1955 3088 2100 3147 erga
2132 3085 2229 3129 me

164 3157 657 3218 benevolentiam
690 3174 763 3217 ac
798 3158 1275 3219 misericordiam
1310 3159 1715 3218 declararunt.
1792 3161 1873 3216 At
1911 3171 2096 3231 quum
2128 3153 2229 3213 ille

165 3242 526 3303 furibundus
555 3240 804 3302 incitata
833 3242 935 3302 illa
964 3258 1078 3303 sua
1112 3243 1398 3302 vaecordi
1429 3251 1632 3302 mente
1660 3240 1971 3310 venisset,
2016 3238 2124 3302 vix
2158 3251 2230 3294 se

163 3329 430 3402 populus
472 3328 785 3387 Romanus
831 3327 1047 3399 tenuit,
1094 3325 1198 3387 vix
1240 3325 1521 3387 homines
1561 3325 1766 3386 odium
1810 3339 1990 3384 suum
2020 3336 2059 3380 a
2093 3334 2226 3413 cor-

161 3427 317 3485 pore
361 3412 492 3471 eius
534 3411 773 3487 impuro
806 3420 991 3485 atque
1023 3411 1273 3471 infando
1315 3418 1757 3485 represserunt.
1851 3407 2063 3466 Voces
2101 3416 2211 3477 qut
