2514 3928
1795 106 1904 117 ,ιη-ιιι-

686 353 709 369 .
762 320 1149 374 PROOEMIUM
1182 317 1518 376 EDITIONIS
1552 322 1920 377 SECUNDAE.
2244 342 2390 379 xxxx

298 460 391 520 ita,
429 470 484 510 ut
517 468 800 510 statuamus
838 459 988 509 etiam
1021 459 1158 508 illam
1195 458 1379 508 tribum
1412 458 1567 509 istum
1592 458 1893 524 perdidisse,
1920 476 2023 523 qus
2056 461 2191 511 fama
2227 461 2394 513 fuerat

303 541 480 578 omnes
525 529 654 576 istos
708 526 942 576 homines
986 525 1302 591 perniciosos
1345 526 1485 576 abuti
1528 527 1594 575 sd
1634 528 1914 596 vexandam
1967 543 2069 578 rem
2115 528 2389 593 publicam.

304 593 413 645 Nos
448 593 703 644 dicamus:
761 609 858 644 uon
893 594 989 644 der
1022 608 1077 643 cs
1111 593 1249 644 doch*
1274 592 1430 650 hiess,
1475 594 1598 643 dass
1641 597 1739 644 alle
1760 597 1891 658 jeus
1933 596 2198 647 malama
2239 594 2390 646 Men·

301 661 456 712 seiten
489 660 648 710 durch
689 663 765 711 sie
811 662 912 711 den
944 658 1096 710 Staat
1138 675 1200 709 zu
1247 659 1452 710 Grande
1495 676 1558 711 zu
1606 661 1801 712 ricleten
1849 663 2074 713 eucleten.
2144 660 2270 726 Cap.
2306 663 2388 711 54.

304 726 354 788 5.
382 728 495 776 115.
530 726 797 776 verborum
831 725 1111 784 collocatio,
1148 740 1301 787 quam
1336 740 1433 791 ego
1470 741 1603 777 nunc
1638 728 1862 785 institui,
1916 741 1994 778 est
2026 744 2055 778 e
2089 728 2203 781 cod.
2240 727 2387 777 Gem-

307 793 529 843 blacensi
563 794 849 859 desumpta.
918 794 974 843 In
1018 793 1151 843 cod.
1178 792 1410 842 Parisino
1455 805 1665 858 propter
1707 796 1974 859 repetitum
2020 794 2228 844 verbum
2271 801 2388 844 sunt

303 859 551 922 quaedam
592 861 888 911 exciderunt
918 860 1087 910 verba.
1156 859 1279 908 Mox
1319 861 1536 910 maxime
1572 862 1857 924 plaudatur
1897 861 2049 911 habet
2088 862 2200 911 cod.
2238 860 2389 911 Gem-

303 927 552 977 blacensis
588 929 887 986 rectissime,
925 928 976 976 in
1012 927 1126 979 cod.
1162 925 1394 976 Parisino
1432 938 1511 976 est
1530 929 1753 978 maxima
1773 929 2064 992 plaudatur,
2101 927 2235 978 unde
2257 927 2388 976 falsa

298 995 554 1059 scriptura
594 997 808 1046 mamitus
851 995 1199 1058 applaudatur
1242 1004 1354 1043 orta
1396 1008 1513 1043 esse
1555 994 1771 1045 videtur.
1838 996 1887 1055 5.
1930 997 2046 1046 116.
2102 997 2157 1045 in
2207 994 2388 1057 templo

309 1061 529 1112 Virtutis
564 1072 641 1110 est
675 1062 814 1127 apud
854 1060 1180 1111 scholiastam
1215 1059 1537 1120 Bobiensem,
1574 1061 1710 1111 conf.
1746 1061 1881 1110 infra
1914 1061 1961 1122 5.
1997 1063 2111 1112 120.
2179 1061 2236 1110 In
2273 1061 2387 1111 cod.

298 1128 534 1178 Parisino
571 1139 648 1177 est
679 1130 732 1178 in
768 1130 949 1192 templo
981 1129 1116 1178 virtu
1141 1167 1153 1179 .
1181 1162 1194 1177 .
1217 1143 1245 1178 s
1279 1128 1504 1185 honoris,
1538 1128 1592 1177 in
1615 1129 1730 1178 eod.
1757 1127 2108 1178 Gemblacensi
2129 1130 2183 1178 in
2206 1128 2389 1190 templo

301 1195 528 1248 Ιιοηονὶε.
566 1222 569 1225 =
601 1191 724 1260 Cap.
749 1195 833 1246 55.
871 1194 922 1256 5.
949 1195 1067 1245 118.
1103 1193 1156 1242 in
1190 1195 1555 1244 constituendis
1591 1195 1789 1244 Afranii
1821 1196 2205 1260 poetae-verbis
2240 1209 2388 1242 secu-
2443 1256 2448 1257 ⁷

276 1272 386 1315 .tus
421 1276 537 1312 sum
575 1259 629 1310 O.
663 1261 917 1310 Halmium
952 1274 1002 1310 et
1034 1260 1245 1324 scripsi:
1308 1262 1459 1319 Huic,
1502 1261 1627 1318 Tite,
1664 1269 1752 1313 tua
1782 1269 1903 1326 post
1940 1263 2203 1327 principia
2235 1268 2389 1324 atque

303 1331 475 1379 exitus
506 1328 715 1378 vitiosae
757 1329 889 1377 uitae
915 1363 927 1373 .
953 1362 966 1375 .
991 1362 1006 1376 .
1035 1361 1046 1373 .
1117 1325 1264 1375 Coui.
1316 1340 1450 1375 nunc
1500 1329 1650 1375 etiam
1686 1327 1746 1378 Ο.
1788 1328 2048 1379 Ribbeckii
2080 1328 2390 1379 Comicorum

308 1382 549 1442 Latino'r.
598 1393 777 1457 reliqu.
830 1407 884 1455 p.
946 1393 1040 1441 172
1088 1405 1167 1451 sq.
1238 1390 1362 1454 Cap.
1424 1393 1505 1442 56.
1568 1394 1616 1452 5.
1662 1395 1771 1444 120.
1841 1396 2026 1460 scripsi
2075 1409 2199 1460 ego:
2261 1391 2391 1453 Quia

308 1460 486 1574 Enim13¹
517 1467 566 1507 et
607 1458 1076 1572 interppnctionem·
1108 1457 1171 1505 ob
1204 1471 1330 1572 xesuxln
1350 1470 1482 1570 0rem
1522 1459 1729 1538 mutari.
1791 1461 1851 1573 lIn
1888 1461 2037 1575 εἰοιὶᾱ.
2071 1461 2392 1576 Ραᾶἱείιιοὸξι

354 1539 435 1574 em
489 1539 661 1574 acens1
713 1539 766 1573 es
990 1538 1136 1574 enm.
1257 1539 1290 1572 u
1430 1521 1564 1583 Quid
1610 1539 1737 1573 emm
1874 1542 1901 1574 e
1934 1541 2064 1576 aur.
2171 1542 2201 1574 a
2244 1561 2256 1574 .
2374 1562 2385 1573 .

305 1592 355 1653 5.
385 1592 499 1642 121.
537 1607 784 1650 eversura,
829 1539 960 1656 me
998 1591 1075 1640 sic
1117 1591 1220 1654 epit
1261 1537 1522 1655 pgecepit
1561 1589 1771 1640 Bakius.
1811 1540 1897 1642 Θῗιι
1939 1592 2083 1641 libris
2128 1541 2390 1642 estpever·

295 1673 508 1724 samque
539 1660 614 1708 sic
649 1659 767 1723 epit.
839 1657 960 1723 Cap.
985 1657 1070 1708 58.
1107 1657 1151 1718 5.
1181 1658 1295 1709 124.
1343 1673 1376 1707 a
1419 1657 1645 1708 colmnna
1678 1657 1891 1708 Maenia
1925 1667 2004 1708 est
2035 1659 2086 1707 in
2124 1658 2269 1707 codd.
2292 1659 2389 1707 Pa-

301 1726 467 1774 risino
503 1734 553 1774 et
587 1723 952 1775 Gemblacensi.
1010 1722 1171 1774 Ceteri
1206 1723 1320 1773 libri
1355 1723 1459 1773 fere
1494 1726 1567 1775 ad
1594 1726 1870 1776 colmnam
1890 1726 2154 1777 Maeniam
2186 1723 2390 1780 habent,

301 1805 411 1855 quo
463 1792 612 1841 etiam
667 1792 807 1842 ducit
857 1790 1144 1842 Scholiasta
1196 1791 1485 1842 Bobiensis.
1558 1790 1723 1850 Quare
1780 1793 1844 1844 ab
1898 1794 2126 1844 columna
2180 1789 2393 1841 Maenia

301 1858 508 1922 scripsi.
580 1857 703 1923 Cap.
728 1860 812 1913 59.
847 1859 894 1920 5.
921 1859 1031 1908 126.
1088 1858 1165 1908 At
1197 1873 1320 1910 uero
1352 1859 1439 1909 iae
1539 1865 1686 1911 actor
1708 1858 2013 1910 Garatonius
2050 1875 2112 1907 ex
2146 1858 2389 1907 librorum

302 1926 537 1991 vestigiis
570 1926 804 1977 restituit.
871 1923 1043 1992 Vulgo
1076 1932 1296 1990 praetor
1329 1937 1432 1976 non
1486 1926 1742 1991 egebatur.
1809 1927 1857 1989 5.
1883 1928 1997 1978 127.
2039 1926 2242 1978 intersit
2275 1934 2392 1974 ante

301 1995 440 2043 inter
473 1993 687 2042 inseruit
719 1992 1138 2057 WesenbergiuS.
1188 1993 1245 2042 In
1280 1991 1424 2043 libris
1460 2008 1565 2043 non
1598 1993 1811 2044 habetur
1845 2004 1894 2045 et
1927 1994 2081 2059 vulgo
2116 2002 2239 2059 post
2270 2007 2392 2044 con·

305 2060 492 2110 tionem
524 2059 820 2109 addebatur.
891 2058 1013 2124 Gap.
1038 2061 1123 2109 64.
1159 2060 1206 2120 5.
1231 2061 1348 2110 133.
1383 2060 1539 2125 vulgo
1584 2059 1690 2110 fere
1720 2061 1846 2110 haec
1879 2062 2031 2111 verba
2066 2060 2390 2126 legebantur:

303 2132 358 2175 ut
391 2127 526 2176 illum
557 2141 695 2176 meac
726 2128 1138 2190 proscriptionis,
1187 2141 1335 2192 quam
1367 2126 1661 2190 adiuvabat,
1707 2127 1832 2178 Sex.
1869 2127 2099 2186 Clodius,
2145 2127 2289 2179 homo
2321 2126 2390 2174 iis

308 2194 648 2255 dimissimus,
685 2193 964 2258 quibuscum
997 2195 1132 2251 vivit,
1169 2193 1385 2243 tabulam
1418 2209 1546 2253 esse,
1581 2210 1637 2245 sc
1669 2196 1971 2259 scriptorem
2006 2197 2226 2251 diceret,
2275 2192 2389 2252 qui-

305 2259 403 2309 bus
441 2259 493 2307 in
527 2260 694 2309 verbis
728 2259 852 2321 quid
884 2259 1097 2309 tabula
1141 2260 1240 2309 sibi
1282 2259 1432 2309 vellet
1465 2275 1613 2311 nemo
1649 2261 1935 2326 explicavit.
2006 2262 2061 2309 In
2099 2259 2211 2310 cod.
2248 2257 2392 2308 Pari-

306 2325 423 2374 sino
458 2326 566 2375 eius
602 2325 713 2376 loco
749 2326 934 2391 leg-itur
967 2326 1266 2379 toambuam.
1332 2326 1431 2375 Pro
1477 2342 1537 2377 eo
1583 2342 1679 2392 ego
1733 2327 1947 2379 baiulum
1996 2327 2207 2392 scripsi,
2253 2323 2391 2385 quod

303 2392 607 2442 vocabulum
641 2392 748 2443 fere
783 2394 1143 2457 operarium
1177 2393 1318 2458 apud
1354 2394 1591 2456 antiquos
1627 2394 1949 2460 significasse
1983 2409 2047 2444 ex
2082 2394 2218 2443 Festi
2263 2391 2390 2439 libro

305 2459 498 2509 rettulit
539 2458 726 2510 Paulus
771 2474 826 2525 p.
860 2460 944 2518 35,
989 2460 1039 2510 8.
1088 2460 1167 2509 ed.
1210 2459 1348 2512 Miill.
1392 2460 1525 2511 conf.
1569 2459 1825 2511 Ciceronis
1868 2462 2020 2514 Brut.
2060 2463 2153 2519 73,
2190 2459 2306 2509 257.
2342 2469 2393 2506 et

302 2527 491 2590 parad.
529 2528 580 2586 3,
616 2528 666 2576 2.
735 2525 861 2577 cam
897 2526 1138 2577 Genetivo
1182 2536 1353 2576 autem
1387 2542 1419 2576 a
1454 2529 1820 2592 posterioribus
1867 2528 2203 2593 scriptoribus
2238 2537 2393 2587 saepe

305 2607 366 2643 ea
399 2606 502 2643 vox
536 2594 873 2657 componitur,
911 2602 960 2642 et
992 2592 1131 2655 quod
1164 2594 1293 2659 lepis
1325 2593 1464 2646 lator
1497 2603 1547 2645 et
1577 2596 1705 2659 lepis
1736 2596 1863 2646 latio
1885 2594 2161 2653 dicebatur,
2190 2591 2255 2641 ob
2279 2604 2391 2639 eam

306 2674 517 2709 causam
552 2660 704 2710 etiam
738 2660 1148 2724 proscriptionis,
1184 2661 1238 2709 id
1274 2669 1352 2711 est
1392 2661 1551 2727 legi8‚
1597 2662 1650 2711 in
1696 2676 1796 2724 qua
1840 2662 2159 2727 proscriptus
2204 2656 2391 2719 aliquis

306 2726 424 2784 fuit,
459 2726 661 2776 baiulus
696 2726 800 2776 dici
834 2727 1015 2791 potuit.
1086 2724 1318 2777 Ceterum
1352 2743 1506 2789 quum
1540 2728 1593 2777 in
1630 2729 1744 2778 cod.
1779 2728 2013 2778 Parisino
2050 2728 2247 2791 legatur
2279 2738 2392 2775 esse

305 2800 694 2919 22:103‘2552‘
715 2804 1650 2925 :3⁸525322353222‘nsffg‘2230223‘
1676 2793 1920 2923 Suffffi
1922 2809 2008 2909 ¹¹12·
2035 2793 2390 2909 „zi-53²3&

306 2941 417 2976 esse
450 2926 609 2976 altero
645 2925 757 2977 loco
791 2941 893 2976 non
929 2927 1127 2992 legitur,
1161 2938 1329 2979 tamen
1365 2930 1509 2977 uncis
1544 2928 1870 2978 circumdedi.
1928 2928 1975 2989 5.
2020 2928 2134 2978 134.
2186 2933 2239 2977 ct
2271 2937 2392 2991 post

302 3000 546 3058 peccaret
589 2991 779 3043 Orellio
824 3003 1028 3044 auctore
1063 2994 1222 3044 delevi
1269 3005 1319 3044 et
1361 2995 1408 3055 5.
1446 2996 1559 3053 135.
1593 3003 1672 3045 est
1704 3005 1825 3060 post
1854 2996 2052 3059 scripta
2085 2994 2283 3051 addidi,
2337 2992 2389 3042 in

304 3059 598 3109 melioribus
634 3059 775 3110 libris
811 3062 1078 3110 omissum.
1121 3060 1295 3126 Vulgo
1328 3071 1445 3111 ante
1476 3065 1673 3125 scripta
1707 3062 1957 3112 adiectum
1981 3070 2104 3110 erat.
2162 3058 2388 3124 cap.65.

309 3125 359 3188 ξ.
391 3128 505 3177 137.
541 3128 917 3191 discriptionem
952 3138 1030 3177 est
1062 3128 1114 3176 in
1150 3127 1300 3179 codd.
1333 3128 1567 3177 Parisino
1603 3137 1652 3177 et
1687 3127 2050 3178 Gemblacensi.
2107 3126 2278 3189 Vulgo
2302 3126 2387 3174 de-

303 3195 632 3257 scriptionem
663 3192 939 3259 legebatur.
996 3192 1248 3259 Deinceps
1285 3209 1319 3243 a
1354 3205 1473 3243 ante
1505 3194 1776 3245 maioribus
1811 3211 1838 3243 e
1871 3193 1985 3244 cod.
2010 3191 2387 3255 Salisburgensi

299 3259 535 3309 additum
569 3270 663 3321 est,
702 3262 944 3310 omissum
979 3262 1032 3311 in
1068 3260 1210 3310 libris
1245 3260 1557 3309 melioribus.
1627 3257 1749 3326 Cap.
1784 3262 1866 3310 66.
1910 3260 1957 3319 5.
1990 3258 2105 3309 138.
2143 3256 2386 3320 cupidita-

307 3326 427 3375 tium
465 3336 545 3377 est
586 3342 615 3376 e
657 3327 804 3377 codd.
840 3327 1072 3376 Parisino
1119 3336 1168 3376 et
1210 3326 1576 3376 Gemblacensi.
1642 3326 1812 3391 Vulgo
1847 3325 2174 3388 cupiditatum
2208 3321 2385 3385 edeba-

307 3403 409 3441 tur.
477 3391 600 3458 Cap.
626 3394 707 3444 69.
752 3394 801 3454 5.
830 3395 943 3444 144.
1002 3391 1234 3441 Halmius
1270 3407 1395 3441 usus
1432 3391 1645 3440 lectione
1676 3392 1788 3442 cod.
1827 3390 2043 3439 Parisini
2081 3390 2179 3439 mei
2204 3388 2384 3447 fratris

302 3473 574 3526 comque
600 3460 781 3526 (super
812 3475 875 3512 co
910 3467 989 3509 est
1019 3458 1075 3520 r)
1110 3463 1395 3516 nostrorum
1428 3456 1634 3520 scripsit
1665 3460 1763 3507 mei
1798 3457 1987 3518 tram}
2019 3454 2383 3512 liberos-amque
