2514 3928
309 218 437 284 222
666 214 816 278 PRO
854 215 917 276 C.
948 211 1267 275 RABIRIO
1298 209 1663 274 POSTUMO
1700 209 2008 274 ORATIO.
2318 221 2459 274 124

316 387 596 451 Caesaris
620 402 857 451 summa
878 385 939 448 in
965 387 1198 457 omnes',
1225 384 1595 448 incredibilis
1618 385 1679 445 in
1702 385 1863 446 hunc
1878 383 2437 459 [eademJlibes-a-

319 472 452 534 litas
478 471 845 539 exstitisset,
887 487 1001 532 nos
1031 473 1192 532 hunc
1210 471 1570 532 Postumum
1595 469 1714 529 iam
1735 467 1973 545 pridem
2000 468 2061 530 in
2087 471 2236 529 soro
2271 485 2438 530 non

318 556 727 627 haberemus„
791 557 899 616 llle
932 556 1122 616 onera
1154 558 1482 616 multorum
1525 551 1706 614 huius
1750 555 2087 615 amicorum
2133 553 2437 628 excepit

316 656 505 710 unus,
553 655 842 715 quaeque
871 638 1040 701 multi
1071 638 1354 700 homines
1392 636 1729 698 necessarii
1775 637 2066 715 secqnd1s
2105 637 2428 698 Postumi

317 724 502 784 rebus
527 724 838 800 descripta
862 723 1303 797 sustinuerunt,
1328 738 1491 783 nunc
1517 720 1647 781 eius
1670 721 1935 784 adflictis
1959 721 2233 785 fortunis
2261 721 2420 781 uni-

323 823 502 868 versa
543 809 824 868 sustinet.
892 808 1181 869 Umbram
1218 805 1443 882 equit1s
1478 805 1738 866 Romani
1768 812 1828 866 et
1854 806 2183 881 imaginem
2222 804 2418 864 vide-

317 891 427 970 tis,
460 891 729 964 iudices»,
763 891 942 951 unius
972 889 1150 950 amici
1182 896 1618 951 conservatam
1647 888 1874 950 auxilio
1911 895 1972 950 et
1999 890 2147 954 fide
2227 874 2415 949 Nihil

319 975 459 1034 huic
489 975 640 1050 eripi
669 981 878 1051 potest
899 982 1147 1049 praeter
1167 973 1287 1034 hoc
1310 974 1704 1036 simulacrum
1729 972 2023 1049 pristinae
2046 971 2413 1069 diguitatiS‚

324 1059 493 1132 quod
523 1058 585 1118 C.
614 1058 840 1118 Caesar
864 1059 1039 1118 solus
1074 1064 1277 1119 tuetur
1308 1065 1370 1118 et
1398 1056 1688 1118 sustinet=
1723 1073 1883 1131 quae
1907 1056 2154 1132 quidem
2185 1056 2251 1116 in
2287 1055 2408 1116 mi·

319 1140 589 1200 serrimis
622 1142 809 1218 rebus
834 1140 974 1203 huic
1011 1148 1211 1202 tamen
1238 1141 1561 1203 tribuenda
1597 1140 1859 1200 maxima
1891 1147 2004 1200 est.
2067 1140 2192 1202 Nisi
2234 1155 2409 1199 vero

320 1224 438 1282 hoc
465 1223 758 1284 mediocri
783 1225 1005 1286 virtute
1027 1224 1188 1286 efflei
1208 1231 1440 1301 potest,
1463 1230 1533 1285 ut
1552 1231 1758 1283 tantus
1779 1225 1880 1284 ille
1905 1223 2000 1283 vir
2020 1222 2173 1284 tanti
2197 1224 2405 1283 ducat

321 1309 501 1380 hunc,
528 1313 635 1380 [et]
653 1306 965 1370 adflictum
982 1309 1342 1386 praesertim
1362 1309 1769 1380 etabsentem‚
1794 1306 1934 1368 etin
1953 1313 2123 1368 tanta
2135 1309 2403 1367 fortuna

320 1408 464 1463 sua„
491 1399 558 1451 ut
584 1392 785 1453 aliena
810 1393 1124 1469 respicere
1152 1409 1440 1470 magnum
1466 1393 1564 1464 sit,
1603 1391 1751 1452 etin
1775 1399 1946 1452 tanta
1971 1390 2403 1467 occupatione

322 1475 717 1541 maximarum
731 1493 951 1549 rerum,
979 1494 1133 1551 quas
1149 1478 1308 1553 gerit
1321 1484 1504 1553 atque
1513 1473 1726 1552 gessit,
1744 1483 1814 1536 ut
1829 1477 1923 1535 vel
1937 1474 2217 1536 oblivisci
2232 1473 2395 1534 alio·

323 1576 455 1622 rum
479 1576 604 1619 non
626 1560 706 1620 sit
729 1561 944 1621 mirum
968 1564 1088 1629 vel,
1112 1561 1164 1621 si
1188 1559 1542 1636 meminerit,
1569 1559 1819 1620 oblitum
1839 1558 2019 1619 etiam
2037 1559 2216 1618 facile
2239 1574 2390 1633 pos-

322 1643 401 1703 sit
419 1643 705 1718 probare.
766 1645 866 1703 42.
893 1646 1113 1704 Multas
1139 1645 1422 1719 equidem
1450 1645 1512 1704 C.
1540 1643 1820 1705 Caesaris
1848 1641 2104 1702 virtutes
2127 1655 2393 1716 magnas

321 1725 837 1800 incredibilesque
870 1727 1163 1803 cognovi,
1205 1729 1323 1792 sed
1364 1734 1510 1788 sunt
1552 1734 1794 1787 ceterae
1833 1726 2170 1787 maioribus
2202 1723 2387 1800 quasi

320 1808 576 1876 theatris
598 1809 964 1885 propositae
990 1818 1051 1871 et
1069 1826 1271 1885 paene
1292 1814 1658 1888 populares:
1686 1810 1903 1872 castris
1919 1811 2119 1870 locum
2139 1824 2389 1884 capere,

323 1892 659 1952 exercitum
681 1891 1001 1966 instruere,
1037 1909 1396 1971 expugnare
1424 1895 1628 1966 urbeS‚
1662 1893 1856 1955 aciem
1878 1893 2144 1954 hostium
2173 1891 2384 1969 profli-

321 1991 502 2051 gare,
549 1974 708 2035 hauc
750 1978 871 2036 vim
905 1978 1199 2054 frigorum
1227 1977 1644 2054 hiememque,
1691 1995 1872 2053 quam
1905 1995 2021 2038 nos
2056 1977 2161 2037 vix
2201 1976 2385 2037 huius

321 2059 493 2119 urbis
535 2060 713 2120 tectis
757 2062 1163 2135 sustinemuS,
1204 2063 1523 2138 excipere,
1568 2064 1643 2122 iis
1682 2062 1834 2136 ipsis
1880 2061 2098 2122 diebus
2141 2061 2381 2121 hostem

326 2143 646 2219 persequi,
695 2150 852 2218 tum,
897 2162 1082 2221 quum
1113 2146 1293 2207 etiam
1337 2149 1503 2207 ferae
1539 2146 1805 2206 latibulis
1840 2159 1914 2205 se
1947 2151 2157 2220 tegant
2194 2152 2388 2218 atque

324 2226 528 2287 omnia
544 2228 703 2286 bella
717 2229 849 2289 iure
863 2229 1128 2305 gentium
1146 2232 1609 2305 conquiescant.
1642 2230 1800 2291 Sunt
1813 2231 1894 2290 ea‘
1902 2228 2150 2303 quidem
2161 2241 2378 2302 magna

326 2342 403 2353 --
430 2309 566 2382 quis
592 2313 813 2385 negat?
841 2347 937 2384 —,
973 2314 1089 2372 sed
1121 2314 1359 2388 magnis
1384 2314 1647 2375 excitata
1682 2320 1826 2374 sunt
1851 2311 2140 2390 praemiis
2161 2327 2232 2372 ac
2251 2325 2377 2371 me-
2478 2369 2481 2386 γ

324 2392 519 2452 moria
561 2393 870 2456 hominum
915 2394 1307 2472 sempiterna.
1397 2399 1528 2474 Quo
1575 2395 1775 2457 minus
1815 2395 2230 2457 admirandum
2279 2399 2380 2454 est

326 2491 467 2535 eum
498 2478 704 2537 facere
733 2480 864 2552 illa,
913 2478 1017 2553 qui
1046 2480 1558 2542 immortalitatem
1590 2478 2028 2556 concupiverit.
2084 2479 2236 2540 XVI.
2268 2475 2375 2537 43.

325 2561 493 2619 Haec
522 2576 689 2621 mera
712 2565 848 2623 laus
873 2570 995 2637 est,
1031 2581 1192 2641 quae
1218 2582 1344 2625 non
1372 2570 1693 2641 poetarum
1719 2563 2101 2631 carminibus,
2127 2576 2243 2621 non
2264 2576 2373 2620 an·

326 2643 549 2705 nalium
583 2649 991 2708 monumentis
1026 2650 1398 2722 celebratur,
1441 2649 1553 2709 sed
1588 2647 1974 2723 prudentium
2015 2642 2231 2707 iudicio
2262 2656 2373 2703 ex·

326 2730 641 2803 penditur:
675 2732 942 2807 equitem
965 2734 1326 2805 Romanum,
1353 2742 1620 2793 veterem
1646 2732 1906 2792 amicum
1928 2745 2127 2800 suum,
2149 2725 2367 2788 studio·

326 2829 459 2873 sum
476 2861 492 2883 ‚
520 2824 824 2875 amantem
842 2862 857 2888 ,
893 2817 1327 2878 observantem
1346 2816 1475 2887 sui,
1506 2832 1631 2876 non
1661 2814 2077 2886 libidine,non
2098 2810 2368 2888 turpibus

326 2894 619 2989 impensis
644 2900 1043 2974 cuptditatum
1066 2907 1254 2973 atque
1275 2897 1544 2972 iacturiS,
1567 2900 1683 2959 sed
1698 2896 2076 2974 experientia
2097 2893 2358 2972 patrimo·

327 2977 407 3035 nii
428 2979 844 3054 amplificandi
867 2982 1170 3042 labentem
1194 2982 1455 3058 excepit,
1482 2998 1775 3045 corruere
1796 2998 1919 3042 non
1944 2979 2105 3051 sivit,
2130 2976 2285 3039 fulsit
2303 2981 2368 3035 et

327 3060 624 3119 sustinuit
635 3077 721 3133 re,
754 3064 1018 3135 fortuna,
1050 3066 1173 3125 fide
1195 3064 1507 3143 hodieque
1529 3065 1825 3128 sustinet:
1857 3080 1972 3125 nec
1994 3063 2244 3124 amicum
2264 3060 2364 3119 im·

326 3143 691 3217 prudentem
716 3160 1008 3207 corruere
1024 3148 1248 3223 patitur
1267 3166 1384 3212 nec
1404 3149 1564 3212 illius
1587 3150 1770 3211 animi
1783 3147 1974 3210 aciem
1990 3141 2361 3222 praestringit

325 3226 626 3300 splendor
659 3227 756 3287 sui
780 3228 1040 3292 nominis
1066 3248 1181 3293 nec
1204 3235 1425 3297 mentis
1462 3235 1641 3312 quasi
1674 3232 2000 3295 luminibus
2029 3230 2217 3292 osflcit
2240 3225 2354 3288 alti·

328 3310 475 3368 tudo
507 3310 792 3373 fortunae
819 3320 884 3375 et
910 3316 1161 3390 gloriae.
1221 3320 1324 3381 44.
1359 3319 1493 3381 Sint
1521 3335 1676 3381 sane
1704 3318 1808 3379 illa
1841 3331 2082 3392 magna,
2121 3327 2267 3389 quae
2294 3324 2361 3372 ΓΘ

329 3406 478 3451 vera
519 3409 739 3471 magna
790 3406 961 3461 sunt:
1020 3402 1101 3461 de
1142 3402 1366 3467 iudicio
1411 3402 1595 3463 animi
1637 3402 1757 3463 mei
1796 3408 1866 3463 ut
1907 3401 2077 3461 volet
2119 3395 2361 3473 quisque

326 3476 574 3537 sentiat:
609 3494 726 3556 ego
758 3483 919 3545 enim
949 3485 1145 3546 hanc
1129 3504 1189 3546 m
1213 3488 1397 3549 tantis
1429 3487 1671 3562 opibuS,
1709 3491 1872 3545 tanta
1895 3485 2139 3544 fortuna
2161 3481 2351 3540 libera»
