2514 3928
107 245 193 307 '³7
521 284 526 291 ι
723 237 889 298 ΟΑΡ.
922 242 1187 298 33-35.
1232 242 1284 301 S.
1314 241 1578 297 89—95.
2069 231 2191 295 261

128 403 187 454 et
216 400 278 454 ut
304 390 515 453 vivere
546 387 726 450 liceat
765 387 1165 449 obsecrantes
1195 385 1376 446 etiam
1410 383 1621 446 odisse
1653 387 1956 459 solemuS,
2003 386 2194 446 sortes

128 484 185 538 et
210 474 524 537 animosos
561 479 623 533 et
660 486 731 531 se
771 469 994 532 acriter
1022 468 1196 545 ipsos
1234 468 1414 530 morti
1453 467 1781 529 offerentes
1812 485 2060 530 servare
2092 484 2196 530 cu-

130 559 356 638 pimu8‚
391 571 729 629 eorumque
757 570 874 615 nos
903 553 1096 628 magis
1126 551 1390 625 miseret,
1419 552 1520 625 qui
1554 561 1824 635 nostram
1854 551 2196 613 misericor-

128 643 286 703 diam
316 656 440 702 non
468 637 814 713 requirunt,
861 653 1042 712 quarn
1073 634 1177 712 qui
1207 634 1369 694 illam
1399 631 1765 710 efflagitant,
1817 644 2046 712 quanto
2078 635 2197 696 hoc

130 723 323 800 magis
354 724 414 783 in
450 720 798 783 fortissimis
828 719 1067 780 civibus
1090 723 1294 779 facere
1317 717 1613 779 debemus
1628 725 1658 777 ’ἒ
1683 717 1787 780 93.
1809 718 1908 779 Me
1933 718 2196 794 quidem,

128 806 393 880 iudiceS,
439 804 786 866 exanimant
829 813 890 865 et
929 801 1277 864 interimunt
1316 801 1433 863 hae
1479 817 1669 863 voces
1714 799 1989 876 MiloniS‚
2044 817 2200 877 quas

129 891 309 953 audio
345 880 603 951 adsidue
634 897 696 951 et
734 886 958 965 quibus
997 886 1293 948 intersum
1337 884 1582 947 cotidie.
1668 886 1958 960 Valeant,
1987 880 2203 961 inquit,

132 974 371 1036 valeant
416 971 585 1035 cives
618 973 768 1034 meix
810 971 933 1033 sint
964 970 1336 1045 incolumes,
1367 969 1489 1032 sint
1516 969 1828 1042 florentes
1861 970 1982 1031 sint
2008 966 2204 1029 beati:

132 1067 249 1120 stet
288 1058 443 1119 haec
475 1058 624 1118 urbs
669 1057 988 1133 praeclara
1026 1055 1298 1130 mihique
1328 1052 1524 1129 patria
1551 1053 1900 1128 carissima,
1948 1069 2212 1136 quoquo,

130 1143 312 1203 modo
361 1139 476 1202 erit
525 1141 737 1201 merita
784 1140 863 1199 de
909 1154 1036 1198 me:
1094 1136 1421 1213 tranquilla
1460 1153 1528 1197 re
1564 1138 1810 1212 publica
1851 1137 1969 1199 mei
2011 1135 2201 1209 civeS,

133 1223 420 1301 quoniam
455 1223 599 1283 mihi
641 1239 781 1283 eum
811 1222 930 1282 illis
960 1238 1081 1281 non
1117 1222 1285 1293 licet,
1324 1221 1456 1281 sine
1486 1237 1583 1281 me
1611 1220 1763 1297 ipsi,
1805 1223 1918 1282 sed
1951 1228 2206 1298 propter

131 1324 227 1368 me
256 1317 457 1368 tamen
488 1307 903 1381 pertruanture
934 1320 1050 1379 ego
1084 1304 1298 1364 cedam
1327 1311 1515 1377 atque
1543 1303 1756 1364 abibo=
1787 1305 1840 1364 si
1869 1302 2013 1364 mihi
2041 1305 2204 1364 bona

132 1407 199 1451 re
230 1387 476 1465 publica
512 1388 627 1449 frui
659 1404 780 1448 non
814 1385 1064 1461 licuerit,
1092 1393 1154 1446 at
1181 1385 1405 1446 carebo
1436 1387 1613 1460 mala,
1652 1394 1713 1447 et
1735 1404 1916 1460 quam
1948 1385 2205 1462 primum

133 1474 387 1549 tetigero
414 1471 575 1532 bene
605 1480 897 1531 moratam
929 1478 991 1531 et
1031 1469 1280 1530 liberam
1324 1466 1656 1542 civitatem,
1704 1470 1764 1529 in
1804 1485 1881 1531 ea
1917 1468 2208 1544 conquie-

136 1573 319 1616 scam.
405 1554 510 1616 94.
543 1553 589 1614 Ο
627 1556 875 1625 frustra,
912 1551 1134 1630 inquit,
1177 1550 1324 1613 mihi
1353 1553 1628 1627 suscepti
1656 1553 1934 1616 labores!
1990 1570 2027 1614 o
2060 1568 2207 1628 spes

138 1641 385 1700 fallaces
428 1647 488 1699 et
535 1637 936 1713 cogitationes
985 1636 1199 1697 inanes
1243 1644 1449 1697 meae!
1535 1636 1666 1712 Ego
1711 1653 1898 1712 quum
1933 1637 2208 1697 tribunus

137 1723 333 1800 plebis
362 1739 428 1782 re
460 1721 705 1798 publica
735 1737 1040 1796 oppressa
1073 1725 1169 1780 me
1206 1719 1446 1782 senatui
1489 1718 1800 1780 dedissem
1823 1767 1840 1796 ‚
1885 1736 2066 1797 quem
2102 1735 2207 1779 ex-

137 1805 418 1868 stinctum
446 1821 840 1882 acceperam,
870 1802 1179 1880 equitibus
1206 1802 1519 1877 Romanis,
1553 1818 1810 1879 quorum
1840 1804 2006 1865 vires
2037 1811 2208 1875 erant

138 1889 388 1963 debileS,
419 1889 600 1950 bonis
629 1888 797 1960 viriS,
830 1886 935 1963 qui
966 1904 1207 1948 omnem
1235 1885 1654 1948 auctoritatem
1682 1887 1990 1949 Clodianis
2024 1887 2210 1948 armis

138 1973 506 2045 abiecerant,
530 1971 673 2032 mihi
694 1989 983 2047 umquam
1006 1972 1308 2032 bonorum
1334 1971 1708 2046 praesidium
1731 1970 2077 2034 defuturum
2102 1990 2211 2047 pu—

71 2119 72 2122 ,
137 2062 372 2119 tarem?
399 2072 515 2129 ego
550 2073 736 2130 quum
770 2063 830 2113 te
859 2089 937 2099 --
979 2070 1215 2116 mecum
1240 2054 1401 2113 enim
1435 2054 1800 2129 saepissime
1830 2055 2100 2132 loquitur
2128 2085 2214 2103 -—

137 2138 374 2216 patriae
406 2134 985 2215 reddidissem,tnihi
1015 2147 1287 2211 putarem
1323 2138 1381 2195 in
1425 2137 1616 2212 patria
1660 2156 1780 2200 non
1823 2141 2085 2200 futurum
2126 2141 2214 2201 lo-

137 2227 325 2282 cum?
353 2220 469 2281 Ubi
493 2229 929 2281 nuncsenatus
962 2229 1086 2294 est,
1119 2237 1300 2295 quem
1325 2220 1521 2281 secuti
1551 2230 1808 2284 sumus?
1839 2222 1941 2284 ubi
1971 2222 2211 2298 equites

138 2303 400 2365 Romani
432 2301 545 2375 illi,
577 2303 690 2379 illi,
726 2302 950 2379 inquit,
997 2305 1121 2365 tui?
1166 2305 1266 2366 ubi
1310 2305 1513 2365 studia
1562 2306 2071 2383 municipiorum?
2110 2307 2214 2369 ubi

139 2386 351 2449 Italiae
381 2395 615 2449 voces?
662 2385 765 2448 ubi
818 2383 1085 2462 denique
1117 2396 1219 2449 tua
1253 2387 1386 2462 illa,
1438 2389 1520 2448 M.
1544 2389 1715 2465 Tulli,
1750 2408 1908 2466 quae
1940 2388 2213 2467 plurimis

144 2471 253 2532 luit
281 2469 541 2545 auxilio,
575 2488 703 2531 vox
732 2479 917 2546 atque
946 2471 1270 2533 defensio?
1311 2472 1537 2533 mihine
1579 2490 1654 2534 ea
1684 2473 1831 2548 soli,
1872 2473 1978 2551 qui
2014 2492 2125 2550 pro
2156 2482 2215 2534 te

142 2554 365 2616 totiens
396 2553 573 2614 morti
608 2570 704 2614 me
735 2553 945 2628 obtuli,
975 2554 1124 2617 nihil
1154 2563 1360 2631 potest
1390 2555 1714 2632 opitulari?

267 2638 505 2697 XXXV.
545 2635 647 2699 95.
689 2637 813 2698 Nec
849 2654 995 2699 vero
1023 2638 1208 2713 haec,
1251 2638 1521 2712 iudiceS,
1565 2648 1631 2701 ut
1660 2657 1777 2715 ego
1807 2658 2001 2713 nunc,
2037 2639 2216 2716 flenS,

144 2720 259 2781 sed
303 2721 422 2781 hoc
462 2722 679 2781 eodem
711 2721 981 2797 loquitur
1018 2723 1183 2784 vultu
1220 2740 1344 2798 quo
1386 2722 1626 2783 videtis.
1712 2725 1906 2799 Negat
1933 2724 2091 2785 enim
2126 2741 2214 2798 se,

142 2813 326 2879 negat
364 2802 615 2879 ingratis
657 2803 894 2866 civibus
936 2805 1159 2866 secisse
1200 2823 1361 2881 quae
1386 2805 1621 2875 fecerit,
1673 2806 1893 2868 timidis
1929 2819 1989 2870 et
2013 2807 2218 2869 omnia

136 2887 775 2963 circumspicientibus
816 2889 1092 2964 pericula
1132 2906 1254 2951 non
1290 2897 1488 2965 negat.
1573 2891 1818 2952 Plebem
1850 2899 1911 2953 et
1949 2892 2214 2953 infimam

140 2968 623 3044 multitudinem,
668 2988 829 3047 quae
856 2971 921 3033 P.
956 2970 1168 3034 Clodio
1206 2974 1365 3034 duce
1406 2974 1664 3036 fortunis
1697 2974 1915 3037 vestris
1944 2976 2215 3039 immine-

140 3054 276 3126 bat,
301 3068 463 3125 eam,
503 3070 627 3130 quo
655 3053 841 3117 tutior
869 3064 1038 3115 esset
1064 3064 1271 3117 vestra
1299 3055 1450 3129 vita,
1496 3074 1566 3119 se
1599 3057 1821 3119 secisse
1853 3076 2216 3122 commemo·

141 3145 238 3198 rat
267 3144 333 3198 ut
362 3154 483 3199 non
520 3139 703 3200 modo
738 3139 956 3199 virtute
987 3138 1278 3215 flecteret,
1309 3141 1421 3202 sed
1450 3143 1628 3203 etiam
1654 3141 1844 3204 tribus
1874 3146 2002 3206 suis
2037 3145 2217 3221 patri·

143 3220 371 3282 moniis·
416 3220 714 3296 deliniret,
743 3239 857 3283 nec
887 3223 1054 3284 timet
1081 3240 1178 3298 ne,
1216 3241 1401 3301 quum
1437 3227 1676 3301 plebem
1710 3229 2060 3289 muneribus
2092 3230 2215 3303 pla-

144 3302 327 3375 carit,
372 3322 490 3367 vos
531 3323 654 3367 non
686 3305 1023 3367 conciliarit
1050 3308 1278 3368 meritis
1308 3306 1370 3368 in
1412 3303 1539 3370 rem
1570 3310 1873 3385 publicam
1902 3309 2209 3385 singulari·

142 3387 286 3446 bus.
373 3387 636 3450 Senatus
678 3406 824 3466 erga
868 3405 940 3450 se
972 3390 1459 3453 benevolentiam
1501 3393 1880 3468 temporibus
1926 3392 2020 3452 his
2064 3392 2218 3465 ipsis

143 3484 343 3544 saepe
372 3487 515 3533 esse
541 3480 925 3549 perspectam
943 3519 959 3548 ,
1005 3481 1241 3535 vestras
1280 3491 1429 3535 vero
1472 3485 1532 3535 et
1567 3485 1905 3536 vestrorum
1942 3472 2218 3533 ordinum
