2514 3928
334 100 377 110 ’Δ
391 104 2450 150 ,Ἥ--ἪἫ

885 279 1049 340 CAP.
1083 288 1157 342 24
1171 312 1248 323 -·
1262 289 1349 343 28.
1393 287 1445 347 S.
1476 292 1545 351 54
1562 315 1633 326 —-
1650 289 1737 344 60.
2270 283 2356 351 23

266 432 483 511 operis
511 431 870 508 suffragium
901 430 1237 493 serentibus
1265 439 1677 508 est=rogatum,
1709 441 1773 492 ut
1797 433 2024 493 sedens
2048 449 2356 512 cumput-

272 536 430 594 pura
473 525 534 576 ct
573 525 859 591 scaeptro
905 524 966 576 et
1005 515 1124 575 illis
1169 514 1518 590 insignibus,
1553 513 1742 591 regiis
1779 516 2068 592 praeconi
2104 518 2353 592 publico

269 602 708 674 subiiceretur,
755 609 816 661 et
843 599 1180 676 imperante
1210 600 1443 676 populo
1473 601 1781 672 Romano,
1830 601 1933 675 qui
1968 601 2147 661 etiam
2188 602 2351 663 bello

271 684 457 746 victis
487 683 737 758 regibus
765 684 954 759 regna
985 683 1248 743 reddere
1279 683 1633 757 consuevit,
1668 699 1777 742 rex
1808 682 2045 746 amicus
2071 686 2235 745 nulla
2262 688 2354 746 in·

268 768 427 828 iuria
454 779 942 843 commemorata,
974 766 1155 828 nullis
1186 768 1373 828 rebus
1394 766 1670 843 repetitis
1701 783 1839 827 cum
1866 768 2046 829 bonis
2071 770 2351 831 omnibus

269 851 703 927 publicaretur.

439 936 681 997 XXVII.
705 933 806 997 58
835 935 1024 996 Multa
1052 886 1296 1008 acerba,
1325 920 1512 995 multa
1542 932 1762 1009 turpia,
1793 935 1978 996 multa
2009 936 2354 996 turbulenta

175 1016 183 1023 ’
266 1014 481 1081 habuit
510 1021 618 1080 ille
641 1036 870 1079 annus·
912 1027 1115 1080 tamen
1144 1019 1243 1079 illi
1261 1018 1511 1092 sceleri,
1550 1019 1718 1094 quod
1754 1017 1813 1078 in
1845 1035 1943 1078 me
1975 1019 2260 1081 illorum
2244 1037 2351 1079 im·

265 1104 528 1165 manitas
542 1103 772 1176 edidit,
808 1102 975 1164 haud
999 1103 1132 1164 scio
1156 1119 1231 1162 an
1256 1112 1424 1163 recte
1447 1102 1570 1164 hoc
1592 1102 1936 1178 proximum
1961 1119 2105 1165 esse
2130 1102 2350 1165 dicam.

266 1188 636 1249 Antiochum
660 1188 949 1263 Magnum
977 1186 1147 1246 illum
1177 1187 1442 1249 maiores
1465 1187 1657 1247 nostri
1688 1202 1905 1262 magna
1932 1188 2074 1247 belli
2100 1196 2351 1248 conten·

262 1271 434 1333 tione
463 1280 625 1331 terra
653 1272 930 1345 marique
959 1278 1310 1344 superatum
1341 1270 1498 1330 intra
1519 1277 1783 1330 montem
1804 1271 2065 1331 Taurum
2090 1288 2352 1346 regnare

272 1351 619 1409 iusserunt:
654 1349 898 1419 Asiam,
929 1367 1053 1423 qua
1085 1349 1249 1408 illum
1281 1352 1640 1422 multarunt,
1668 1353 1871 1413 Attalo
1890 1398 1905 1424 ,
1936 1361 2003 1412 ut
2029 1355 2081 1414 is
2115 1371 2332 1428 regna·

278 1439 378 1489 ret
406 1430 464 1488 in
499 1447 601 1501 ea,
645 1431 1176 1490 condonaverunt.
1266 1431 1414 1491 Cum
1446 1431 1868 1493 Armeniorum
1897 1451 2045 1509 rege
2073 1437 2334 1510 Tigrano

278 1528 474 1588 grave
504 1513 729 1572 bellum
760 1528 959 1588 nuper
999 1513 1472 1589 diuturnumque
1505 1513 1842 1590 gessimuS,
1889 1533 2076 1590 quum
2108 1519 2207 1578 ille
2245 1519 2332 1577 in·

277 1596 449 1655 iuriis
475 1594 532 1654 in
553 1595 762 1655 socios
776 1605 1038 1656 vnostros
1062 1596 1396 1656 inferendis
1415 1597 1589 1663 bello,
1603 1613 1800 1673 prope
1821 1616 1937 1658 nos
1962 1600 2334 1659 lacessisset.

274 1679 390 1739 Hic
414 1687 475 1738 et
507 1678 646 1755 ipse
671 1695 783 1753 per
803 1695 875 1739 se
898 1680 1232 1740 vehemens
1256 1680 1368 1740 suit
1401 1688 1461 1740 et
1494 1680 1857 1757 acerrimum
1887 1682 2127 1742 hostem
2159 1682 2336 1743 huius

275 1761 513 1838 imperii
553 1762 961 1827 Mithridatem
1005 1764 1252 1838 pulsum
1303 1765 1498 1824 Ponto
1558 1762 1779 1860 opibus
1835 1765 1967 1826 suis
2018 1781 2338 1841 regnoque

272 1844 578 1917 defendit,
625 1852 686 1905 et
730 1846 805 1905 ab
846 1848 912 1906 L.
943 1848 1230 1917 Lucullo,
1276 1864 1516 1907 summo
1558 1846 1689 1907 viro
1724 1854 1911 1923 atque
1943 1848 2335 1946 imperatore,

276 1945 312 1988 v
319 1929 496 2000 ictus,
520 1927 720 1989 animo
742 1936 942 1990 tamen
960 1929 1172 1990 hostili
1195 1946 1334 1990 cum
1355 1930 1609 2007 reliquis
1628 1930 1757 1993 suis
1775 1931 1969 2008 copiis
1994 1933 2056 1993 in
2078 1932 2338 2023 pristina

269 2019 470 2071 mente
501 2009 740 2076 mansit.
797 2010 974 2070 Hunc
1006 2009 1110 2071 Cn.
1131 2009 1460 2086 Pompeius
1488 2028 1673 2086 quum
1705 2010 1764 2069 in
1797 2010 1927 2070 suis
1956 2010 2172 2071 castris
2204 2029 2351 2086 sup·

268 2094 493 2169 plicem
524 2094 823 2153 abiectum
849 2092 1135 2165 vidisset,
1173 2093 1368 2154 erexit
1395 2101 1581 2169 atque
1611 2094 1849 2168 insigne
1879 2093 2143 2169 regium,
2180 2094 2352 2169 quod

268 2178 370 2237 ille
416 2178 492 2237 de
524 2192 637 2237 suo
670 2176 868 2251 capite
911 2176 1246 2248 abiecerat,
1307 2177 1587 2251 reposuit
1628 2185 1689 2237 et
1730 2178 1911 2237 certis
1941 2179 2125 2239 rebus
2157 2177 2350 2252 impe-

266 2260 416 2322 ratis
447 2276 706 2335 regnare
733 2260 939 2332 iussit,
972 2277 1086 2320 nec
1118 2260 1318 2321 minus
1350 2269 1410 2320 et
1440 2259 1555 2320 sibi
1585 2268 1645 2321 et
1673 2260 1812 2320 huic
1842 2261 2096 2337 imperio
2124 2261 2350 2335 glorio-

265 2361 402 2405 sum
436 2343 671 2419 putavit
699 2344 1089 2406 constitutum
1115 2361 1152 2403 a
1181 2361 1249 2405 se
1273 2360 1480 2419 regem
1509 2360 1688 2419 quam
1713 2345 2110 2406 constrictum
2131 2343 2348 2405 videri.

265 2426 370 2490 59.
414 2428 707 2504 Tigranes
747 2427 945 2503 igitur,
982 2429 1085 2504 qui
1121 2427 1348 2504 etipse
1383 2428 1579 2489 hostis
1616 2427 1725 2488 fuit
1759 2429 1969 2504 populi
1997 2428 2257 2492 Romani
2289 2438 2350 2488 et

268 2511 629 2573 acerrimum
654 2512 895 2573 hostem
919 2512 976 2571 in
1005 2528 1261 2586 regnum
1291 2511 1540 2588 recepit,
1573 2511 1678 2588 qui
1709 2509 2003 2587 conflixit,
2035 2512 2139 2588 qui
2170 2512 2349 2588 signa

270 2596 551 2670 contulit,
584 2595 690 2671 qui
719 2597 796 2655 de
827 2596 1082 2672 imperio
1111 2612 1306 2670 paene
1338 2596 1617 2670 certavit,
1650 2605 1864 2671 regnat
1891 2594 2075 2660 hodie
2106 2605 2168 2656 et
2198 2594 2344 2656 ami·

267 2678 448 2741 citiae
478 2682 701 2741 nomen
740 2695 812 2738 ac
844 2675 1190 2753 societatiS,
1232 2681 1400 2755 quod
1427 2680 1613 2741 armis
1645 2681 1927 2750 violarat,
1961 2678 2022 2737 id
2056 2680 2346 2754 precibus

269 2773 364 2825 est
395 2774 796 2825 consecutus:
833 2764 934 2826 ille
965 2764 1225 2840 Cyprius
1250 2763 1455 2835 miser,
1495 2763 1598 2838 qui
1629 2780 1874 2839 semper
1899 2763 2151 2835 amicuS,
2187 2779 2338 2823 sem·

268 2864 381 2922 per
411 2846 620 2908 socius
664 2848 803 2920 suit,
858 2847 1096 2923 dequo
1143 2847 1308 2909 nulla
1344 2864 1633 2924 umquam
1678 2845 1941 2923 suspitio
2001 2845 2210 2906 durior
2244 2856 2349 2907 aut

266 2933 347 2991 ad
380 2939 659 2998 senatum
692 2939 798 2993 aut
829 2933 905 2992 ad
939 2933 1341 3008 imperatores
1374 2933 1576 2994 adlata
1606 2940 1853 2993 nostros
1883 2936 2007 3004 est,
2037 2930 2247 3005 vivus,
2281 2939 2351 2991 ut

265 3013 466 3090 aiunt,
503 3024 600 3077 est
627 3026 686 3077 et
717 3016 931 3076 videns
963 3034 1098 3077 cum
1129 3016 1293 3078 victu
1324 3032 1397 3077 ac
1430 3015 1654 3090 vestitu
1687 3031 1800 3076 suo
1836 3014 2198 3089 publicatus.
2255 3015 2344 3074 En

268 3115 378 3159 cur
455 3099 640 3160 ceteri
679 3116 862 3175 reges
905 3100 1181 3163 stabilem
1218 3117 1363 3161 esse
1413 3116 1588 3161 suam
1632 3102 1931 3160 fortunam
1966 3100 2348 3171 arbitrentur,

271 3199 457 3259 quum
491 3183 608 3244 hoc
637 3183 798 3244 illius
831 3186 1052 3245 funesti
1086 3184 1228 3244 anni
1261 3183 1501 3258 prodito
1533 3184 1818 3257 exemplo
1843 3182 2089 3243 videant
2110 3198 2224 3257 per
2245 3179 2348 3241 tri-

265 3266 497 3327 bunum
539 3267 804 3344 aliquem
847 3277 907 3328 et
949 3276 1269 3329 sescentas
1314 3284 1535 3342 operas
1585 3283 1656 3329 se
1692 3264 1953 3326 fortunis
1995 3262 2249 3339 spoliari
2289 3271 2350 3323 et

264 3367 459 3427 regno
492 3351 656 3412 omni
694 3367 882 3426 posse
918 3352 1166 3412 nudari!

434 3435 704 3494 XXVlll.
733 3432 836 3495 60.
875 3436 959 3496 At
986 3434 1166 3495 etiam
1193 3450 1268 3495 eo
1292 3432 1541 3509 negotio
1575 3429 1657 3492 Μ.
1684 3431 1928 3493 Catonis
1953 3427 2348 3503 splendorem

262 3485 576 3584 maculare
622 3518 974 3604 voluerunt,
1029 3516 1227 3592 ignari
1276 3515 1424 3591 quid
1470 3515 1772 3589 gravitaS,
1824 3512 1972 3586 quid
2011 3506 2348 3575 inteoriias,
