<?xml version="1.0" encoding="UTF-8"?>
<!DOCTYPE html PUBLIC "-//W3C//DTD XHTML 1.0 Transitional//EN"
    "http://www.w3.org/TR/xhtml1/DTD/xhtml1-transitional.dtd">
<html xmlns="http://www.w3.org/1999/xhtml" xml:lang="en" lang="en">
 <head>
  <title>
</title>
<meta http-equiv="Content-Type" content="text/html;charset=utf-8" />
  <meta name='ocr-system' content='tesseract 3.04.00' />
  <meta name='ocr-capabilities' content='ocr_page ocr_carea ocr_par ocr_line ocrx_word'/>
</head>
<body>
  <div class='ocr_page' id='page_1' title='image "./scriptaquaemans02cicegoog_0528.png"; bbox 0 0 2514 3928; ppageno 0'>
   <div class='ocr_carea' id='block_1_1' title="bbox 329 198 2419 317">
    <p class='ocr_par' dir='ltr' id='par_1_1' title="bbox 329 198 2419 317">
     <span class='ocr_line' id='line_1_1' title="bbox 329 198 2419 317; baseline 0.004 -8"><span class='ocrx_word' id='word_1_1' title='bbox 329 198 455 309; x_wconf 73' lang='lat'><strong>4⁶6</strong></span> <span class='ocrx_word' id='word_1_2' title='bbox 581 247 661 306; x_wconf 80' lang='lat' dir='ltr'><strong>m</strong></span> <span class='ocrx_word' id='word_1_3' title='bbox 692 246 773 305; x_wconf 85' lang='lat' dir='ltr'><strong>M.</strong></span> <span class='ocrx_word' id='word_1_4' title='bbox 801 219 1206 306; x_wconf 71' lang='grc' dir='ltr'><strong>ᾹΝΤοΝιυΜ</strong></span> <span class='ocrx_word' id='word_1_5' title='bbox 1234 246 1520 307; x_wconf 82' lang='lat' dir='ltr'><strong>ORATIO</strong></span> <span class='ocrx_word' id='word_1_6' title='bbox 1553 246 1978 308; x_wconf 78' lang='lat' dir='ltr'>PHILIPPICA</span> <span class='ocrx_word' id='word_1_7' title='bbox 2006 249 2174 310; x_wconf 77' lang='lat' dir='ltr'><strong>X1v.</strong></span> <span class='ocrx_word' id='word_1_8' title='bbox 2328 262 2419 317; x_wconf 70' lang='grc' dir='ltr'><strong>ιω</strong></span> 
     </span>
    </p>
   </div>
   <div class='ocr_carea' id='block_1_2' title="bbox 328 395 2417 555">
    <p class='ocr_par' dir='ltr' id='par_1_2' title="bbox 328 395 2417 555">
     <span class='ocr_line' id='line_1_2' title="bbox 330 395 2417 477; baseline 0.004 -22"><span class='ocrx_word' id='word_1_9' title='bbox 330 398 430 459; x_wconf 80' lang='lat' dir='ltr'><strong>vel</strong></span> <span class='ocrx_word' id='word_1_10' title='bbox 460 395 697 471; x_wconf 77' lang='lat' dir='ltr'><strong>seiungi</strong></span> <span class='ocrx_word' id='word_1_11' title='bbox 721 404 927 472; x_wconf 85' lang='lat' dir='ltr'><strong>potest</strong></span> <span class='ocrx_word' id='word_1_12' title='bbox 955 395 1411 473; x_wconf 79' lang='lat' dir='ltr'>separatimque</span> <span class='ocrx_word' id='word_1_13' title='bbox 1438 398 1754 473; x_wconf 82' lang='lat' dir='ltr'><strong>perscribi,</strong></span> <span class='ocrx_word' id='word_1_14' title='bbox 1783 410 1848 460; x_wconf 90' lang='lat' dir='ltr'><strong>ut</strong></span> <span class='ocrx_word' id='word_1_15' title='bbox 1871 400 2129 477; x_wconf 86' lang='lat' dir='ltr'><strong>proprio</strong></span> <span class='ocrx_word' id='word_1_16' title='bbox 2160 413 2417 464; x_wconf 85' lang='lat' dir='ltr'><strong>senatus</strong></span> 
     </span>
     <span class='ocr_line' id='line_1_3' title="bbox 328 478 1890 555; baseline 0 -14"><span class='ocrx_word' id='word_1_17' title='bbox 328 480 609 541; x_wconf 88' lang='lat' dir='ltr'><strong>consulto</strong></span> <span class='ocrx_word' id='word_1_18' title='bbox 638 478 965 555; x_wconf 83' lang='lat' dir='ltr'><strong>Pompeius</strong></span> <span class='ocrx_word' id='word_1_19' title='bbox 1002 482 1384 543; x_wconf 87' lang='lat' dir='ltr'><strong>collaudatus</strong></span> <span class='ocrx_word' id='word_1_20' title='bbox 1419 498 1564 542; x_wconf 88' lang='lat' dir='ltr'><strong>esse</strong></span> <span class='ocrx_word' id='word_1_21' title='bbox 1593 481 1890 543; x_wconf 85' lang='lat' dir='ltr'><strong>videatur.</strong></span> 
     </span>
    </p>
   </div>
   <div class='ocr_carea' id='block_1_3' title="bbox 1158 674 1474 684">
    <p class='ocr_par' dir='ltr' id='par_1_3' title="bbox 1158 674 1474 684">
     <span class='ocr_line' id='line_1_4' title="bbox 1158 674 1474 684; baseline 0 3244"><span class='ocrx_word' id='word_1_22' title='bbox 1158 674 1474 684; x_wconf 95' lang='lat' dir='ltr'><strong> </strong></span> 
     </span>
    </p>
   </div>
   <div class='ocr_carea' id='block_1_4' title="bbox 1478 677 1585 684">
    <p class='ocr_par' dir='ltr' id='par_1_4' title="bbox 1478 677 1585 684">
     <span class='ocr_line' id='line_1_5' title="bbox 1478 677 1585 684; baseline -0.009 0"><span class='ocrx_word' id='word_1_23' title='bbox 1478 677 1585 684; x_wconf 47' lang='lat'><strong>*—</strong></span> 
     </span>
    </p>
   </div>
   <div class='ocr_carea' id='block_1_5' title="bbox 915 818 1818 906">
    <p class='ocr_par' dir='ltr' id='par_1_5' title="bbox 915 818 1818 906">
     <span class='ocr_line' id='line_1_6' title="bbox 915 818 1818 906; baseline -0.001 0"><span class='ocrx_word' id='word_1_24' title='bbox 915 825 1001 906; x_wconf 86' lang='lat' dir='ltr'><strong>M.</strong></span> <span class='ocrx_word' id='word_1_25' title='bbox 1065 825 1338 906; x_wconf 83' lang='lat' dir='ltr'><strong>TULLll</strong></span> <span class='ocrx_word' id='word_1_26' title='bbox 1362 818 1818 905; x_wconf 74' lang='lat' dir='ltr'><strong>&#39;CICERONIS</strong></span> 
     </span>
    </p>
   </div>
   <div class='ocr_carea' id='block_1_6' title="bbox 389 915 2308 1218">
    <p class='ocr_par' dir='ltr' id='par_1_6' title="bbox 389 915 2308 1218">
     <span class='ocr_line' id='line_1_7' title="bbox 389 915 2308 1068; baseline 0.003 -7"><span class='ocrx_word' id='word_1_27' title='bbox 389 915 541 1061; x_wconf 44' lang='lat' dir='ltr'><strong>&#39;lN</strong></span> <span class='ocrx_word' id='word_1_28' title='bbox 603 970 703 1063; x_wconf 84' lang='lat' dir='ltr'><strong>M.</strong></span> <span class='ocrx_word' id='word_1_29' title='bbox 767 965 1265 1065; x_wconf 77' lang='grc' dir='ltr'><strong>ΑΝΤοΝιυΜ</strong></span> <span class='ocrx_word' id='word_1_30' title='bbox 1326 966 1689 1063; x_wconf 69' lang='lat' dir='ltr'><strong>mmm</strong></span> <span class='ocrx_word' id='word_1_31' title='bbox 1749 967 2308 1068; x_wconf 78' lang='lat' dir='ltr'>PfflLwPch</span> 
     </span>
     <span class='ocr_line' id='line_1_8' title="bbox 946 1110 2181 1218; baseline -0.009 0"><span class='ocrx_word' id='word_1_32' title='bbox 946 1110 1344 1218; x_wconf 71' lang='lat' dir='ltr'>QUARTA</span> <span class='ocrx_word' id='word_1_33' title='bbox 1396 1112 1789 1208; x_wconf 77' lang='grc' dir='ltr'><strong>υΕοιΜΑ.</strong></span> <span class='ocrx_word' id='word_1_34' title='bbox 2175 1158 2181 1163; x_wconf 96' lang='grc'>-</span> 
     </span>
    </p>
   </div>
   <div class='ocr_carea' id='block_1_7' title="bbox 1213 1295 1512 1303">
    <p class='ocr_par' dir='ltr' id='par_1_7' title="bbox 1213 1295 1512 1303">
     <span class='ocr_line' id='line_1_9' title="bbox 1213 1295 1512 1303; baseline 0.007 -2"><span class='ocrx_word' id='word_1_35' title='bbox 1213 1295 1512 1303; x_wconf 75' lang='lat'><strong>-—.-—...-———..</strong></span> 
     </span>
    </p>
   </div>
   <div class='ocr_carea' id='block_1_8' title="bbox 1020 1410 1694 1504">
    <p class='ocr_par' dir='ltr' id='par_1_8' title="bbox 1020 1410 1694 1504">
     <span class='ocr_line' id='line_1_10' title="bbox 1020 1410 1694 1504; baseline 0.001 -34"><span class='ocrx_word' id='word_1_36' title='bbox 1020 1410 1694 1504; x_wconf 67' lang='lat' dir='ltr'><strong>Ancumsnrum.</strong></span> 
     </span>
    </p>
   </div>
   <div class='ocr_carea' id='block_1_9' title="bbox 314 1521 2413 2748">
    <p class='ocr_par' dir='ltr' id='par_1_9' title="bbox 314 1521 2413 2748">
     <span class='ocr_line' id='line_1_11' title="bbox 464 1521 2409 1593; baseline 0.003 -21"><span class='ocrx_word' id='word_1_37' title='bbox 464 1522 611 1581; x_wconf 84' lang='lat' dir='ltr'><strong>Quod</strong></span> <span class='ocrx_word' id='word_1_38' title='bbox 645 1522 714 1577; x_wconf 88' lang='lat' dir='ltr'><strong>M.</strong></span> <span class='ocrx_word' id='word_1_39' title='bbox 765 1521 939 1573; x_wconf 87' lang='lat' dir='ltr'><strong>Cicero</strong></span> <span class='ocrx_word' id='word_1_40' title='bbox 993 1539 1149 1588; x_wconf 86' lang='lat' dir='ltr'><strong>quum</strong></span> <span class='ocrx_word' id='word_1_41' title='bbox 1198 1539 1355 1589; x_wconf 86' lang='lat' dir='ltr'><strong>saepe</strong></span> <span class='ocrx_word' id='word_1_42' title='bbox 1400 1531 1517 1574; x_wconf 91' lang='lat' dir='ltr'><strong>ante</strong></span> <span class='ocrx_word' id='word_1_43' title='bbox 1558 1532 1665 1578; x_wconf 89' lang='lat' dir='ltr'><strong>tum</strong></span> <span class='ocrx_word' id='word_1_44' title='bbox 1711 1524 1939 1574; x_wconf 89' lang='lat' dir='ltr'><strong>oratione</strong></span> <span class='ocrx_word' id='word_1_45' title='bbox 1985 1528 2263 1591; x_wconf 82' lang='lat' dir='ltr'><strong>superiore</strong></span> <span class='ocrx_word' id='word_1_46' title='bbox 2305 1529 2409 1593; x_wconf 75' lang='lat' dir='ltr'><strong>ipen</strong></span> 
     </span>
     <span class='ocr_line' id='line_1_12' title="bbox 327 1590 2411 1661; baseline 0.002 -20"><span class='ocrx_word' id='word_1_47' title='bbox 327 1590 460 1642; x_wconf 79' lang='lat' dir='ltr'><strong>effici</strong></span> <span class='ocrx_word' id='word_1_48' title='bbox 500 1590 741 1650; x_wconf 81' lang='lat' dir='ltr'><strong>voluerat,</strong></span> <span class='ocrx_word' id='word_1_49' title='bbox 772 1600 829 1641; x_wconf 85' lang='lat' dir='ltr'><strong>ut</strong></span> <span class='ocrx_word' id='word_1_50' title='bbox 865 1606 979 1642; x_wconf 89' lang='lat' dir='ltr'><strong>cum</strong></span> <span class='ocrx_word' id='word_1_51' title='bbox 1009 1593 1077 1642; x_wconf 84' lang='lat' dir='ltr'><strong>M.</strong></span> <span class='ocrx_word' id='word_1_52' title='bbox 1115 1593 1339 1643; x_wconf 82' lang='lat' dir='ltr'><strong>Antonio</strong></span> <span class='ocrx_word' id='word_1_53' title='bbox 1370 1593 1475 1642; x_wconf 87' lang='lat' dir='ltr'><strong>iam</strong></span> <span class='ocrx_word' id='word_1_54' title='bbox 1510 1593 1664 1643; x_wconf 90' lang='lat' dir='ltr'><strong>armis</strong></span> <span class='ocrx_word' id='word_1_55' title='bbox 1695 1606 1778 1643; x_wconf 85' lang='lat' dir='ltr'><strong>res</strong></span> <span class='ocrx_word' id='word_1_56' title='bbox 1811 1593 2222 1659; x_wconf 64' lang='lat' dir='ltr'><strong>transigeretur,</strong></span> <span class='ocrx_word' id='word_1_57' title='bbox 2257 1611 2411 1661; x_wconf 82' lang='lat' dir='ltr'><strong>nuper</strong></span> 
     </span>
     <span class='ocr_line' id='line_1_13' title="bbox 326 1658 2407 1725; baseline 0.002 -15"><span class='ocrx_word' id='word_1_58' title='bbox 326 1666 430 1710; x_wconf 86' lang='lat' dir='ltr'><strong>erat</strong></span> <span class='ocrx_word' id='word_1_59' title='bbox 459 1676 513 1709; x_wconf 88' lang='lat' dir='ltr'><strong>re</strong></span> <span class='ocrx_word' id='word_1_60' title='bbox 548 1674 671 1710; x_wconf 82' lang='lat' dir='ltr'><strong>vera</strong></span> <span class='ocrx_word' id='word_1_61' title='bbox 705 1659 917 1714; x_wconf 82' lang='lat' dir='ltr'><strong>factum.</strong></span> <span class='ocrx_word' id='word_1_62' title='bbox 988 1658 1090 1711; x_wconf 90' lang='lat' dir='ltr'><strong>Sed</strong></span> <span class='ocrx_word' id='word_1_63' title='bbox 1121 1676 1281 1725; x_wconf 86' lang='lat' dir='ltr'><strong>quum</strong></span> <span class='ocrx_word' id='word_1_64' title='bbox 1316 1660 1407 1711; x_wconf 88' lang='lat' dir='ltr'><strong>ille</strong></span> <span class='ocrx_word' id='word_1_65' title='bbox 1438 1660 1503 1712; x_wconf 80' lang='lat' dir='ltr'><strong>A.</strong></span> <span class='ocrx_word' id='word_1_66' title='bbox 1540 1661 1761 1711; x_wconf 81' lang='lat' dir='ltr'><strong>Hirtium</strong></span> <span class='ocrx_word' id='word_1_67' title='bbox 1794 1669 1844 1711; x_wconf 86' lang='lat' dir='ltr'><strong>et</strong></span> <span class='ocrx_word' id='word_1_68' title='bbox 1879 1659 1937 1713; x_wconf 81' lang='lat'><strong>0.</strong></span> <span class='ocrx_word' id='word_1_69' title='bbox 1974 1661 2259 1714; x_wconf 86' lang='lat' dir='ltr'><strong>Gaesarem</strong></span> <span class='ocrx_word' id='word_1_70' title='bbox 2292 1664 2407 1716; x_wconf 81' lang='lat' dir='ltr'><strong>ado·</strong></span> 
     </span>
     <span class='ocr_line' id='line_1_14' title="bbox 324 1728 2399 1798; baseline 0.002 -21"><span class='ocrx_word' id='word_1_71' title='bbox 324 1728 609 1790; x_wconf 84' lang='lat' dir='ltr'><strong>lescentem,</strong></span> <span class='ocrx_word' id='word_1_72' title='bbox 645 1743 677 1778; x_wconf 96' lang='lat' dir='ltr'><strong>a</strong></span> <span class='ocrx_word' id='word_1_73' title='bbox 707 1729 893 1791; x_wconf 84' lang='lat' dir='ltr'><strong>quibus</strong></span> <span class='ocrx_word' id='word_1_74' title='bbox 926 1744 1053 1793; x_wconf 81' lang='lat' dir='ltr'><strong>quas</strong></span> <span class='ocrx_word' id='word_1_75' title='bbox 1100 1729 1203 1781; x_wconf 85' lang='lat' dir='ltr'><strong>illis</strong></span> <span class='ocrx_word' id='word_1_76' title='bbox 1240 1729 1508 1781; x_wconf 81' lang='lat' dir='ltr'><strong>obtulisset</strong></span> <span class='ocrx_word' id='word_1_77' title='bbox 1550 1730 1872 1781; x_wconf 69' lang='lat' dir='ltr'><strong>condiciones</strong></span> <span class='ocrx_word' id='word_1_78' title='bbox 1917 1739 2064 1782; x_wconf 81' lang='lat' dir='ltr'><strong>erant</strong></span> <span class='ocrx_word' id='word_1_79' title='bbox 2093 1733 2399 1798; x_wconf 72' lang='lat' dir='ltr'><strong>repudiatae.</strong></span> 
     </span>
     <span class='ocr_line' id='line_1_15' title="bbox 324 1796 2406 1865; baseline 0.003 -19"><span class='ocrx_word' id='word_1_80' title='bbox 324 1813 352 1846; x_wconf 91' lang='lat' dir='ltr'><strong>e</strong></span> <span class='ocrx_word' id='word_1_81' title='bbox 382 1798 562 1847; x_wconf 77' lang='lat' dir='ltr'><strong>castris</strong></span> <span class='ocrx_word' id='word_1_82' title='bbox 595 1797 705 1847; x_wconf 83' lang='lat' dir='ltr'><strong>suis</strong></span> <span class='ocrx_word' id='word_1_83' title='bbox 742 1796 1000 1849; x_wconf 76' lang='lat' dir='ltr'><strong>elicuisset</strong></span> <span class='ocrx_word' id='word_1_84' title='bbox 1033 1814 1134 1848; x_wconf 90' lang='lat' dir='ltr'><strong>non</strong></span> <span class='ocrx_word' id='word_1_85' title='bbox 1166 1800 1292 1850; x_wconf 84' lang='lat' dir='ltr'><strong>satis</strong></span> <span class='ocrx_word' id='word_1_86' title='bbox 1316 1808 1520 1864; x_wconf 82' lang='lat' dir='ltr'><strong>paratos</strong></span> <span class='ocrx_word' id='word_1_87' title='bbox 1555 1813 1742 1863; x_wconf 86' lang='lat' dir='ltr'><strong>eosque</strong></span> <span class='ocrx_word' id='word_1_88' title='bbox 1769 1798 1870 1848; x_wconf 81' lang='lat' dir='ltr'><strong>levi</strong></span> <span class='ocrx_word' id='word_1_89' title='bbox 1898 1812 2077 1865; x_wconf 74' lang='lat' dir='ltr'><strong>pugna</strong></span> <span class='ocrx_word' id='word_1_90' title='bbox 2124 1803 2406 1861; x_wconf 72' lang='lat' dir='ltr'><strong>reiecisset,</strong></span> 
     </span>
     <span class='ocr_line' id='line_1_16' title="bbox 324 1865 2405 1937; baseline 0.002 -22"><span class='ocrx_word' id='word_1_91' title='bbox 324 1866 434 1915; x_wconf 85' lang='lat' dir='ltr'><strong>eins</strong></span> <span class='ocrx_word' id='word_1_92' title='bbox 458 1867 609 1916; x_wconf 84' lang='lat' dir='ltr'><strong>amici</strong></span> <span class='ocrx_word' id='word_1_93' title='bbox 632 1865 824 1916; x_wconf 86' lang='lat' dir='ltr'><strong>Romae</strong></span> <span class='ocrx_word' id='word_1_94' title='bbox 854 1866 1182 1932; x_wconf 72' lang='lat' dir='ltr'><strong>vulgaverant</strong></span> <span class='ocrx_word' id='word_1_95' title='bbox 1223 1868 1289 1918; x_wconf 83' lang='lat' dir='ltr'><strong>A.</strong></span> <span class='ocrx_word' id='word_1_96' title='bbox 1321 1868 1539 1918; x_wconf 80' lang='lat' dir='ltr'><strong>Hirtium</strong></span> <span class='ocrx_word' id='word_1_97' title='bbox 1575 1875 1626 1917; x_wconf 88' lang='lat' dir='ltr'><strong>et</strong></span> <span class='ocrx_word' id='word_1_98' title='bbox 1668 1866 1722 1917; x_wconf 87' lang='lat' dir='ltr'><strong>C.</strong></span> <span class='ocrx_word' id='word_1_99' title='bbox 1755 1865 2019 1918; x_wconf 83' lang='lat' dir='ltr'><strong>Caesarem</strong></span> <span class='ocrx_word' id='word_1_100' title='bbox 2063 1869 2208 1919; x_wconf 78' lang='lat' dir='ltr'><strong>iuste</strong></span> <span class='ocrx_word' id='word_1_101' title='bbox 2238 1885 2405 1937; x_wconf 72' lang='lat' dir='ltr'><strong>pugna</strong></span> 
     </span>
     <span class='ocr_line' id='line_1_17' title="bbox 318 1936 2413 2005; baseline 0.004 -20"><span class='ocrx_word' id='word_1_102' title='bbox 318 1949 434 1985; x_wconf 82' lang='lat' dir='ltr'><strong>esse</strong></span> <span class='ocrx_word' id='word_1_103' title='bbox 465 1936 655 1997; x_wconf 82' lang='lat' dir='ltr'><strong>victos,</strong></span> <span class='ocrx_word' id='word_1_104' title='bbox 688 1944 794 1989; x_wconf 89' lang='lat' dir='ltr'><strong>tum</strong></span> <span class='ocrx_word' id='word_1_105' title='bbox 817 1938 885 1988; x_wconf 88' lang='lat' dir='ltr'><strong>M.</strong></span> <span class='ocrx_word' id='word_1_106' title='bbox 913 1936 1205 1989; x_wconf 87' lang='lat' dir='ltr'><strong>Ciceronem</strong></span> <span class='ocrx_word' id='word_1_107' title='bbox 1240 1939 1391 1990; x_wconf 85' lang='lat' dir='ltr'><strong>minis</strong></span> <span class='ocrx_word' id='word_1_108' title='bbox 1416 1940 1671 1991; x_wconf 88' lang='lat' dir='ltr'><strong>atrociuus</strong></span> <span class='ocrx_word' id='word_1_109' title='bbox 1693 1940 1949 2005; x_wconf 73' lang='lat' dir='ltr'><strong>persecuti</strong></span> <span class='ocrx_word' id='word_1_110' title='bbox 1983 1948 2148 1996; x_wconf 84' lang='lat' dir='ltr'><strong>erant.</strong></span> <span class='ocrx_word' id='word_1_111' title='bbox 2224 1946 2413 1995; x_wconf 78' lang='lat' dir='ltr'><strong>Interea</strong></span> 
     </span>
     <span class='ocr_line' id='line_1_18' title="bbox 314 2002 2412 2073; baseline 0.004 -17"><span class='ocrx_word' id='word_1_112' title='bbox 314 2002 526 2056; x_wconf 81' lang='lat' dir='ltr'><strong>Romam</strong></span> <span class='ocrx_word' id='word_1_113' title='bbox 574 2007 783 2057; x_wconf 88' lang='lat' dir='ltr'><strong>nuntius</strong></span> <span class='ocrx_word' id='word_1_114' title='bbox 827 2007 892 2057; x_wconf 89' lang='lat' dir='ltr'><strong>de</strong></span> <span class='ocrx_word' id='word_1_115' title='bbox 927 2007 1119 2073; x_wconf 81' lang='lat' dir='ltr'><strong>proelio</strong></span> <span class='ocrx_word' id='word_1_116' title='bbox 1161 2008 1228 2057; x_wconf 90' lang='lat' dir='ltr'><strong>ad</strong></span> <span class='ocrx_word' id='word_1_117' title='bbox 1282 2007 1524 2058; x_wconf 78' lang='lat' dir='ltr'><strong>Mutinam</strong></span> <span class='ocrx_word' id='word_1_118' title='bbox 1563 2009 1695 2060; x_wconf 86' lang='lat' dir='ltr'><strong>inter</strong></span> <span class='ocrx_word' id='word_1_119' title='bbox 1741 2008 1808 2059; x_wconf 87' lang='lat' dir='ltr'><strong>M.</strong></span> <span class='ocrx_word' id='word_1_120' title='bbox 1858 2011 2137 2061; x_wconf 82' lang='lat' dir='ltr'><strong>Antonium</strong></span> <span class='ocrx_word' id='word_1_121' title='bbox 2190 2021 2249 2063; x_wconf 84' lang='lat' dir='ltr'><strong>et</strong></span> <span class='ocrx_word' id='word_1_122' title='bbox 2291 2014 2412 2063; x_wconf 86' lang='lat' dir='ltr'><strong>inter</strong></span> 
     </span>
     <span class='ocr_line' id='line_1_19' title="bbox 318 2075 2405 2143; baseline -0 -16"><span class='ocrx_word' id='word_1_123' title='bbox 318 2079 384 2132; x_wconf 75' lang='lat' dir='ltr'><strong>A.</strong></span> <span class='ocrx_word' id='word_1_124' title='bbox 408 2077 622 2128; x_wconf 85' lang='lat' dir='ltr'><strong>Hirtium</strong></span> <span class='ocrx_word' id='word_1_125' title='bbox 657 2077 713 2128; x_wconf 79' lang='grc' dir='ltr'><strong>Ο.</strong></span> <span class='ocrx_word' id='word_1_126' title='bbox 749 2077 965 2128; x_wconf 87' lang='lat' dir='ltr'><strong>Pansam</strong></span> <span class='ocrx_word' id='word_1_127' title='bbox 1002 2093 1134 2129; x_wconf 89' lang='lat' dir='ltr'><strong>coss.</strong></span> <span class='ocrx_word' id='word_1_128' title='bbox 1175 2078 1230 2132; x_wconf 85' lang='lat' dir='ltr'><strong>C.</strong></span> <span class='ocrx_word' id='word_1_129' title='bbox 1253 2078 1520 2130; x_wconf 84' lang='lat' dir='ltr'><strong>Gaesarem</strong></span> <span class='ocrx_word' id='word_1_130' title='bbox 1561 2092 1656 2142; x_wconf 86' lang='lat' dir='ltr'><strong>pro</strong></span> <span class='ocrx_word' id='word_1_131' title='bbox 1677 2082 1908 2143; x_wconf 82' lang='lat' dir='ltr'><strong>praetore</strong></span> <span class='ocrx_word' id='word_1_132' title='bbox 1943 2091 1993 2131; x_wconf 85' lang='lat' dir='ltr'><strong>a.</strong></span> <span class='ocrx_word' id='word_1_133' title='bbox 2016 2077 2070 2131; x_wconf 77' lang='lat' dir='ltr'><strong>d.</strong></span> <span class='ocrx_word' id='word_1_134' title='bbox 2094 2075 2271 2128; x_wconf 81' lang='lat' dir='ltr'><strong>xvn.</strong></span> <span class='ocrx_word' id='word_1_135' title='bbox 2298 2077 2405 2131; x_wconf 81' lang='lat' dir='ltr'><strong>Kal.</strong></span> 
     </span>
     <span class='ocr_line' id='line_1_20' title="bbox 319 2144 2403 2212; baseline -0.001 -16"><span class='ocrx_word' id='word_1_136' title='bbox 319 2145 481 2196; x_wconf 78' lang='lat' dir='ltr'><strong>Maias</strong></span> <span class='ocrx_word' id='word_1_137' title='bbox 528 2148 819 2206; x_wconf 84' lang='lat' dir='ltr'><strong>commisso,</strong></span> <span class='ocrx_word' id='word_1_138' title='bbox 856 2148 908 2196; x_wconf 91' lang='lat' dir='ltr'><strong>in</strong></span> <span class='ocrx_word' id='word_1_139' title='bbox 932 2162 1033 2211; x_wconf 87' lang='lat' dir='ltr'><strong>qno</strong></span> <span class='ocrx_word' id='word_1_140' title='bbox 1058 2146 1127 2197; x_wconf 92' lang='lat' dir='ltr'><strong>M.</strong></span> <span class='ocrx_word' id='word_1_141' title='bbox 1159 2149 1413 2198; x_wconf 84' lang='lat' dir='ltr'><strong>Antonius</strong></span> <span class='ocrx_word' id='word_1_142' title='bbox 1448 2152 1554 2197; x_wconf 86' lang='lat' dir='ltr'><strong>erat</strong></span> <span class='ocrx_word' id='word_1_143' title='bbox 1590 2145 1771 2207; x_wconf 74' lang='lat' dir='ltr'><strong>victus,</strong></span> <span class='ocrx_word' id='word_1_144' title='bbox 1814 2156 1923 2194; x_wconf 86' lang='lat' dir='ltr'><strong>erat</strong></span> <span class='ocrx_word' id='word_1_145' title='bbox 1948 2144 2173 2195; x_wconf 86' lang='lat' dir='ltr'><strong>adlatus.</strong></span> <span class='ocrx_word' id='word_1_146' title='bbox 2212 2146 2286 2196; x_wconf 76' lang='lat' dir='ltr'><strong>M.</strong></span> <span class='ocrx_word' id='word_1_147' title='bbox 2314 2147 2403 2212; x_wconf 73' lang='lat' dir='ltr'><strong>igi-</strong></span> 
     </span>
     <span class='ocr_line' id='line_1_21' title="bbox 318 2212 2401 2280; baseline -0.001 -16"><span class='ocrx_word' id='word_1_148' title='bbox 318 2221 400 2264; x_wconf 87' lang='lat' dir='ltr'><strong>tur</strong></span> <span class='ocrx_word' id='word_1_149' title='bbox 448 2213 699 2266; x_wconf 77' lang='lat' dir='ltr'><strong>Cornutus</strong></span> <span class='ocrx_word' id='word_1_150' title='bbox 733 2222 937 2280; x_wconf 84' lang='lat' dir='ltr'><strong>praetor</strong></span> <span class='ocrx_word' id='word_1_151' title='bbox 971 2217 1193 2266; x_wconf 85' lang='lat' dir='ltr'><strong>urbanus</strong></span> <span class='ocrx_word' id='word_1_152' title='bbox 1225 2232 1273 2268; x_wconf 93' lang='lat' dir='ltr'><strong>a.</strong></span> <span class='ocrx_word' id='word_1_153' title='bbox 1287 2217 1340 2270; x_wconf 86' lang='lat' dir='ltr'><strong>d.</strong></span> <span class='ocrx_word' id='word_1_154' title='bbox 1364 2215 1430 2270; x_wconf 84' lang='lat' dir='ltr'><strong>X.</strong></span> <span class='ocrx_word' id='word_1_155' title='bbox 1455 2214 1706 2265; x_wconf 84' lang='lat' dir='ltr'><strong>Kalendas</strong></span> <span class='ocrx_word' id='word_1_156' title='bbox 1730 2213 1892 2264; x_wconf 83' lang='lat' dir='ltr'><strong>Maias</strong></span> <span class='ocrx_word' id='word_1_157' title='bbox 1918 2212 2116 2264; x_wconf 84' lang='lat' dir='ltr'><strong>litteras</strong></span> <span class='ocrx_word' id='word_1_158' title='bbox 2152 2215 2226 2267; x_wconf 81' lang='lat' dir='ltr'><strong>A.</strong></span> <span class='ocrx_word' id='word_1_159' title='bbox 2263 2213 2401 2264; x_wconf 78' lang='lat' dir='ltr'><strong>Hirtii</strong></span> 
     </span>
     <span class='ocr_line' id='line_1_22' title="bbox 320 2281 2402 2350; baseline -0 -18"><span class='ocrx_word' id='word_1_160' title='bbox 320 2297 348 2332; x_wconf 94' lang='lat' dir='ltr'><strong>e</strong></span> <span class='ocrx_word' id='word_1_161' title='bbox 396 2281 452 2334; x_wconf 88' lang='lat' dir='ltr'><strong>C.</strong></span> <span class='ocrx_word' id='word_1_162' title='bbox 490 2284 685 2334; x_wconf 85' lang='lat' dir='ltr'><strong>Pansae</strong></span> <span class='ocrx_word' id='word_1_163' title='bbox 727 2283 906 2334; x_wconf 83' lang='lat' dir='ltr'><strong>castris</strong></span> <span class='ocrx_word' id='word_1_164' title='bbox 957 2285 1021 2335; x_wconf 89' lang='lat' dir='ltr'><strong>de</strong></span> <span class='ocrx_word' id='word_1_165' title='bbox 1071 2285 1267 2350; x_wconf 86' lang='lat' dir='ltr'><strong>proelio</strong></span> <span class='ocrx_word' id='word_1_166' title='bbox 1315 2285 1449 2336; x_wconf 79' lang='lat' dir='ltr'><strong>facto</strong></span> <span class='ocrx_word' id='word_1_167' title='bbox 1499 2283 1684 2334; x_wconf 83' lang='lat' dir='ltr'><strong>missas</strong></span> <span class='ocrx_word' id='word_1_168' title='bbox 1731 2284 1783 2332; x_wconf 89' lang='lat' dir='ltr'><strong>in</strong></span> <span class='ocrx_word' id='word_1_169' title='bbox 1830 2289 2008 2332; x_wconf 83' lang='lat' dir='ltr'><strong>senatu</strong></span> <span class='ocrx_word' id='word_1_170' title='bbox 2069 2284 2313 2333; x_wconf 73' lang='lat' dir='ltr'><strong>recitavit</strong></span> <span class='ocrx_word' id='word_1_171' title='bbox 2358 2291 2402 2332; x_wconf 90' lang='lat' dir='ltr'><strong>et</strong></span> 
     </span>
     <span class='ocr_line' id='line_1_23' title="bbox 320 2349 2401 2419; baseline 0 -18"><span class='ocrx_word' id='word_1_172' title='bbox 320 2351 382 2401; x_wconf 91' lang='lat' dir='ltr'><strong>de</strong></span> <span class='ocrx_word' id='word_1_173' title='bbox 417 2350 691 2401; x_wconf 81' lang='lat' dir='ltr'><strong>honoribus</strong></span> <span class='ocrx_word' id='word_1_174' title='bbox 729 2351 911 2401; x_wconf 87' lang='lat' dir='ltr'><strong>ducum</strong></span> <span class='ocrx_word' id='word_1_175' title='bbox 940 2360 989 2403; x_wconf 86' lang='lat' dir='ltr'><strong>et</strong></span> <span class='ocrx_word' id='word_1_176' title='bbox 1023 2354 1263 2419; x_wconf 81' lang='lat' dir='ltr'><strong>praemiis</strong></span> <span class='ocrx_word' id='word_1_177' title='bbox 1292 2354 1508 2404; x_wconf 86' lang='lat' dir='ltr'><strong>militum</strong></span> <span class='ocrx_word' id='word_1_178' title='bbox 1543 2351 1750 2405; x_wconf 80' lang='lat' dir='ltr'><strong>rettulit.</strong></span> <span class='ocrx_word' id='word_1_179' title='bbox 1821 2350 1918 2411; x_wconf 80' lang='lat' dir='ltr'><strong>Qui</strong></span> <span class='ocrx_word' id='word_1_180' title='bbox 1962 2349 2031 2403; x_wconf 88' lang='grc' dir='ltr'><strong>Μ.</strong></span> <span class='ocrx_word' id='word_1_181' title='bbox 2069 2352 2302 2401; x_wconf 81' lang='lat' dir='ltr'><strong>Antonio</strong></span> <span class='ocrx_word' id='word_1_182' title='bbox 2333 2350 2401 2400; x_wconf 80' lang='lat' dir='ltr'><strong>ra·</strong></span> 
     </span>
     <span class='ocr_line' id='line_1_24' title="bbox 319 2418 2399 2486; baseline 0.001 -18"><span class='ocrx_word' id='word_1_183' title='bbox 319 2420 503 2469; x_wconf 87' lang='lat' dir='ltr'><strong>vebant</strong></span> <span class='ocrx_word' id='word_1_184' title='bbox 556 2418 747 2469; x_wconf 90' lang='lat' dir='ltr'><strong>bellum</strong></span> <span class='ocrx_word' id='word_1_185' title='bbox 806 2419 1002 2471; x_wconf 82' lang='lat' dir='ltr'><strong>finitum</strong></span> <span class='ocrx_word' id='word_1_186' title='bbox 1052 2436 1164 2472; x_wconf 86' lang='lat' dir='ltr'><strong>esse</strong></span> <span class='ocrx_word' id='word_1_187' title='bbox 1210 2424 1412 2474; x_wconf 75' lang='lat' dir='ltr'><strong>aiebant</strong></span> <span class='ocrx_word' id='word_1_188' title='bbox 1459 2431 1508 2472; x_wconf 87' lang='lat' dir='ltr'><strong>et</strong></span> <span class='ocrx_word' id='word_1_189' title='bbox 1553 2434 1680 2486; x_wconf 76' lang='lat' dir='ltr'><strong>saga</strong></span> <span class='ocrx_word' id='word_1_190' title='bbox 1738 2418 2035 2486; x_wconf 82' lang='lat' dir='ltr'><strong>deponenda</strong></span> <span class='ocrx_word' id='word_1_191' title='bbox 2101 2420 2399 2471; x_wconf 78' lang='lat' dir='ltr'><strong>censebant.</strong></span> 
     </span>
     <span class='ocr_line' id='line_1_25' title="bbox 320 2485 2400 2558; baseline -0.001 -20"><span class='ocrx_word' id='word_1_192' title='bbox 320 2489 459 2548; x_wconf 84' lang='lat' dir='ltr'><strong>Quos</strong></span> <span class='ocrx_word' id='word_1_193' title='bbox 476 2495 654 2539; x_wconf 85' lang='lat' dir='ltr'><strong>contra</strong></span> <span class='ocrx_word' id='word_1_194' title='bbox 668 2485 738 2537; x_wconf 86' lang='lat' dir='ltr'><strong>M.</strong></span> <span class='ocrx_word' id='word_1_195' title='bbox 768 2486 943 2541; x_wconf 83' lang='lat' dir='ltr'><strong>Cicero</strong></span> <span class='ocrx_word' id='word_1_196' title='bbox 971 2490 1086 2558; x_wconf 81' lang='lat' dir='ltr'><strong>hac,</strong></span> <span class='ocrx_word' id='word_1_197' title='bbox 1121 2506 1251 2555; x_wconf 85' lang='lat' dir='ltr'><strong>qnae</strong></span> <span class='ocrx_word' id='word_1_198' title='bbox 1276 2491 1410 2542; x_wconf 74' lang='lat' dir='ltr'><strong>intra</strong></span> <span class='ocrx_word' id='word_1_199' title='bbox 1433 2491 1624 2555; x_wconf 78' lang='lat' dir='ltr'><strong>scripta</strong></span> <span class='ocrx_word' id='word_1_200' title='bbox 1652 2497 1748 2549; x_wconf 84' lang='lat' dir='ltr'><strong>est,</strong></span> <span class='ocrx_word' id='word_1_201' title='bbox 1779 2488 2003 2538; x_wconf 85' lang='lat' dir='ltr'><strong>oratione</strong></span> <span class='ocrx_word' id='word_1_202' title='bbox 2022 2488 2094 2538; x_wconf 87' lang='lat' dir='ltr'><strong>M.</strong></span> <span class='ocrx_word' id='word_1_203' title='bbox 2122 2488 2400 2538; x_wconf 79' lang='lat' dir='ltr'><strong>Antonium</strong></span> 
     </span>
     <span class='ocr_line' id='line_1_26' title="bbox 319 2556 2397 2625; baseline -0.003 -17"><span class='ocrx_word' id='word_1_204' title='bbox 319 2564 369 2608; x_wconf 78' lang='lat' dir='ltr'><strong>et</strong></span> <span class='ocrx_word' id='word_1_205' title='bbox 400 2556 625 2621; x_wconf 84' lang='lat' dir='ltr'><strong>reliquos</strong></span> <span class='ocrx_word' id='word_1_206' title='bbox 638 2593 652 2616; x_wconf 90' lang='lat'><strong>,</strong></span> <span class='ocrx_word' id='word_1_207' title='bbox 688 2558 778 2620; x_wconf 85' lang='lat' dir='ltr'><strong>qui</strong></span> <span class='ocrx_word' id='word_1_208' title='bbox 813 2573 929 2609; x_wconf 89' lang='lat' dir='ltr'><strong>cum</strong></span> <span class='ocrx_word' id='word_1_209' title='bbox 964 2574 1024 2609; x_wconf 92' lang='lat' dir='ltr'><strong>eo</strong></span> <span class='ocrx_word' id='word_1_210' title='bbox 1060 2568 1246 2622; x_wconf 86' lang='lat' dir='ltr'><strong>essent,</strong></span> <span class='ocrx_word' id='word_1_211' title='bbox 1283 2560 1455 2611; x_wconf 88' lang='lat' dir='ltr'><strong>hostes</strong></span> <span class='ocrx_word' id='word_1_212' title='bbox 1489 2557 1687 2625; x_wconf 79' lang='lat' dir='ltr'><strong>patriae</strong></span> <span class='ocrx_word' id='word_1_213' title='bbox 1719 2556 2016 2607; x_wconf 78' lang='lat' dir='ltr'><strong>iudicandos</strong></span> <span class='ocrx_word' id='word_1_214' title='bbox 2047 2557 2319 2607; x_wconf 82' lang='lat' dir='ltr'><strong>contendit</strong></span> <span class='ocrx_word' id='word_1_215' title='bbox 2349 2562 2397 2603; x_wconf 88' lang='lat' dir='ltr'><strong>et</strong></span> 
     </span>
     <span class='ocr_line' id='line_1_27' title="bbox 318 2624 2399 2692; baseline -0.001 -16"><span class='ocrx_word' id='word_1_216' title='bbox 318 2625 634 2692; x_wconf 84' lang='lat' dir='ltr'><strong>amplissima</strong></span> <span class='ocrx_word' id='word_1_217' title='bbox 663 2640 892 2691; x_wconf 86' lang='lat' dir='ltr'><strong>quaeque</strong></span> <span class='ocrx_word' id='word_1_218' title='bbox 919 2629 973 2678; x_wconf 86' lang='lat' dir='ltr'><strong>in</strong></span> <span class='ocrx_word' id='word_1_219' title='bbox 1002 2629 1157 2679; x_wconf 90' lang='lat' dir='ltr'><strong>duces</strong></span> <span class='ocrx_word' id='word_1_220' title='bbox 1192 2636 1241 2679; x_wconf 94' lang='lat' dir='ltr'><strong>et</strong></span> <span class='ocrx_word' id='word_1_221' title='bbox 1269 2629 1469 2687; x_wconf 82' lang='lat' dir='ltr'><strong>milites,</strong></span> <span class='ocrx_word' id='word_1_222' title='bbox 1499 2629 1587 2689; x_wconf 79' lang='lat' dir='ltr'><strong>qui</strong></span> <span class='ocrx_word' id='word_1_223' title='bbox 1617 2641 1722 2676; x_wconf 88' lang='lat' dir='ltr'><strong>rem</strong></span> <span class='ocrx_word' id='word_1_224' title='bbox 1743 2624 2003 2690; x_wconf 86' lang='lat' dir='ltr'><strong>publicam</strong></span> <span class='ocrx_word' id='word_1_225' title='bbox 2028 2624 2399 2684; x_wconf 73' lang='lat' dir='ltr'><strong>defendissent,</strong></span> 
     </span>
     <span class='ocr_line' id='line_1_28' title="bbox 319 2694 561 2748; baseline 0.012 -3"><span class='ocrx_word' id='word_1_226' title='bbox 319 2694 561 2748; x_wconf 82' lang='lat' dir='ltr'><strong>decernit.</strong></span> 
     </span>
    </p>
   </div>
   <div class='ocr_carea' id='block_1_10' title="bbox 317 2811 2402 3140">
    <p class='ocr_par' dir='ltr' id='par_1_10' title="bbox 317 2811 2402 3140">
     <span class='ocr_line' id='line_1_29' title="bbox 447 2811 2400 2890; baseline -0.002 -16"><span class='ocrx_word' id='word_1_227' title='bbox 447 2813 493 2874; x_wconf 89' lang='lat'><strong>1.</strong></span> <span class='ocrx_word' id='word_1_228' title='bbox 538 2811 598 2876; x_wconf 92' lang='lat' dir='ltr'><strong>l.</strong></span> <span class='ocrx_word' id='word_1_229' title='bbox 642 2814 728 2890; x_wconf 89' lang='lat' dir='ltr'><strong>Si,</strong></span> <span class='ocrx_word' id='word_1_230' title='bbox 758 2823 825 2877; x_wconf 86' lang='lat' dir='ltr'><strong>ut</strong></span> <span class='ocrx_word' id='word_1_231' title='bbox 855 2831 935 2875; x_wconf 89' lang='lat' dir='ltr'><strong>ex</strong></span> <span class='ocrx_word' id='word_1_232' title='bbox 963 2812 1207 2888; x_wconf 80' lang='lat' dir='ltr'><strong>litteriS‚</strong></span> <span class='ocrx_word' id='word_1_233' title='bbox 1255 2829 1415 2888; x_wconf 89' lang='lat' dir='ltr'><strong>quae</strong></span> <span class='ocrx_word' id='word_1_234' title='bbox 1453 2811 1742 2874; x_wconf 79' lang='lat' dir='ltr'><strong>recitatae</strong></span> <span class='ocrx_word' id='word_1_235' title='bbox 1785 2817 1954 2885; x_wconf 89' lang='lat' dir='ltr'><strong>sunt,</strong></span> <span class='ocrx_word' id='word_1_236' title='bbox 1997 2818 2214 2886; x_wconf 87' lang='lat' dir='ltr'><strong>patres</strong></span> <span class='ocrx_word' id='word_1_237' title='bbox 2261 2827 2400 2870; x_wconf 85' lang='lat' dir='ltr'><strong>con·</strong></span> 
     </span>
     <span class='ocr_line' id='line_1_30' title="bbox 322 2894 2400 2972; baseline -0.003 -14"><span class='ocrx_word' id='word_1_238' title='bbox 322 2895 555 2972; x_wconf 87' lang='lat' dir='ltr'><strong>scripti,</strong></span> <span class='ocrx_word' id='word_1_239' title='bbox 591 2896 1202 2960; x_wconf 82' lang='lat' dir='ltr'><strong>sceleratissimorum</strong></span> <span class='ocrx_word' id='word_1_240' title='bbox 1234 2896 1499 2958; x_wconf 85' lang='lat' dir='ltr'><strong>bestium</strong></span> <span class='ocrx_word' id='word_1_241' title='bbox 1522 2894 1856 2957; x_wconf 84' lang='lat' dir='ltr'><strong>exercitum</strong></span> <span class='ocrx_word' id='word_1_242' title='bbox 1885 2909 2136 2954; x_wconf 88' lang='lat' dir='ltr'><strong>caesum</strong></span> <span class='ocrx_word' id='word_1_243' title='bbox 2169 2894 2400 2954; x_wconf 78' lang='lat' dir='ltr'><strong>fusum·</strong></span> 
     </span>
     <span class='ocr_line' id='line_1_31' title="bbox 321 2978 2402 3057; baseline -0.002 -17"><span class='ocrx_word' id='word_1_244' title='bbox 321 2996 444 3054; x_wconf 89' lang='lat' dir='ltr'><strong>que</strong></span> <span class='ocrx_word' id='word_1_245' title='bbox 476 2979 761 3057; x_wconf 75' lang='lat' dir='ltr'><strong>cognovi,</strong></span> <span class='ocrx_word' id='word_1_246' title='bbox 795 2980 886 3042; x_wconf 90' lang='lat' dir='ltr'><strong>sic</strong></span> <span class='ocrx_word' id='word_1_247' title='bbox 913 2980 995 3054; x_wconf 90' lang='lat' dir='ltr'><strong>id,</strong></span> <span class='ocrx_word' id='word_1_248' title='bbox 1030 2980 1198 3057; x_wconf 89' lang='lat' dir='ltr'><strong>quod</strong></span> <span class='ocrx_word' id='word_1_249' title='bbox 1232 2987 1295 3040; x_wconf 88' lang='lat' dir='ltr'><strong>et</strong></span> <span class='ocrx_word' id='word_1_250' title='bbox 1330 2996 1544 3041; x_wconf 88' lang='lat' dir='ltr'><strong>omnes</strong></span> <span class='ocrx_word' id='word_1_251' title='bbox 1585 2978 1849 3043; x_wconf 80' lang='lat' dir='ltr'><strong>maxime</strong></span> <span class='ocrx_word' id='word_1_252' title='bbox 1897 2984 2182 3053; x_wconf 83' lang='lat' dir='ltr'><strong>optamus</strong></span> <span class='ocrx_word' id='word_1_253' title='bbox 2231 2986 2298 3037; x_wconf 84' lang='lat' dir='ltr'><strong>et</strong></span> <span class='ocrx_word' id='word_1_254' title='bbox 2328 2992 2402 3035; x_wconf 87' lang='lat' dir='ltr'><strong>ex</strong></span> 
     </span>
     <span class='ocr_line' id='line_1_32' title="bbox 317 3059 2401 3140; baseline -0.001 -18"><span class='ocrx_word' id='word_1_255' title='bbox 317 3078 396 3122; x_wconf 87' lang='lat' dir='ltr'><strong>ea</strong></span> <span class='ocrx_word' id='word_1_256' title='bbox 423 3062 695 3138; x_wconf 85' lang='lat' dir='ltr'><strong>victoria,</strong></span> <span class='ocrx_word' id='word_1_257' title='bbox 731 3081 891 3139; x_wconf 89' lang='lat' dir='ltr'><strong>quae</strong></span> <span class='ocrx_word' id='word_1_258' title='bbox 921 3072 1096 3140; x_wconf 81' lang='lat' dir='ltr'><strong>parta</strong></span> <span class='ocrx_word' id='word_1_259' title='bbox 1123 3072 1247 3137; x_wconf 87' lang='lat' dir='ltr'><strong>est,</strong></span> <span class='ocrx_word' id='word_1_260' title='bbox 1280 3071 1677 3125; x_wconf 89' lang='lat' dir='ltr'><strong>consecutum</strong></span> <span class='ocrx_word' id='word_1_261' title='bbox 1715 3061 2091 3133; x_wconf 84' lang='lat' dir='ltr'><strong>arbitramur,</strong></span> <span class='ocrx_word' id='word_1_262' title='bbox 2136 3060 2208 3119; x_wconf 91' lang='lat' dir='ltr'><strong>D.</strong></span> <span class='ocrx_word' id='word_1_263' title='bbox 2252 3059 2401 3119; x_wconf 88' lang='lat' dir='ltr'><strong>Bru·</strong></span> 
     </span>
    </p>
   </div>
   <div class='ocr_carea' id='block_1_11' title="bbox 201 3142 2402 3223">
    <p class='ocr_par' dir='ltr' id='par_1_11' title="bbox 201 3142 2402 3223">
     <span class='ocr_line' id='line_1_33' title="bbox 201 3142 2402 3223; baseline -0.002 -18"><span class='ocrx_word' id='word_1_264' title='bbox 201 3152 208 3164; x_wconf 85' lang='grc'>·</span> <span class='ocrx_word' id='word_1_265' title='bbox 317 3152 443 3205; x_wconf 88' lang='lat' dir='ltr'><strong>tum</strong></span> <span class='ocrx_word' id='word_1_266' title='bbox 487 3159 803 3218; x_wconf 85' lang='lat' dir='ltr'><strong>egressum</strong></span> <span class='ocrx_word' id='word_1_267' title='bbox 845 3147 967 3208; x_wconf 89' lang='lat' dir='ltr'><strong>iam</strong></span> <span class='ocrx_word' id='word_1_268' title='bbox 1013 3147 1245 3208; x_wconf 86' lang='lat' dir='ltr'><strong>Mutina</strong></span> <span class='ocrx_word' id='word_1_269' title='bbox 1285 3161 1429 3208; x_wconf 89' lang='lat' dir='ltr'><strong>esse</strong></span> <span class='ocrx_word' id='word_1_270' title='bbox 1448 3146 1906 3223; x_wconf 81' lang='lat' dir='ltr'><strong>cognovissem,</strong></span> <span class='ocrx_word' id='word_1_271' title='bbox 1927 3149 2183 3220; x_wconf 86' lang='lat' dir='ltr'><strong>propter</strong></span> <span class='ocrx_word' id='word_1_272' title='bbox 2225 3142 2402 3204; x_wconf 80' lang='lat' dir='ltr'><strong>cuius</strong></span> 
     </span>
    </p>
   </div>
   <div class='ocr_carea' id='block_1_12' title="bbox 291 3224 2500 3561">
    <p class='ocr_par' dir='ltr' id='par_1_12' title="bbox 291 3224 2500 3561">
     <span class='ocr_line' id='line_1_34' title="bbox 318 3224 2397 3306; baseline 0 -22"><span class='ocrx_word' id='word_1_273' title='bbox 318 3224 654 3300; x_wconf 88' lang='lat' dir='ltr'><strong>periculum</strong></span> <span class='ocrx_word' id='word_1_274' title='bbox 685 3228 766 3286; x_wconf 89' lang='lat' dir='ltr'><strong>ad</strong></span> <span class='ocrx_word' id='word_1_275' title='bbox 786 3245 934 3302; x_wconf 78' lang='lat' dir='ltr'><strong>saga</strong></span> <span class='ocrx_word' id='word_1_276' title='bbox 959 3228 1243 3304; x_wconf 79' lang='lat' dir='ltr'><strong>issemuS,</strong></span> <span class='ocrx_word' id='word_1_277' title='bbox 1276 3237 1527 3306; x_wconf 87' lang='lat' dir='ltr'><strong>propter</strong></span> <span class='ocrx_word' id='word_1_278' title='bbox 1547 3229 1822 3289; x_wconf 89' lang='lat' dir='ltr'><strong>eiusdem</strong></span> <span class='ocrx_word' id='word_1_279' title='bbox 1845 3229 2101 3289; x_wconf 85' lang='lat' dir='ltr'><strong>salutem</strong></span> <span class='ocrx_word' id='word_1_280' title='bbox 2134 3226 2397 3286; x_wconf 87' lang='lat' dir='ltr'><strong>redeun-</strong></span> 
     </span>
     <span class='ocr_line' id='line_1_35' title="bbox 318 3307 2400 3382; baseline 0 -17"><span class='ocrx_word' id='word_1_281' title='bbox 318 3308 462 3366; x_wconf 90' lang='lat' dir='ltr'><strong>dum</strong></span> <span class='ocrx_word' id='word_1_282' title='bbox 503 3307 584 3365; x_wconf 89' lang='lat' dir='ltr'><strong>ad</strong></span> <span class='ocrx_word' id='word_1_283' title='bbox 624 3307 944 3382; x_wconf 87' lang='lat' dir='ltr'><strong>pristinum</strong></span> <span class='ocrx_word' id='word_1_284' title='bbox 985 3312 1270 3375; x_wconf 83' lang='lat' dir='ltr'><strong>vestitum</strong></span> <span class='ocrx_word' id='word_1_285' title='bbox 1312 3313 1446 3375; x_wconf 89' lang='lat' dir='ltr'><strong>sinc</strong></span> <span class='ocrx_word' id='word_1_286' title='bbox 1484 3313 1608 3372; x_wconf 85' lang='lat' dir='ltr'><strong>ulla</strong></span> <span class='ocrx_word' id='word_1_287' title='bbox 1650 3310 2026 3372; x_wconf 88' lang='lat' dir='ltr'><strong>dubitatione</strong></span> <span class='ocrx_word' id='word_1_288' title='bbox 2054 3324 2400 3368; x_wconf 87' lang='lat' dir='ltr'><strong>censerem.</strong></span> 
     </span>
     <span class='ocr_line' id='line_1_36' title="bbox 318 3390 2399 3470; baseline 0.002 -24"><span class='ocrx_word' id='word_1_289' title='bbox 318 3390 478 3448; x_wconf 84' lang='lat' dir='ltr'><strong>Ante</strong></span> <span class='ocrx_word' id='word_1_290' title='bbox 507 3403 687 3462; x_wconf 85' lang='lat' dir='ltr'><strong>vero,</strong></span> <span class='ocrx_word' id='word_1_291' title='bbox 726 3407 906 3464; x_wconf 85' lang='lat' dir='ltr'><strong>quam</strong></span> <span class='ocrx_word' id='word_1_292' title='bbox 933 3391 1015 3452; x_wconf 89' lang='lat' dir='ltr'><strong>sit</strong></span> <span class='ocrx_word' id='word_1_293' title='bbox 1044 3410 1120 3455; x_wconf 87' lang='lat' dir='ltr'><strong>ea</strong></span> <span class='ocrx_word' id='word_1_294' title='bbox 1144 3411 1278 3469; x_wconf 89' lang='lat' dir='ltr'><strong>res,</strong></span> <span class='ocrx_word' id='word_1_295' title='bbox 1315 3411 1499 3470; x_wconf 84' lang='lat' dir='ltr'><strong>quam</strong></span> <span class='ocrx_word' id='word_1_296' title='bbox 1528 3392 1888 3456; x_wconf 89' lang='lat' dir='ltr'><strong>avidissime</strong></span> <span class='ocrx_word' id='word_1_297' title='bbox 1918 3390 2134 3454; x_wconf 88' lang='lat' dir='ltr'><strong>civitas</strong></span> <span class='ocrx_word' id='word_1_298' title='bbox 2166 3407 2399 3467; x_wconf 83' lang='lat' dir='ltr'><strong>exspe-</strong></span> 
     </span>
     <span class='ocr_line' id='line_1_37' title="bbox 291 3468 2500 3561; baseline 0.002 -33"><span class='ocrx_word' id='word_1_299' title='bbox 291 3477 456 3541; x_wconf 57' lang='lat' dir='ltr'><strong>ctat,</strong></span> <span class='ocrx_word' id='word_1_300' title='bbox 481 3468 698 3544; x_wconf 84' lang='lat' dir='ltr'><strong>adlata,</strong></span> <span class='ocrx_word' id='word_1_301' title='bbox 730 3470 954 3534; x_wconf 86' lang='lat' dir='ltr'><strong>laetitia</strong></span> <span class='ocrx_word' id='word_1_302' title='bbox 983 3475 1100 3534; x_wconf 78' lang='lat' dir='ltr'><strong>frui</strong></span> <span class='ocrx_word' id='word_1_303' title='bbox 1118 3477 1269 3538; x_wconf 85' lang='lat' dir='ltr'><strong>satis</strong></span> <span class='ocrx_word' id='word_1_304' title='bbox 1294 3486 1391 3538; x_wconf 89' lang='lat' dir='ltr'><strong>est</strong></span> <span class='ocrx_word' id='word_1_305' title='bbox 1416 3476 1718 3538; x_wconf 83' lang='lat' dir='ltr'><strong>maximae</strong></span> <span class='ocrx_word' id='word_1_306' title='bbox 1743 3471 2400 3552; x_wconf 85' lang='lat' dir='ltr'><strong>praeclarissimaeque</strong></span> <span class='ocrx_word' id='word_1_307' title='bbox 2498 3550 2500 3561; x_wconf 37' lang='grc' dir='ltr'>Ι</span> 
     </span>
    </p>
   </div>
   <div class='ocr_carea' id='block_1_13' title="bbox 2498 237 2500 855">
    <p class='ocr_par' dir='ltr' id='par_1_13' title="bbox 2498 237 2500 855">
     <span class='ocr_line' id='line_1_38' title="bbox 2498 237 2500 855; baseline 0 0"><span class='ocrx_word' id='word_1_308' title='bbox 2498 237 2500 855; x_wconf 95' lang='lat' dir='ltr'><strong> </strong></span> 
     </span>
    </p>
   </div>
   <div class='ocr_carea' id='block_1_14' title="bbox 2498 2453 2500 3779">
    <p class='ocr_par' dir='ltr' id='par_1_14' title="bbox 2498 2453 2500 3779">
     <span class='ocr_line' id='line_1_39' title="bbox 2498 2453 2500 3779; baseline 0 0"><span class='ocrx_word' id='word_1_309' title='bbox 2498 2453 2500 3779; x_wconf 95' lang='lat' dir='ltr'><strong> </strong></span> 
     </span>
    </p>
   </div>
  </div>
 </body>
</html>
