2514 3928
252 248 383 313 400
523 249 599 307 IN
626 248 705 306 M.
738 244 1140 307 ANTONIUM
1171 244 1455 306 ORATIO
1484 245 1906 305 PHILIPPICA
1936 245 2096 304 VIII.
2265 255 2387 307 102

258 413 563 473 oppressa
603 397 749 458 nihil
797 413 984 472 posse
1024 396 1294 457 decerni.
1380 396 1438 457 6.
1483 396 1643 471 Ergo
1686 394 1772 456 illi
1815 411 1978 456 nunc
2018 406 2084 456 et
2128 412 2381 457 eorum

254 480 560 542 exercitus
602 480 662 540 in
697 497 849 556 pace
885 489 1226 544 versantur.
1315 480 1449 540 Non
1482 479 1795 541 esthostis
1824 478 1911 552 is,
1948 478 2133 539 cuius
2172 495 2379 554 prae-

255 563 475 625 sidium
506 564 783 628 Claterna
813 564 1033 624 deiecit
1062 563 1323 624 Hirtius:
1379 580 1503 624 non
1547 570 1643 623 est
1670 562 1897 633 hostis,
1954 564 2060 637 qui
2099 560 2381 624 consuli

253 656 521 708 armatus
558 646 829 722 obsistit,
889 646 1273 721 designatum
1320 648 1634 708 consulem
1681 655 2028 723 oppugnat,
2092 662 2229 707 nec
2263 646 2381 706 illa

252 730 498 791 hostilia
534 731 723 791 verba
766 747 880 791 nec
912 731 1164 804 bellica,
1213 747 1372 806 quae
1405 730 1609 805 paullo
1641 738 1781 791 ante
1812 745 1892 789 ex
1935 730 2238 805 collegae
2271 730 2376 790 lit-

253 813 400 875 teris
433 813 634 875 Pansa
658 813 967 875 recitavit:
1055 814 1269 876 Denter
1298 829 1699 874 pnnsmmmz
1735 813 2061 874 CLATERNA
2090 829 2375 874 Porrrus

253 913 404 957 sum
455 914 672 957 ruem-1
706 914 985 967 nonnas:
1037 912 1338 960 motuum
1379 912 1758 957 comnssuut
1818 911 2013 957 ocem
2056 913 2375 966 Αιιρυοτ.

254 980 423 1054 Quae
461 997 583 1056 pax
630 989 836 1055 potest
878 978 1022 1040 esSe
1071 980 1310 1040 maior?
1386 980 1656 1041 Dilectus
1710 988 1840 1041 tota
1884 979 2055 1040 ltalia
2108 978 2375 1041 decreti

253 1064 512 1128 sublatis
541 1063 998 1124 vacationibus:
1027 1059 1207 1139 'saga
1239 1080 1376 1125 cras
1421 1070 1769 1124 sumentur:
1821 1063 2038 1124 consul
2085 1079 2160 1123 se
2216 1081 2373 1124 cum

255 1148 569 1225 praesidio
618 1147 1064 1210 descensurum
1107 1162 1252 1207 esse
1294 1146 1465 1207 dixit.
1566 1138 1625 1205 7'.
1669 1146 1885 1207 Utrum
1927 1143 2049 1206 hoc
2103 1146 2367 1207 bellum

259 1246 387 1291 non
422 1237 517 1291 est
551 1246 628 1290 an
675 1229 858 1290 etiam
898 1238 1135 1293 tantum
1171 1231 1427 1303 bellum,
1474 1237 1765 1305 quantum
1809 1244 2149 1304 numquam
2194 1229 2368 1292 fuit!

263 1313 497 1375 Ceteris
542 1314 702 1375 enim
746 1313 923 1375 bellis
974 1313 1366 1388 maximeque
1418 1314 1701 1375 civilibus
1743 1312 2219 1374 contentionem
2269 1313 2366 1375 rei

260 1397 544 1472 publicae
575 1397 765 1457 causa
800 1397 1085 1458 faciebat.
1148 1396 1319 1457 Sulla
1350 1412 1489 1456 cum
1527 1396 1803 1473 Sulpicio
1837 1397 1917 1457 de
1947 1395 2082 1455 iure
2113 1399 2360 1472 legum,

263 1497 421 1554 quas
464 1497 579 1555 per
606 1480 733 1541 vim
767 1480 939 1542 Sulla
980 1483 1136 1540 latas
1169 1495 1315 1540 esse
1345 1481 1618 1543 dicebat:
1669 1480 1860 1541 Cinna
1903 1496 2042 1540 cum
2076 1480 2358 1542 Octavio

262 1564 342 1624 de
382 1580 685 1625 novorum
739 1563 959 1625 civium
1003 1563 1351 1639 suffragiis:
1402 1581 1620 1626 rursus
1671 1578 1809 1624 cum
1850 1563 2043 1625 Mario
2095 1570 2160 1625 et
2207 1564 2353 1625 Car-

260 1646 426 1708 bone
455 1647 658 1719 Sulla,
721 1664 799 1707 ne
841 1647 1306 1709 dominarentur
1349 1647 1580 1723 indigni
1621 1653 1682 1707 et
1732 1654 1801 1708 ut
1853 1646 2355 1708 clarissimorum

261 1730 577 1791 hominum
599 1731 1083 1807 crudelissimam
1113 1731 1478 1807 poeniretur
1507 1746 1742 1792 necem.
1793 1731 2027 1791 Horum
2063 1730 2350 1791 omnium

260 1814 568 1874 bellorum
615 1811 843 1875 causae
888 1833 967 1875 ex
1017 1813 1109 1874 rei
1155 1815 1441 1890 publicae
1495 1814 1891 1876 contentione
1935 1822 2121 1875 natae
2171 1825 2344 1876 sunt.

260 1898 352 1957 De
393 1897 677 1972 proximo
727 1898 889 1960 bello
940 1896 1102 1958 civili
1145 1915 1270 1958 non
1303 1899 1449 1958 libet
1489 1898 1726 1959 dicere:
1781 1898 1999 1974 ignoro
2044 1914 2345 1959 causam:

263 1982 543 2041 detestor
576 1981 822 2042 exitum.
870 2011 873 2014 -
909 1983 1008 2042 Ill.
1055 1981 1113 2043 8.
1160 1983 1294 2044 Hoc
1330 1984 1557 2044 bellum
1589 1983 1881 2057 quintum*
1897 1982 2074 2044 civile
2103 1982 2348 2057 geritur

262 2096 340 2108 —-
374 2072 564 2141 atque
594 2065 797 2127 omnia
836 2064 898 2125 in
939 2072 1215 2127 nostram
1245 2073 1510 2128 aetatem
1538 2066 1884 2127 inciderunt
1907 2083 2026 2127 .—:
2072 2067 2345 2142 primum

263 2163 387 2207 non
433 2149 620 2212 modo
666 2167 790 2211 non
836 2149 896 2209 in
944 2149 1339 2211 dissensione
1374 2157 1436 2210 et
1473 2149 1784 2210 discordia
1821 2148 2080 2222 civium,
2120 2150 2243 2210 sed
2279 2149 2344 2211 in

263 2230 529 2291 maxima
559 2232 977 2292 consensione
1004 2232 1472 2308 incredibilique
1501 2233 1854 2295 concordia.
1914 2233 2142 2293 Omnes
2173 2233 2342 2294 idem

267 2314 511 2387 volunt,
542 2314 702 2374 idem
734 2316 1101 2386 defendunt,
1134 2315 1294 2378 idem
1326 2317 1617 2377 sentiunt.
1695 2317 1891 2390 Quum
1925 2331 2141 2378 omnes
2174 2317 2339 2389 dicu,

266 2412 377 2457 eos
422 2396 701 2472 excipio,
753 2414 914 2473 quos
956 2414 1135 2459 nemo
1180 2400 1430 2461 civitate
1469 2400 1690 2476 dignos
1735 2407 1930 2477 putat.
2020 2401 2193 2475 Quae
2241 2409 2341 2461 est

261 2478 449 2555 igitur
488 2480 549 2540 in
589 2481 792 2544 medio
828 2482 973 2542 belli
1016 2497 1207 2542 causa
1247 2484 1496 2560 posita?
1545 2485 1673 2545 Nos
1725 2485 1986 2545 deorum
2026 2483 2326 2545 immorta-

265 2564 412 2624 lium
453 2567 709 2645 templa‚
764 2583 882 2628 nos
929 2582 1169 2639 muros,
1223 2585 1338 2629 nos
1396 2565 1703 2628 domicilia
1754 2568 2069 2643 sedesque
2115 2584 2317 2644 popu.

263 2648 555 2721 Romani,
612 2665 779 2724 ωας,
838 2653 1049 2722 soom,
1094 2652 1386 2731 sepulcra
1425 2651 1755 2713 maiorum.
1815 2667 1934 2712 nos
1989 2654 2194 2727 leges,
2246 2651 2333 2712 iu-

264 2730 455 2806 dicia,
499 2733 872 2804 libertatem,
920 2733 1245 2809 coniugeS,
1292 2735 1554 2803 liberos,
1605 2735 1862 2810 patriam
1912 2733 2330 2796 defendimus:

265 2825 483 2876 contra
524 2817 605 2877 M.
645 2817 956 2879 Antonius
994 2817 1059 2877 id
1097 2817 1375 2892 molitur,
1419 2818 1481 2879 id
1522 2826 1787 2893 pugnat,
1834 2825 1902 2881 ut
1938 2819 2093 2880 haec
2128 2817 2333 2879 omnia

261 2900 613 2976 perturbet,
687 2909 956 2976 evertat,
1025 2901 1321 2977 praedam
1382 2901 1471 2963 rei
1529 2903 1812 2978 publicae
1875 2918 2125 2963 causam
2187 2902 2331 2962 belli

261 2989 464 3055 putet,
523 2984 802 3046 fortunas
852 2991 1097 3047 nostras
1152 2987 1377 3062 partim
1426 2987 1689 3064 dissipet
1740 2988 1960 3063 partim
2011 2984 2329 3062 dispertiat

264 3065 606 3139 parricidis,

390 3147 451 3207 9.
496 3150 562 3207 ln
593 3148 710 3207 hac
739 3158 861 3210 tam
891 3152 1125 3228 dispari
1154 3155 1397 3214 ratione
1425 3154 1570 3215 belli
1601 3154 2008 3215 miserrimum
2032 3153 2180 3216 illud
2211 3159 2320 3226 est.

265 3231 434 3304 quod
474 3230 573 3290 ille
602 3232 939 3294 latronibus
972 3235 1102 3297 suis
1141 3237 1469 3314 pollicetur
1510 3238 1771 3314 primum
1805 3240 2059 3299 domos:
2111 3238 2314 3299 urbem

219 3362 222 3365 ,
263 3314 420 3373 enim
463 3314 805 3376 divisurum
836 3333 908 3378 se
953 3320 1307 3382 confirmat:
1358 3321 1584 3382 deinde
1625 3322 1911 3383 omnibus
1952 3323 2151 3396 portis
2198 3335 2315 3398 quo

263 3396 452 3457 velint
478 3398 902 3460 deducturum.
973 3400 1199 3464 Omnes
1231 3405 1530 3478 Cafones,
1571 3422 1786 3467 omnes
1816 3406 2021 3467 Saxae
2053 3412 2316 3466 ceterae·

268 3495 387 3550 que
412 3489 657 3556 pesteS,
706 3499 866 3557 quae
893 3495 1241 3561 sequuntur
1270 3488 1635 3562 Antonium,
1672 3492 1864 3551 aedes
1896 3487 2014 3549 sibi
2044 3488 2314 3567 optimas,
