<?xml version="1.0" encoding="UTF-8"?>
<!DOCTYPE html PUBLIC "-//W3C//DTD XHTML 1.0 Transitional//EN"
    "http://www.w3.org/TR/xhtml1/DTD/xhtml1-transitional.dtd">
<html xmlns="http://www.w3.org/1999/xhtml" xml:lang="en" lang="en">
 <head>
  <title>
</title>
<meta http-equiv="Content-Type" content="text/html;charset=utf-8" />
  <meta name='ocr-system' content='tesseract 3.04.00' />
  <meta name='ocr-capabilities' content='ocr_page ocr_carea ocr_par ocr_line ocrx_word'/>
</head>
<body>
  <div class='ocr_page' id='page_1' title='image "./scriptaquaemans02cicegoog_0389.png"; bbox 0 0 2514 3928; ppageno 0'>
   <div class='ocr_carea' id='block_1_1' title="bbox 205 198 2318 275">
    <p class='ocr_par' dir='ltr' id='par_1_1' title="bbox 205 155 2318 275">
     <span class='ocr_line' id='line_1_1' title="bbox 205 198 2318 275; baseline -0 -19"><span class='ocrx_word' id='word_1_1' title='bbox 205 200 273 256; x_wconf 73' lang='grc'><strong>31</strong></span> <span class='ocrx_word' id='word_1_2' title='bbox 342 211 350 218; x_wconf 83' lang='grc'><em>·</em></span> <span class='ocrx_word' id='word_1_3' title='bbox 840 199 1004 257; x_wconf 83' lang='lat' dir='ltr'><strong>CAP.</strong></span> <span class='ocrx_word' id='word_1_4' title='bbox 1034 204 1270 257; x_wconf 74' lang='lat'><strong>21-.-24.</strong></span> <span class='ocrx_word' id='word_1_5' title='bbox 1308 201 1364 272; x_wconf 72' lang='lat'><strong>3.</strong></span> <span class='ocrx_word' id='word_1_6' title='bbox 1396 204 1634 260; x_wconf 80' lang='lat'><strong>51—58.</strong></span> <span class='ocrx_word' id='word_1_7' title='bbox 1694 232 1699 238; x_wconf 88' lang='lat'><em>-</em></span> <span class='ocrx_word' id='word_1_8' title='bbox 1877 257 1881 262; x_wconf 80' lang='grc'>,</span> <span class='ocrx_word' id='word_1_9' title='bbox 2156 198 2318 275; x_wconf 61' lang='grc'><strong>329.</strong></span> 
     </span>
    </p>
   </div>
   <div class='ocr_carea' id='block_1_2' title="bbox 206 335 2308 448">
    <p class='ocr_par' dir='ltr' id='par_1_2' title="bbox 206 335 2308 448">
     <span class='ocr_line' id='line_1_2' title="bbox 206 335 2308 448; baseline 0.004 -29"><span class='ocrx_word' id='word_1_10' title='bbox 206 367 309 421; x_wconf 86' lang='lat' dir='ltr'><strong>est</strong></span> <span class='ocrx_word' id='word_1_11' title='bbox 338 376 528 421; x_wconf 86' lang='lat' dir='ltr'><strong>causa</strong></span> <span class='ocrx_word' id='word_1_12' title='bbox 556 362 847 423; x_wconf 87' lang='lat' dir='ltr'><strong>arborum</strong></span> <span class='ocrx_word' id='word_1_13' title='bbox 880 371 940 422; x_wconf 91' lang='lat' dir='ltr'><strong>et</strong></span> <span class='ocrx_word' id='word_1_14' title='bbox 970 362 1280 436; x_wconf 81' lang='lat' dir='ltr'><strong>stirpium,</strong></span> <span class='ocrx_word' id='word_1_15' title='bbox 1329 362 1419 423; x_wconf 91' lang='lat' dir='ltr'><strong>sic</strong></span> <span class='ocrx_word' id='word_1_16' title='bbox 1450 363 1631 423; x_wconf 90' lang='lat' dir='ltr'><strong>huius</strong></span> <span class='ocrx_word' id='word_1_17' title='bbox 1661 359 2109 448; x_wconf 70' lang='lat' dir='ltr'><strong>luctuosissimi</strong></span> <span class='ocrx_word' id='word_1_18' title='bbox 2138 335 2308 434; x_wconf 68' lang='lat' dir='ltr'><strong>ioelu-</strong></span> 
     </span>
    </p>
   </div>
   <div class='ocr_carea' id='block_1_3' title="bbox 206 444 2425 526">
    <p class='ocr_par' dir='ltr' id='par_1_3' title="bbox 206 444 2425 526">
     <span class='ocr_line' id='line_1_3' title="bbox 206 444 2425 526; baseline 0.003 -21"><span class='ocrx_word' id='word_1_19' title='bbox 206 458 424 505; x_wconf 84' lang='lat' dir='ltr'><strong>semen</strong></span> <span class='ocrx_word' id='word_1_20' title='bbox 454 453 519 505; x_wconf 84' lang='lat' dir='ltr'><strong>tu</strong></span> <span class='ocrx_word' id='word_1_21' title='bbox 549 444 737 506; x_wconf 84' lang='lat' dir='ltr'><strong>suisti.</strong></span> <span class='ocrx_word' id='word_1_22' title='bbox 799 446 1031 506; x_wconf 91' lang='lat' dir='ltr'><strong>Doletis</strong></span> <span class='ocrx_word' id='word_1_23' title='bbox 1062 446 1173 506; x_wconf 86' lang='lat' dir='ltr'><strong>tris</strong></span> <span class='ocrx_word' id='word_1_24' title='bbox 1209 445 1519 506; x_wconf 85' lang='lat' dir='ltr'><strong>exercitus</strong></span> <span class='ocrx_word' id='word_1_25' title='bbox 1555 449 1767 522; x_wconf 92' lang='lat' dir='ltr'><strong>populi</strong></span> <span class='ocrx_word' id='word_1_26' title='bbox 1798 448 2058 526; x_wconf 76' lang='lat' dir='ltr'><strong>Romani</strong></span> <span class='ocrx_word' id='word_1_27' title='bbox 2076 449 2282 511; x_wconf 75' lang='lat' dir='ltr'><strong>‘inter-</strong></span> <span class='ocrx_word' id='word_1_28' title='bbox 2329 460 2360 504; x_wconf 59' lang='grc' dir='ltr'><strong><em>Ἀ</em></strong></span> <span class='ocrx_word' id='word_1_29' title='bbox 2385 468 2425 494; x_wconf 89' lang='lat'><strong>··</strong></span> 
     </span>
    </p>
   </div>
   <div class='ocr_carea' id='block_1_4' title="bbox 207 527 2301 3518">
    <p class='ocr_par' dir='ltr' id='par_1_4' title="bbox 207 527 2301 1269">
     <span class='ocr_line' id='line_1_4' title="bbox 207 527 2280 610; baseline 0.004 -23"><span class='ocrx_word' id='word_1_30' title='bbox 207 527 447 588; x_wconf 77' lang='lat' dir='ltr'><strong>sectos:</strong></span> <span class='ocrx_word' id='word_1_31' title='bbox 494 528 800 589; x_wconf 77' lang='lat' dir='ltr'><strong>interfecit</strong></span> <span class='ocrx_word' id='word_1_32' title='bbox 839 528 1171 590; x_wconf 79' lang='lat' dir='ltr'><strong>Antonius,</strong></span> <span class='ocrx_word' id='word_1_33' title='bbox 1260 528 1637 589; x_wconf 88' lang='lat' dir='ltr'><strong>Desideratis</strong></span> <span class='ocrx_word' id='word_1_34' title='bbox 1690 531 2066 594; x_wconf 79' lang='lat' dir='ltr'><strong>clarissimos</strong></span> <span class='ocrx_word' id='word_1_35' title='bbox 2109 533 2280 610; x_wconf 52' lang='lat' dir='ltr'><strong>ciues</strong></span> 
     </span>
     <span class='ocr_line' id='line_1_5' title="bbox 210 610 2301 687; baseline 0.002 -16"><span class='ocrx_word' id='word_1_36' title='bbox 210 610 391 671; x_wconf 88' lang='lat' dir='ltr'><strong>vobis</strong></span> <span class='ocrx_word' id='word_1_37' title='bbox 444 619 726 687; x_wconf 86' lang='lat' dir='ltr'><strong>ereptos:</strong></span> <span class='ocrx_word' id='word_1_38' title='bbox 784 613 1006 687; x_wconf 90' lang='lat' dir='ltr'><strong>eripuit</strong></span> <span class='ocrx_word' id='word_1_39' title='bbox 1053 612 1384 672; x_wconf 88' lang='lat' dir='ltr'><strong>Antonius.</strong></span> <span class='ocrx_word' id='word_1_40' title='bbox 1480 613 1841 674; x_wconf 82' lang='lat' dir='ltr'><strong>&#39;Auctoritas</strong></span> <span class='ocrx_word' id='word_1_41' title='bbox 1890 616 2069 677; x_wconf 83' lang='lat' dir='ltr'><strong>huius</strong></span> <span class='ocrx_word' id='word_1_42' title='bbox 2121 620 2301 678; x_wconf 89' lang='lat' dir='ltr'><strong>ordi-.</strong></span> 
     </span>
     <span class='ocr_line' id='line_1_6' title="bbox 211 693 2280 772; baseline 0.001 -18"><span class='ocrx_word' id='word_1_43' title='bbox 211 693 309 755; x_wconf 88' lang='lat' dir='ltr'><strong>nis</strong></span> <span class='ocrx_word' id='word_1_44' title='bbox 355 693 603 756; x_wconf 86' lang='lat' dir='ltr'><strong>adflicta</strong></span> <span class='ocrx_word' id='word_1_45' title='bbox 642 703 767 756; x_wconf 85' lang='lat' dir='ltr'><strong>est=</strong></span> <span class='ocrx_word' id='word_1_46' title='bbox 804 694 1043 755; x_wconf 87' lang='lat' dir='ltr'><strong>adflixit</strong></span> <span class='ocrx_word' id='word_1_47' title='bbox 1078 693 1406 754; x_wconf 84' lang='lat' dir='ltr'><strong>Antonius.</strong></span> <span class='ocrx_word' id='word_1_48' title='bbox 1507 693 1719 755; x_wconf 87' lang='lat' dir='ltr'><strong>Omnia</strong></span> <span class='ocrx_word' id='word_1_49' title='bbox 1769 696 2073 772; x_wconf 84' lang='lat' dir='ltr'><strong>denique,</strong></span> <span class='ocrx_word' id='word_1_50' title='bbox 2123 714 2280 772; x_wconf 87' lang='lat' dir='ltr'><strong>quae</strong></span> 
     </span>
     <span class='ocr_line' id='line_1_7' title="bbox 212 776 2281 854; baseline 0 -15"><span class='ocrx_word' id='word_1_51' title='bbox 212 787 433 854; x_wconf 89' lang='lat' dir='ltr'><strong>postea</strong></span> <span class='ocrx_word' id='word_1_52' title='bbox 470 777 986 852; x_wconf 83' lang='lat' dir='ltr'><strong>vidimus—quid</strong></span> <span class='ocrx_word' id='word_1_53' title='bbox 1022 786 1224 839; x_wconf 86' lang='lat' dir='ltr'><strong>autem</strong></span> <span class='ocrx_word' id='word_1_54' title='bbox 1252 776 1395 837; x_wconf 89' lang='lat' dir='ltr'><strong>mali</strong></span> <span class='ocrx_word' id='word_1_55' title='bbox 1428 794 1549 837; x_wconf 89' lang='lat' dir='ltr'><strong>non</strong></span> <span class='ocrx_word' id='word_1_56' title='bbox 1582 778 2004 851; x_wconf 69' lang='lat' dir='ltr'><strong>x⁷idimus?-—,</strong></span> <span class='ocrx_word' id='word_1_57' title='bbox 2034 778 2088 838; x_wconf 91' lang='lat' dir='ltr'><strong>si</strong></span> <span class='ocrx_word' id='word_1_58' title='bbox 2115 788 2281 840; x_wconf 88' lang='lat' dir='ltr'><strong>recte</strong></span> 
     </span>
     <span class='ocr_line' id='line_1_8' title="bbox 209 860 2282 936; baseline 0 -16"><span class='ocrx_word' id='word_1_59' title='bbox 209 860 737 935; x_wconf 86' lang='lat' dir='ltr'><strong>ratiocinabimur,</strong></span> <span class='ocrx_word' id='word_1_60' title='bbox 781 862 885 922; x_wconf 89' lang='lat' dir='ltr'><strong>uni</strong></span> <span class='ocrx_word' id='word_1_61' title='bbox 913 871 1169 936; x_wconf 87' lang='lat' dir='ltr'><strong>accepta</strong></span> <span class='ocrx_word' id='word_1_62' title='bbox 1198 863 1536 922; x_wconf 86' lang='lat' dir='ltr'><strong>referemus</strong></span> <span class='ocrx_word' id='word_1_63' title='bbox 1567 861 1855 923; x_wconf 83' lang='lat' dir='ltr'><strong>Antonio.</strong></span> <span class='ocrx_word' id='word_1_64' title='bbox 1941 864 2022 923; x_wconf 87' lang='lat' dir='ltr'><strong>Ut</strong></span> <span class='ocrx_word' id='word_1_65' title='bbox 2049 863 2282 924; x_wconf 82' lang='lat' dir='ltr'><strong>Helena</strong></span> 
     </span>
     <span class='ocr_line' id='line_1_9' title="bbox 208 943 2280 1021; baseline -0.001 -16"><span class='ocrx_word' id='word_1_66' title='bbox 208 943 518 1018; x_wconf 83' lang='lat' dir='ltr'><strong>Troianis,</strong></span> <span class='ocrx_word' id='word_1_67' title='bbox 556 946 647 1006; x_wconf 91' lang='lat' dir='ltr'><strong>sic</strong></span> <span class='ocrx_word' id='word_1_68' title='bbox 681 946 798 1005; x_wconf 89' lang='lat' dir='ltr'><strong>iste</strong></span> <span class='ocrx_word' id='word_1_69' title='bbox 829 946 969 1005; x_wconf 87' lang='lat' dir='ltr'><strong>huic</strong></span> <span class='ocrx_word' id='word_1_70' title='bbox 999 944 1088 1005; x_wconf 88' lang='lat' dir='ltr'><strong>rei</strong></span> <span class='ocrx_word' id='word_1_71' title='bbox 1122 943 1404 1019; x_wconf 87' lang='lat' dir='ltr'><strong>publicae</strong></span> <span class='ocrx_word' id='word_1_72' title='bbox 1427 945 1569 1006; x_wconf 90' lang='lat' dir='ltr'><strong>belli</strong></span> <span class='ocrx_word' id='word_1_73' title='bbox 1602 960 1821 1018; x_wconf 89' lang='lat' dir='ltr'><strong>causa,</strong></span> <span class='ocrx_word' id='word_1_74' title='bbox 1864 962 2052 1006; x_wconf 87' lang='lat' dir='ltr'><strong>causa</strong></span> <span class='ocrx_word' id='word_1_75' title='bbox 2086 945 2280 1021; x_wconf 89' lang='lat' dir='ltr'><strong>pestis</strong></span> 
     </span>
     <span class='ocr_line' id='line_1_10' title="bbox 209 1027 2280 1105; baseline -0.001 -16"><span class='ocrx_word' id='word_1_76' title='bbox 209 1038 396 1103; x_wconf 86' lang='lat' dir='ltr'><strong>atque</strong></span> <span class='ocrx_word' id='word_1_77' title='bbox 426 1028 594 1088; x_wconf 87' lang='lat' dir='ltr'><strong>exitii</strong></span> <span class='ocrx_word' id='word_1_78' title='bbox 626 1029 754 1090; x_wconf 77' lang='lat' dir='ltr'><strong>fuit.</strong></span> <span class='ocrx_word' id='word_1_79' title='bbox 817 1027 1115 1103; x_wconf 79' lang='lat' dir='ltr'><strong>Reliquae</strong></span> <span class='ocrx_word' id='word_1_80' title='bbox 1143 1035 1351 1103; x_wconf 87' lang='lat' dir='ltr'><strong>partes</strong></span> <span class='ocrx_word' id='word_1_81' title='bbox 1385 1029 1726 1090; x_wconf 77' lang='lat' dir='ltr'><strong>tribunatus</strong></span> <span class='ocrx_word' id='word_1_82' title='bbox 1791 1028 2072 1105; x_wconf 88' lang='lat' dir='ltr'><strong>principii</strong></span> <span class='ocrx_word' id='word_1_83' title='bbox 2117 1028 2280 1088; x_wconf 86' lang='lat' dir='ltr'><strong>simi-</strong></span> 
     </span>
     <span class='ocr_line' id='line_1_11' title="bbox 211 1110 2289 1188; baseline -0 -18"><span class='ocrx_word' id='word_1_84' title='bbox 211 1114 324 1172; x_wconf 90' lang='lat' dir='ltr'><strong>les.</strong></span> <span class='ocrx_word' id='word_1_85' title='bbox 361 1117 367 1122; x_wconf 77' lang='grc'><em>’</em></span> <span class='ocrx_word' id='word_1_86' title='bbox 415 1112 627 1172; x_wconf 83' lang='lat' dir='ltr'><strong>Omnia</strong></span> <span class='ocrx_word' id='word_1_87' title='bbox 672 1112 957 1186; x_wconf 78' lang='lat' dir='ltr'><strong>perfecit,</strong></span> <span class='ocrx_word' id='word_1_88' title='bbox 994 1128 1154 1186; x_wconf 89' lang='lat' dir='ltr'><strong>quae</strong></span> <span class='ocrx_word' id='word_1_89' title='bbox 1189 1120 1440 1175; x_wconf 82' lang='lat' dir='ltr'><strong>senatus</strong></span> <span class='ocrx_word' id='word_1_90' title='bbox 1471 1113 1644 1172; x_wconf 90' lang='lat' dir='ltr'><strong>salva</strong></span> <span class='ocrx_word' id='word_1_91' title='bbox 1670 1129 1738 1171; x_wconf 92' lang='lat' dir='ltr'><strong>re</strong></span> <span class='ocrx_word' id='word_1_92' title='bbox 1760 1112 2004 1188; x_wconf 87' lang='lat' dir='ltr'><strong>publica</strong></span> <span class='ocrx_word' id='word_1_93' title='bbox 2036 1129 2115 1172; x_wconf 91' lang='lat' dir='ltr'><strong>ne</strong></span> <span class='ocrx_word' id='word_1_94' title='bbox 2147 1110 2289 1171; x_wconf 80' lang='lat' dir='ltr'><strong>fieri</strong></span> 
     </span>
     <span class='ocr_line' id='line_1_12' title="bbox 211 1194 2277 1269; baseline -0 -15"><span class='ocrx_word' id='word_1_95' title='bbox 211 1204 473 1269; x_wconf 89' lang='lat' dir='ltr'><strong>possent</strong></span> <span class='ocrx_word' id='word_1_96' title='bbox 498 1196 854 1268; x_wconf 77' lang='lat' dir='ltr'><strong>perfecerat.</strong></span> <span class='ocrx_word' id='word_1_97' title='bbox 901 1194 1083 1254; x_wconf 85' lang='lat' dir='ltr'><strong>Cuius</strong></span> <span class='ocrx_word' id='word_1_98' title='bbox 1107 1203 1305 1254; x_wconf 89' lang='lat' dir='ltr'><strong>tamen</strong></span> <span class='ocrx_word' id='word_1_99' title='bbox 1331 1197 1537 1255; x_wconf 89' lang='lat' dir='ltr'><strong>scelus</strong></span> <span class='ocrx_word' id='word_1_100' title='bbox 1556 1195 1615 1254; x_wconf 90' lang='lat' dir='ltr'><strong>in</strong></span> <span class='ocrx_word' id='word_1_101' title='bbox 1648 1198 1880 1256; x_wconf 86' lang='lat' dir='ltr'><strong>scelere</strong></span> <span class='ocrx_word' id='word_1_102' title='bbox 1904 1195 2277 1269; x_wconf 86' lang='lat' dir='ltr'><strong>cognoscite.</strong></span> 
     </span>
    </p>

    <p class='ocr_par' dir='ltr' id='par_1_5' title="bbox 213 1276 2291 3518">
     <span class='ocr_line' id='line_1_13' title="bbox 338 1276 2278 1353; baseline 0.001 -17"><span class='ocrx_word' id='word_1_103' title='bbox 338 1276 547 1336; x_wconf 83' lang='lat' dir='ltr'><strong>xxlll.</strong></span> <span class='ocrx_word' id='word_1_104' title='bbox 582 1277 683 1338; x_wconf 87' lang='grc'><strong>56.</strong></span> <span class='ocrx_word' id='word_1_105' title='bbox 711 1276 1091 1338; x_wconf 82' lang='lat' dir='ltr'><strong>Restituebat</strong></span> <span class='ocrx_word' id='word_1_106' title='bbox 1120 1280 1340 1337; x_wconf 86' lang='lat' dir='ltr'><strong>multos</strong></span> <span class='ocrx_word' id='word_1_107' title='bbox 1373 1278 1779 1338; x_wconf 85' lang='lat' dir='ltr'><strong>calamitosos.</strong></span> <span class='ocrx_word' id='word_1_108' title='bbox 1866 1281 1931 1339; x_wconf 90' lang='lat' dir='ltr'><strong>ln</strong></span> <span class='ocrx_word' id='word_1_109' title='bbox 1969 1280 2044 1339; x_wconf 86' lang='lat' dir='ltr'><strong>iis</strong></span> <span class='ocrx_word' id='word_1_110' title='bbox 2087 1278 2278 1353; x_wconf 86' lang='lat' dir='ltr'><strong>patrui</strong></span> 
     </span>
     <span class='ocr_line' id='line_1_14' title="bbox 213 1360 2291 1432; baseline 0.001 -13"><span class='ocrx_word' id='word_1_111' title='bbox 213 1362 380 1421; x_wconf 87' lang='lat' dir='ltr'><strong>nulla</strong></span> <span class='ocrx_word' id='word_1_112' title='bbox 406 1360 651 1422; x_wconf 88' lang='lat' dir='ltr'><strong>mentio.</strong></span> <span class='ocrx_word' id='word_1_113' title='bbox 725 1360 790 1421; x_wconf 89' lang='lat' dir='ltr'><strong>Si</strong></span> <span class='ocrx_word' id='word_1_114' title='bbox 820 1376 1098 1432; x_wconf 79' lang='lat' dir='ltr'><strong>severuS,</strong></span> <span class='ocrx_word' id='word_1_115' title='bbox 1127 1376 1235 1420; x_wconf 89' lang='lat' dir='ltr'><strong>cur</strong></span> <span class='ocrx_word' id='word_1_116' title='bbox 1270 1377 1387 1420; x_wconf 90' lang='lat' dir='ltr'><strong>non</strong></span> <span class='ocrx_word' id='word_1_117' title='bbox 1426 1360 1484 1419; x_wconf 89' lang='lat' dir='ltr'><strong>in</strong></span> <span class='ocrx_word' id='word_1_118' title='bbox 1521 1368 1779 1420; x_wconf 72' lang='lat' dir='ltr'><strong>ornnes‘e</strong></span> <span class='ocrx_word' id='word_1_119' title='bbox 1813 1361 1874 1419; x_wconf 90' lang='lat' dir='ltr'><strong>Si</strong></span> <span class='ocrx_word' id='word_1_120' title='bbox 1906 1361 2291 1421; x_wconf 75' lang='lat' dir='ltr'><strong>misericors:</strong></span> 
     </span>
     <span class='ocr_line' id='line_1_15' title="bbox 213 1437 2283 1505; baseline -0.003 -2"><span class='ocrx_word' id='word_1_121' title='bbox 213 1459 325 1503; x_wconf 89' lang='lat' dir='ltr'><strong>cur</strong></span> <span class='ocrx_word' id='word_1_122' title='bbox 351 1460 474 1503; x_wconf 89' lang='lat' dir='ltr'><strong>non</strong></span> <span class='ocrx_word' id='word_1_123' title='bbox 505 1443 565 1503; x_wconf 92' lang='lat' dir='ltr'><strong>in</strong></span> <span class='ocrx_word' id='word_1_124' title='bbox 594 1450 785 1505; x_wconf 71' lang='lat' dir='ltr'><strong>suos?</strong></span> <span class='ocrx_word' id='word_1_125' title='bbox 819 1442 943 1504; x_wconf 89' lang='lat' dir='ltr'><strong>Sed</strong></span> <span class='ocrx_word' id='word_1_126' title='bbox 981 1442 1187 1504; x_wconf 84' lang='lat' dir='ltr'><strong>omitto</strong></span> <span class='ocrx_word' id='word_1_127' title='bbox 1226 1448 1489 1502; x_wconf 78' lang='lat' dir='ltr'><strong>ceteros,</strong></span> <span class='ocrx_word' id='word_1_128' title='bbox 1581 1437 1870 1501; x_wconf 80' lang='lat' dir='ltr'><strong>Licinium</strong></span> <span class='ocrx_word' id='word_1_129' title='bbox 1896 1440 2283 1501; x_wconf 88' lang='lat' dir='ltr'><strong>Denticulum</strong></span> 
     </span>
     <span class='ocr_line' id='line_1_16' title="bbox 214 1523 2281 1600; baseline -0.001 -14"><span class='ocrx_word' id='word_1_130' title='bbox 214 1527 293 1587; x_wconf 88' lang='lat' dir='ltr'><strong>de</strong></span> <span class='ocrx_word' id='word_1_131' title='bbox 317 1527 450 1587; x_wconf 88' lang='lat' dir='ltr'><strong>alea</strong></span> <span class='ocrx_word' id='word_1_132' title='bbox 486 1523 970 1598; x_wconf 79' lang='lat' dir='ltr'><strong>condemnatum,</strong></span> <span class='ocrx_word' id='word_1_133' title='bbox 997 1527 1364 1587; x_wconf 84' lang='lat' dir='ltr'><strong>collusorem</strong></span> <span class='ocrx_word' id='word_1_134' title='bbox 1400 1542 1593 1597; x_wconf 89' lang='lat' dir='ltr'><strong>suum,</strong></span> <span class='ocrx_word' id='word_1_135' title='bbox 1625 1528 1900 1596; x_wconf 86' lang='lat' dir='ltr'><strong>restituit,</strong></span> <span class='ocrx_word' id='word_1_136' title='bbox 1934 1525 2111 1600; x_wconf 82' lang='lat' dir='ltr'><strong>quasi</strong></span> <span class='ocrx_word' id='word_1_137' title='bbox 2137 1541 2281 1584; x_wconf 87' lang='lat' dir='ltr'><strong>vero</strong></span> 
     </span>
     <span class='ocr_line' id='line_1_17' title="bbox 213 1607 2283 1683; baseline -0.002 -13"><span class='ocrx_word' id='word_1_138' title='bbox 213 1611 426 1671; x_wconf 87' lang='lat' dir='ltr'><strong>ludere</strong></span> <span class='ocrx_word' id='word_1_139' title='bbox 471 1627 607 1670; x_wconf 91' lang='lat' dir='ltr'><strong>cum</strong></span> <span class='ocrx_word' id='word_1_140' title='bbox 656 1610 1057 1670; x_wconf 88' lang='lat' dir='ltr'><strong>condemnato</strong></span> <span class='ocrx_word' id='word_1_141' title='bbox 1103 1626 1222 1668; x_wconf 89' lang='lat' dir='ltr'><strong>non</strong></span> <span class='ocrx_word' id='word_1_142' title='bbox 1264 1608 1501 1669; x_wconf 82' lang='lat' dir='ltr'><strong>liceret:</strong></span> <span class='ocrx_word' id='word_1_143' title='bbox 1549 1610 1661 1669; x_wconf 89' lang='lat' dir='ltr'><strong>sed</strong></span> <span class='ocrx_word' id='word_1_144' title='bbox 1705 1619 1801 1682; x_wconf 88' lang='lat' dir='ltr'><strong>ut,</strong></span> <span class='ocrx_word' id='word_1_145' title='bbox 1854 1610 2020 1683; x_wconf 91' lang='lat' dir='ltr'><strong>quod</strong></span> <span class='ocrx_word' id='word_1_146' title='bbox 2058 1607 2115 1667; x_wconf 88' lang='lat' dir='ltr'><strong>in</strong></span> <span class='ocrx_word' id='word_1_147' title='bbox 2150 1610 2283 1667; x_wconf 85' lang='lat' dir='ltr'><strong>alea</strong></span> 
     </span>
     <span class='ocr_line' id='line_1_18' title="bbox 218 1690 2279 1769; baseline -0.001 -16"><span class='ocrx_word' id='word_1_148' title='bbox 218 1693 585 1769; x_wconf 83' lang='lat' dir='ltr'><strong>perdiderat,</strong></span> <span class='ocrx_word' id='word_1_149' title='bbox 614 1694 915 1754; x_wconf 87' lang='lat' dir='ltr'><strong>beneficio</strong></span> <span class='ocrx_word' id='word_1_150' title='bbox 945 1692 1100 1768; x_wconf 82' lang='lat' dir='ltr'><strong>legis</strong></span> <span class='ocrx_word' id='word_1_151' title='bbox 1135 1692 1519 1753; x_wconf 87' lang='lat' dir='ltr'><strong>dissolveret.</strong></span> <span class='ocrx_word' id='word_1_152' title='bbox 1608 1692 1796 1766; x_wconf 80' lang='lat' dir='ltr'><strong>Quam</strong></span> <span class='ocrx_word' id='word_1_153' title='bbox 1829 1691 2076 1752; x_wconf 81' lang='lat' dir='ltr'><strong>attulisti</strong></span> <span class='ocrx_word' id='word_1_154' title='bbox 2105 1690 2279 1751; x_wconf 87' lang='lat' dir='ltr'><strong>ratio·</strong></span> 
     </span>
     <span class='ocr_line' id='line_1_19' title="bbox 217 1774 2283 1852; baseline -0.003 -15"><span class='ocrx_word' id='word_1_155' title='bbox 217 1793 356 1837; x_wconf 91' lang='lat' dir='ltr'><strong>nem</strong></span> <span class='ocrx_word' id='word_1_156' title='bbox 387 1779 619 1852; x_wconf 88' lang='lat' dir='ltr'><strong>populo</strong></span> <span class='ocrx_word' id='word_1_157' title='bbox 650 1778 927 1838; x_wconf 88' lang='lat' dir='ltr'><strong>Romano</strong></span> <span class='ocrx_word' id='word_1_158' title='bbox 971 1792 1078 1836; x_wconf 92' lang='lat' dir='ltr'><strong>cur</strong></span> <span class='ocrx_word' id='word_1_159' title='bbox 1101 1793 1238 1836; x_wconf 91' lang='lat' dir='ltr'><strong>eum</strong></span> <span class='ocrx_word' id='word_1_160' title='bbox 1269 1776 1500 1837; x_wconf 85' lang='lat' dir='ltr'><strong>restitui</strong></span> <span class='ocrx_word' id='word_1_161' title='bbox 1539 1782 1891 1851; x_wconf 64' lang='lat' dir='ltr'><strong>oporteret?</strong></span> <span class='ocrx_word' id='word_1_162' title='bbox 1927 1774 2283 1845; x_wconf 85' lang='lat' dir='ltr'><strong>Absentem,</strong></span> 
     </span>
     <span class='ocr_line' id='line_1_20' title="bbox 216 1857 2283 1934; baseline -0.002 -14"><span class='ocrx_word' id='word_1_163' title='bbox 216 1861 423 1934; x_wconf 89' lang='lat' dir='ltr'><strong>cred0,</strong></span> <span class='ocrx_word' id='word_1_164' title='bbox 452 1862 512 1920; x_wconf 91' lang='lat' dir='ltr'><strong>in</strong></span> <span class='ocrx_word' id='word_1_165' title='bbox 542 1876 685 1922; x_wconf 87' lang='lat' dir='ltr'><strong>reos</strong></span> <span class='ocrx_word' id='word_1_166' title='bbox 717 1862 1001 1920; x_wconf 85' lang='lat' dir='ltr'><strong>relatum=</strong></span> <span class='ocrx_word' id='word_1_167' title='bbox 1032 1876 1158 1919; x_wconf 88' lang='lat' dir='ltr'><strong>rem</strong></span> <span class='ocrx_word' id='word_1_168' title='bbox 1189 1860 1415 1919; x_wconf 86' lang='lat' dir='ltr'><strong>indicta</strong></span> <span class='ocrx_word' id='word_1_169' title='bbox 1449 1876 1638 1919; x_wconf 86' lang='lat' dir='ltr'><strong>causa</strong></span> <span class='ocrx_word' id='word_1_170' title='bbox 1666 1857 2024 1919; x_wconf 73' lang='lat' dir='ltr'><strong>iudicatamz</strong></span> <span class='ocrx_word' id='word_1_171' title='bbox 2054 1859 2283 1917; x_wconf 88' lang='lat' dir='ltr'><strong>nullum</strong></span> 
     </span>
     <span class='ocr_line' id='line_1_21' title="bbox 217 1939 2281 2018; baseline -0 -16"><span class='ocrx_word' id='word_1_172' title='bbox 217 1943 412 2004; x_wconf 80' lang='lat' dir='ltr'><strong>fuisse</strong></span> <span class='ocrx_word' id='word_1_173' title='bbox 455 1943 533 2004; x_wconf 91' lang='lat' dir='ltr'><strong>de</strong></span> <span class='ocrx_word' id='word_1_174' title='bbox 574 1946 706 2004; x_wconf 85' lang='lat' dir='ltr'><strong>alea</strong></span> <span class='ocrx_word' id='word_1_175' title='bbox 747 1946 881 2018; x_wconf 83' lang='lat' dir='ltr'><strong>lege</strong></span> <span class='ocrx_word' id='word_1_176' title='bbox 928 1943 1244 2004; x_wconf 81' lang='lat' dir='ltr'><strong>iudicium:</strong></span> <span class='ocrx_word' id='word_1_177' title='bbox 1310 1942 1370 2002; x_wconf 82' lang='lat' dir='ltr'><strong>vi</strong></span> <span class='ocrx_word' id='word_1_178' title='bbox 1411 1958 1775 2018; x_wconf 88' lang='lat' dir='ltr'><strong>oppressum</strong></span> <span class='ocrx_word' id='word_1_179' title='bbox 1817 1952 1878 2004; x_wconf 87' lang='lat' dir='ltr'><strong>et</strong></span> <span class='ocrx_word' id='word_1_180' title='bbox 1915 1939 2130 2001; x_wconf 79' lang='lat' dir='ltr'><strong>armis:</strong></span> <span class='ocrx_word' id='word_1_181' title='bbox 2175 1957 2281 2016; x_wconf 90' lang='lat' dir='ltr'><strong>po·</strong></span> 
     </span>
     <span class='ocr_line' id='line_1_22' title="bbox 218 2023 2285 2102; baseline -0.002 -14"><span class='ocrx_word' id='word_1_182' title='bbox 218 2035 465 2100; x_wconf 91' lang='lat' dir='ltr'><strong>stremo,</strong></span> <span class='ocrx_word' id='word_1_183' title='bbox 510 2029 677 2101; x_wconf 92' lang='lat' dir='ltr'><strong>quod</strong></span> <span class='ocrx_word' id='word_1_184' title='bbox 701 2029 779 2087; x_wconf 92' lang='lat' dir='ltr'><strong>de</strong></span> <span class='ocrx_word' id='word_1_185' title='bbox 810 2035 1023 2101; x_wconf 88' lang='lat' dir='ltr'><strong>patruo</strong></span> <span class='ocrx_word' id='word_1_186' title='bbox 1054 2036 1156 2087; x_wconf 87' lang='lat' dir='ltr'><strong>tuo</strong></span> <span class='ocrx_word' id='word_1_187' title='bbox 1182 2027 1514 2100; x_wconf 86' lang='lat' dir='ltr'><strong>dicebatur,</strong></span> <span class='ocrx_word' id='word_1_188' title='bbox 1546 2028 1802 2102; x_wconf 85' lang='lat' dir='ltr'><strong>pecunia</strong></span> <span class='ocrx_word' id='word_1_189' title='bbox 1827 2023 2114 2085; x_wconf 88' lang='lat' dir='ltr'><strong>iudicium</strong></span> <span class='ocrx_word' id='word_1_190' title='bbox 2142 2041 2285 2084; x_wconf 91' lang='lat' dir='ltr'><strong>esse</strong></span> 
     </span>
     <span class='ocr_line' id='line_1_23' title="bbox 216 2107 2282 2184; baseline -0.003 -14"><span class='ocrx_word' id='word_1_191' title='bbox 216 2117 610 2184; x_wconf 64' lang='lat' dir='ltr'><strong>corruptum?</strong></span> <span class='ocrx_word' id='word_1_192' title='bbox 635 2110 791 2169; x_wconf 83' lang='lat' dir='ltr'><strong>Nihil</strong></span> <span class='ocrx_word' id='word_1_193' title='bbox 827 2111 1061 2171; x_wconf 89' lang='lat' dir='ltr'><strong>horum.</strong></span> <span class='ocrx_word' id='word_1_194' title='bbox 1117 2113 1200 2170; x_wconf 90' lang='lat' dir='ltr'><strong>At</strong></span> <span class='ocrx_word' id='word_1_195' title='bbox 1229 2110 1325 2169; x_wconf 89' lang='lat' dir='ltr'><strong>vir</strong></span> <span class='ocrx_word' id='word_1_196' title='bbox 1358 2110 1554 2170; x_wconf 92' lang='lat' dir='ltr'><strong>bonus</strong></span> <span class='ocrx_word' id='word_1_197' title='bbox 1583 2119 1642 2170; x_wconf 89' lang='lat' dir='ltr'><strong>et</strong></span> <span class='ocrx_word' id='word_1_198' title='bbox 1670 2126 1736 2169; x_wconf 92' lang='lat' dir='ltr'><strong>re</strong></span> <span class='ocrx_word' id='word_1_199' title='bbox 1767 2107 2012 2184; x_wconf 85' lang='lat' dir='ltr'><strong>publica</strong></span> <span class='ocrx_word' id='word_1_200' title='bbox 2042 2107 2282 2181; x_wconf 80' lang='lat' dir='ltr'><strong>dignus,</strong></span> 
     </span>
     <span class='ocr_line' id='line_1_24' title="bbox 215 2191 2285 2271; baseline -0.002 -19"><span class='ocrx_word' id='word_1_201' title='bbox 215 2193 370 2252; x_wconf 83' lang='lat' dir='ltr'><strong>Nihil</strong></span> <span class='ocrx_word' id='word_1_202' title='bbox 401 2193 465 2253; x_wconf 92' lang='lat' dir='ltr'><strong>id</strong></span> <span class='ocrx_word' id='word_1_203' title='bbox 496 2192 741 2268; x_wconf 88' lang='lat' dir='ltr'><strong>quidem</strong></span> <span class='ocrx_word' id='word_1_204' title='bbox 762 2194 838 2252; x_wconf 88' lang='lat' dir='ltr'><strong>ad</strong></span> <span class='ocrx_word' id='word_1_205' title='bbox 871 2194 1028 2254; x_wconf 84' lang='lat' dir='ltr'><strong>rem=</strong></span> <span class='ocrx_word' id='word_1_206' title='bbox 1075 2209 1189 2268; x_wconf 84' lang='lat' dir='ltr'><strong>ego</strong></span> <span class='ocrx_word' id='word_1_207' title='bbox 1219 2203 1452 2266; x_wconf 89' lang='lat' dir='ltr'><strong>tamen,</strong></span> <span class='ocrx_word' id='word_1_208' title='bbox 1497 2192 1782 2269; x_wconf 86' lang='lat' dir='ltr'><strong>quoniam</strong></span> <span class='ocrx_word' id='word_1_209' title='bbox 1819 2191 2285 2271; x_wconf 86' lang='lat' dir='ltr'><strong>condemnatum</strong></span> 
     </span>
     <span class='ocr_line' id='line_1_25' title="bbox 221 2272 2289 2350; baseline 0.001 -18"><span class='ocrx_word' id='word_1_210' title='bbox 221 2272 368 2335; x_wconf 81' lang='lat' dir='ltr'><strong>e&#39;sse</strong></span> <span class='ocrx_word' id='word_1_211' title='bbox 417 2291 533 2350; x_wconf 90' lang='lat' dir='ltr'><strong>pro</strong></span> <span class='ocrx_word' id='word_1_212' title='bbox 584 2275 771 2336; x_wconf 89' lang='lat' dir='ltr'><strong>nihilo</strong></span> <span class='ocrx_word' id='word_1_213' title='bbox 826 2285 951 2347; x_wconf 88' lang='lat' dir='ltr'><strong>est,</strong></span> <span class='ocrx_word' id='word_1_214' title='bbox 1005 2275 1091 2336; x_wconf 89' lang='lat' dir='ltr'><strong>ita</strong></span> <span class='ocrx_word' id='word_1_215' title='bbox 1141 2274 1548 2348; x_wconf 84' lang='lat' dir='ltr'><strong>ignoscerem.</strong></span> <span class='ocrx_word' id='word_1_216' title='bbox 1646 2274 1970 2337; x_wconf 89' lang='lat' dir='ltr'><strong>Hominem</strong></span> <span class='ocrx_word' id='word_1_217' title='bbox 2020 2276 2289 2335; x_wconf 87' lang='lat' dir='ltr'><strong>omnium</strong></span> 
     </span>
     <span class='ocr_line' id='line_1_26' title="bbox 221 2357 2287 2434; baseline 0.001 -18"><span class='ocrx_word' id='word_1_218' title='bbox 221 2357 697 2432; x_wconf 86' lang='lat' dir='ltr'><strong>nequissimum,</strong></span> <span class='ocrx_word' id='word_1_219' title='bbox 750 2360 855 2434; x_wconf 90' lang='lat' dir='ltr'><strong>qui</strong></span> <span class='ocrx_word' id='word_1_220' title='bbox 903 2375 1028 2420; x_wconf 90' lang='lat' dir='ltr'><strong>uon</strong></span> <span class='ocrx_word' id='word_1_221' title='bbox 1079 2357 1389 2419; x_wconf 86' lang='lat' dir='ltr'><strong>dubitaret</strong></span> <span class='ocrx_word' id='word_1_222' title='bbox 1438 2361 1536 2419; x_wconf 89' lang='lat' dir='ltr'><strong>vel</strong></span> <span class='ocrx_word' id='word_1_223' title='bbox 1586 2359 1648 2418; x_wconf 93' lang='lat' dir='ltr'><strong>in</strong></span> <span class='ocrx_word' id='word_1_224' title='bbox 1687 2360 1824 2418; x_wconf 84' lang='lat' dir='ltr'><strong>foro</strong></span> <span class='ocrx_word' id='word_1_225' title='bbox 1870 2362 2008 2420; x_wconf 85' lang='lat' dir='ltr'><strong>alea</strong></span> <span class='ocrx_word' id='word_1_226' title='bbox 2055 2360 2287 2428; x_wconf 85' lang='lat' dir='ltr'><strong>ludere,</strong></span> 
     </span>
     <span class='ocr_line' id='line_1_27' title="bbox 220 2443 2287 2520; baseline 0 -19"><span class='ocrx_word' id='word_1_227' title='bbox 220 2443 389 2516; x_wconf 82' lang='lat' dir='ltr'><strong>lege,</strong></span> <span class='ocrx_word' id='word_1_228' title='bbox 434 2459 593 2517; x_wconf 90' lang='lat' dir='ltr'><strong>quae</strong></span> <span class='ocrx_word' id='word_1_229' title='bbox 622 2453 718 2503; x_wconf 88' lang='lat' dir='ltr'><strong>est</strong></span> <span class='ocrx_word' id='word_1_230' title='bbox 745 2444 821 2503; x_wconf 88' lang='lat' dir='ltr'><strong>de</strong></span> <span class='ocrx_word' id='word_1_231' title='bbox 851 2446 1015 2515; x_wconf 88' lang='lat' dir='ltr'><strong>alea,</strong></span> <span class='ocrx_word' id='word_1_232' title='bbox 1059 2447 1528 2506; x_wconf 86' lang='lat' dir='ltr'><strong>condemnatum</strong></span> <span class='ocrx_word' id='word_1_233' title='bbox 1557 2444 1658 2520; x_wconf 90' lang='lat' dir='ltr'><strong>qui</strong></span> <span class='ocrx_word' id='word_1_234' title='bbox 1695 2445 1754 2505; x_wconf 87' lang='lat' dir='ltr'><strong>in</strong></span> <span class='ocrx_word' id='word_1_235' title='bbox 1787 2445 2082 2520; x_wconf 84' lang='lat' dir='ltr'><strong>integrum</strong></span> <span class='ocrx_word' id='word_1_236' title='bbox 2112 2443 2287 2504; x_wconf 85' lang='lat' dir='ltr'><strong>resti-</strong></span> 
     </span>
     <span class='ocr_line' id='line_1_28' title="bbox 220 2524 2286 2603; baseline 0 -19"><span class='ocrx_word' id='word_1_237' title='bbox 220 2526 346 2596; x_wconf 89' lang='lat' dir='ltr'><strong>tuit,</strong></span> <span class='ocrx_word' id='word_1_238' title='bbox 374 2524 428 2585; x_wconf 90' lang='lat' dir='ltr'><strong>is</strong></span> <span class='ocrx_word' id='word_1_239' title='bbox 461 2543 580 2586; x_wconf 90' lang='lat' dir='ltr'><strong>non</strong></span> <span class='ocrx_word' id='word_1_240' title='bbox 613 2528 999 2601; x_wconf 83' lang='lat' dir='ltr'><strong>apertissime</strong></span> <span class='ocrx_word' id='word_1_241' title='bbox 1031 2528 1294 2589; x_wconf 88' lang='lat' dir='ltr'><strong>studium</strong></span> <span class='ocrx_word' id='word_1_242' title='bbox 1332 2546 1507 2589; x_wconf 91' lang='lat' dir='ltr'><strong>suum</strong></span> <span class='ocrx_word' id='word_1_243' title='bbox 1536 2529 1672 2603; x_wconf 89' lang='lat' dir='ltr'><strong>ipse</strong></span> <span class='ocrx_word' id='word_1_244' title='bbox 1706 2530 2062 2602; x_wconf 69' lang='lat' dir='ltr'><strong>profitetur?</strong></span> <span class='ocrx_word' id='word_1_245' title='bbox 2089 2525 2190 2590; x_wconf 81' lang='lat'><strong>57.</strong></span> <span class='ocrx_word' id='word_1_246' title='bbox 2221 2529 2286 2584; x_wconf 90' lang='lat' dir='ltr'><strong>ln</strong></span> 
     </span>
     <span class='ocr_line' id='line_1_29' title="bbox 219 2608 2287 2687; baseline 0 -18"><span class='ocrx_word' id='word_1_247' title='bbox 219 2608 438 2669; x_wconf 88' lang='lat' dir='ltr'><strong>eodem</strong></span> <span class='ocrx_word' id='word_1_248' title='bbox 461 2625 606 2670; x_wconf 89' lang='lat' dir='ltr'><strong>vero</strong></span> <span class='ocrx_word' id='word_1_249' title='bbox 631 2610 956 2682; x_wconf 81' lang='lat' dir='ltr'><strong>tribunatu,</strong></span> <span class='ocrx_word' id='word_1_250' title='bbox 984 2628 1167 2683; x_wconf 87' lang='lat' dir='ltr'><strong>quum</strong></span> <span class='ocrx_word' id='word_1_251' title='bbox 1194 2612 1491 2673; x_wconf 85' lang='lat' dir='ltr'><strong>Caesarin</strong></span> <span class='ocrx_word' id='word_1_252' title='bbox 1508 2612 1859 2687; x_wconf 80' lang='lat' dir='ltr'><strong>Hispaniam</strong></span> <span class='ocrx_word' id='word_1_253' title='bbox 1887 2609 2287 2685; x_wconf 84' lang='lat' dir='ltr'><strong>proficiscens</strong></span> 
     </span>
     <span class='ocr_line' id='line_1_30' title="bbox 220 2691 2286 2768; baseline 0 -18"><span class='ocrx_word' id='word_1_254' title='bbox 220 2691 361 2751; x_wconf 90' lang='lat' dir='ltr'><strong>huic</strong></span> <span class='ocrx_word' id='word_1_255' title='bbox 402 2693 885 2753; x_wconf 87' lang='lat' dir='ltr'><strong>conculcandam</strong></span> <span class='ocrx_word' id='word_1_256' title='bbox 915 2693 1145 2754; x_wconf 86' lang='lat' dir='ltr'><strong>Italiam</strong></span> <span class='ocrx_word' id='word_1_257' title='bbox 1194 2695 1579 2765; x_wconf 88' lang='lat' dir='ltr'><strong>tradidisset,</strong></span> <span class='ocrx_word' id='word_1_258' title='bbox 1621 2711 1778 2768; x_wconf 81' lang='lat' dir='ltr'><strong>quae</strong></span> <span class='ocrx_word' id='word_1_259' title='bbox 1810 2694 1919 2754; x_wconf 76' lang='lat' dir='ltr'><strong>suit</strong></span> <span class='ocrx_word' id='word_1_260' title='bbox 1985 2694 2080 2752; x_wconf 92' lang='lat' dir='ltr'><strong>ius</strong></span> <span class='ocrx_word' id='word_1_261' title='bbox 2114 2708 2286 2767; x_wconf 83' lang='lat' dir='ltr'><strong>pera·</strong></span> 
     </span>
     <span class='ocr_line' id='line_1_31' title="bbox 219 2711 2286 2854; baseline 0.001 -21"><span class='ocrx_word' id='word_1_262' title='bbox 219 2774 413 2848; x_wconf 80' lang='lat' dir='ltr'><strong>gratio</strong></span> <span class='ocrx_word' id='word_1_263' title='bbox 452 2775 767 2850; x_wconf 83' lang='lat' dir='ltr'><strong>itinerum,</strong></span> <span class='ocrx_word' id='word_1_264' title='bbox 811 2776 1089 2838; x_wconf 87' lang='lat' dir='ltr'><strong>lustratio</strong></span> <span class='ocrx_word' id='word_1_265' title='bbox 1131 2778 1628 2854; x_wconf 82' lang='lat' dir='ltr'><strong>municipiorum!</strong></span> <span class='ocrx_word' id='word_1_266' title='bbox 1678 2777 1821 2838; x_wconf 86' lang='lat' dir='ltr'><strong>Scio</strong></span> <span class='ocrx_word' id='word_1_267' title='bbox 1863 2711 1980 2837; x_wconf 50' lang='lat' dir='ltr'><strong>m?</strong></span> <span class='ocrx_word' id='word_1_268' title='bbox 1999 2776 2056 2834; x_wconf 90' lang='lat' dir='ltr'><strong>in</strong></span> <span class='ocrx_word' id='word_1_269' title='bbox 2101 2777 2286 2836; x_wconf 89' lang='lat' dir='ltr'><strong>rebus</strong></span> 
     </span>
     <span class='ocr_line' id='line_1_32' title="bbox 221 2857 2285 2934; baseline 0.001 -17"><span class='ocrx_word' id='word_1_270' title='bbox 221 2857 718 2920; x_wconf 88' lang='lat' dir='ltr'><strong>celebratissimis</strong></span> <span class='ocrx_word' id='word_1_271' title='bbox 763 2860 1034 2930; x_wconf 61' lang='lat' dir='ltr'><strong>,omnium</strong></span> <span class='ocrx_word' id='word_1_272' title='bbox 1076 2877 1357 2922; x_wconf 89' lang='lat' dir='ltr'><strong>sermone</strong></span> <span class='ocrx_word' id='word_1_273' title='bbox 1387 2861 1650 2930; x_wconf 83' lang='lat' dir='ltr'><strong>versari,</strong></span> <span class='ocrx_word' id='word_1_274' title='bbox 1685 2878 1912 2934; x_wconf 86' lang='lat' dir='ltr'><strong>eaque,</strong></span> <span class='ocrx_word' id='word_1_275' title='bbox 1956 2875 2114 2934; x_wconf 90' lang='lat' dir='ltr'><strong>quae</strong></span> <span class='ocrx_word' id='word_1_276' title='bbox 2145 2859 2285 2920; x_wconf 90' lang='lat' dir='ltr'><strong>dico</strong></span> 
     </span>
     <span class='ocr_line' id='line_1_33' title="bbox 218 2941 2288 3025; baseline 0.002 -25"><span class='ocrx_word' id='word_1_277' title='bbox 218 2941 616 3016; x_wconf 84' lang='lat' dir='ltr'><strong>dicturusque</strong></span> <span class='ocrx_word' id='word_1_278' title='bbox 642 2959 798 3016; x_wconf 89' lang='lat' dir='ltr'><strong>sum,</strong></span> <span class='ocrx_word' id='word_1_279' title='bbox 828 2945 1065 3004; x_wconf 87' lang='lat' dir='ltr'><strong>notiora</strong></span> <span class='ocrx_word' id='word_1_280' title='bbox 1087 2960 1230 3004; x_wconf 88' lang='lat' dir='ltr'><strong>esse</strong></span> <span class='ocrx_word' id='word_1_281' title='bbox 1253 2945 1553 3014; x_wconf 79' lang='lat' dir='ltr'><strong>omuibuS,</strong></span> <span class='ocrx_word' id='word_1_282' title='bbox 1586 2945 1689 3018; x_wconf 92' lang='lat' dir='ltr'><strong>qui</strong></span> <span class='ocrx_word' id='word_1_283' title='bbox 1718 2944 1777 3004; x_wconf 90' lang='lat' dir='ltr'><strong>in</strong></span> <span class='ocrx_word' id='word_1_284' title='bbox 1808 2943 1975 3025; x_wconf 82' lang='lat' dir='ltr'><strong>ltalia</strong></span> <span class='ocrx_word' id='word_1_285' title='bbox 2005 2953 2129 3005; x_wconf 90' lang='lat' dir='ltr'><strong>tum</strong></span> <span class='ocrx_word' id='word_1_286' title='bbox 2160 2945 2288 3005; x_wconf 81' lang='lat' dir='ltr'><strong>fue-</strong></span> 
     </span>
     <span class='ocr_line' id='line_1_34' title="bbox 216 3025 2287 3102; baseline 0.001 -20"><span class='ocrx_word' id='word_1_287' title='bbox 216 3033 384 3099; x_wconf 88' lang='lat' dir='ltr'><strong>runt,</strong></span> <span class='ocrx_word' id='word_1_288' title='bbox 417 3030 600 3101; x_wconf 81' lang='lat' dir='ltr'><strong>quam</strong></span> <span class='ocrx_word' id='word_1_289' title='bbox 632 3025 810 3099; x_wconf 84' lang='lat' dir='ltr'><strong>mihi,</strong></span> <span class='ocrx_word' id='word_1_290' title='bbox 856 3027 958 3101; x_wconf 91' lang='lat' dir='ltr'><strong>qui</strong></span> <span class='ocrx_word' id='word_1_291' title='bbox 1003 3044 1124 3087; x_wconf 90' lang='lat' dir='ltr'><strong>non</strong></span> <span class='ocrx_word' id='word_1_292' title='bbox 1157 3027 1272 3088; x_wconf 70' lang='lat' dir='ltr'><strong>sui.</strong></span> <span class='ocrx_word' id='word_1_293' title='bbox 1359 3029 1595 3088; x_wconf 87' lang='lat' dir='ltr'><strong>Notabo</strong></span> <span class='ocrx_word' id='word_1_294' title='bbox 1624 3039 1820 3088; x_wconf 86' lang='lat' dir='ltr'><strong>tamen</strong></span> <span class='ocrx_word' id='word_1_295' title='bbox 1854 3027 2126 3102; x_wconf 83' lang='lat' dir='ltr'><strong>singulas</strong></span> <span class='ocrx_word' id='word_1_296' title='bbox 2154 3044 2287 3087; x_wconf 70' lang='lat' dir='ltr'><strong>ress</strong></span> 
     </span>
     <span class='ocr_line' id='line_1_35' title="bbox 217 3108 2288 3184; baseline -0 -16"><span class='ocrx_word' id='word_1_297' title='bbox 217 3109 329 3168; x_wconf 88' lang='lat' dir='ltr'><strong>etsi</strong></span> <span class='ocrx_word' id='word_1_298' title='bbox 353 3109 519 3170; x_wconf 89' lang='lat' dir='ltr'><strong>nullo</strong></span> <span class='ocrx_word' id='word_1_299' title='bbox 534 3108 718 3170; x_wconf 92' lang='lat' dir='ltr'><strong>modo</strong></span> <span class='ocrx_word' id='word_1_300' title='bbox 735 3110 958 3184; x_wconf 86' lang='lat' dir='ltr'><strong>poterit</strong></span> <span class='ocrx_word' id='word_1_301' title='bbox 977 3111 1172 3171; x_wconf 86' lang='lat' dir='ltr'><strong>oratio</strong></span> <span class='ocrx_word' id='word_1_302' title='bbox 1196 3128 1329 3172; x_wconf 88' lang='lat' dir='ltr'><strong>mea</strong></span> <span class='ocrx_word' id='word_1_303' title='bbox 1345 3111 1710 3171; x_wconf 85' lang='lat' dir='ltr'><strong>satisfacere</strong></span> <span class='ocrx_word' id='word_1_304' title='bbox 1728 3120 1965 3171; x_wconf 79' lang='lat' dir='ltr'><strong>vestrae</strong></span> <span class='ocrx_word' id='word_1_305' title='bbox 1979 3109 2288 3170; x_wconf 84' lang='lat' dir='ltr'><strong>scientiae.</strong></span> 
     </span>
     <span class='ocr_line' id='line_1_36' title="bbox 215 3191 2288 3268; baseline 0 -18"><span class='ocrx_word' id='word_1_306' title='bbox 215 3191 450 3253; x_wconf 88' lang='lat' dir='ltr'><strong>Etenim</strong></span> <span class='ocrx_word' id='word_1_307' title='bbox 466 3193 636 3267; x_wconf 86' lang='lat' dir='ltr'><strong>quod</strong></span> <span class='ocrx_word' id='word_1_308' title='bbox 653 3209 940 3268; x_wconf 88' lang='lat' dir='ltr'><strong>umquam</strong></span> <span class='ocrx_word' id='word_1_309' title='bbox 953 3192 1012 3252; x_wconf 89' lang='lat' dir='ltr'><strong>in</strong></span> <span class='ocrx_word' id='word_1_310' title='bbox 1031 3195 1210 3255; x_wconf 80' lang='lat' dir='ltr'><strong>terris·</strong></span> <span class='ocrx_word' id='word_1_311' title='bbox 1224 3204 1452 3255; x_wconf 88' lang='lat' dir='ltr'><strong>tantum</strong></span> <span class='ocrx_word' id='word_1_312' title='bbox 1470 3193 1762 3268; x_wconf 79' lang='lat' dir='ltr'><strong>flagitium</strong></span> <span class='ocrx_word' id='word_1_313' title='bbox 1777 3193 2089 3254; x_wconf 83' lang='lat' dir='ltr'><strong>exstitisse</strong></span> <span class='ocrx_word' id='word_1_314' title='bbox 2116 3192 2288 3253; x_wconf 89' lang='lat' dir='ltr'><strong>audi-</strong></span> 
     </span>
     <span class='ocr_line' id='line_1_37' title="bbox 218 3273 2286 3352; baseline 0 -18"><span class='ocrx_word' id='word_1_315' title='bbox 218 3291 337 3334; x_wconf 84' lang='lat' dir='ltr'><strong>tum</strong></span> <span class='ocrx_word' id='word_1_316' title='bbox 357 3282 494 3337; x_wconf 67' lang='lat' dir='ltr'><strong>est?</strong></span> <span class='ocrx_word' id='word_1_317' title='bbox 517 3284 741 3336; x_wconf 88' lang='lat' dir='ltr'><strong>tantam</strong></span> <span class='ocrx_word' id='word_1_318' title='bbox 757 3277 1187 3352; x_wconf 85' lang='lat' dir='ltr'><strong>turpitudinem</strong></span> <span class='ocrx_word' id='word_1_319' title='bbox 1204 3285 1233 3337; x_wconf 67' lang='lat'><em>2</em></span> <span class='ocrx_word' id='word_1_320' title='bbox 1257 3287 1482 3338; x_wconf 86' lang='lat' dir='ltr'><strong>tantum</strong></span> <span class='ocrx_word' id='word_1_321' title='bbox 1500 3276 1773 3351; x_wconf 84' lang='lat' dir='ltr'><strong>dedecus</strong></span> <span class='ocrx_word' id='word_1_322' title='bbox 1786 3284 1815 3335; x_wconf 65' lang='lat'><em>3</em></span> <span class='ocrx_word' id='word_1_323' title='bbox 1827 3277 2036 3337; x_wconf 89' lang='lat' dir='ltr'><strong>XXIV.</strong></span> <span class='ocrx_word' id='word_1_324' title='bbox 2053 3273 2153 3336; x_wconf 83' lang='lat'><strong>58.</strong></span> <span class='ocrx_word' id='word_1_325' title='bbox 2166 3277 2286 3334; x_wconf 84' lang='lat' dir='ltr'><strong>Ve-</strong></span> 
     </span>
     <span class='ocr_line' id='line_1_38' title="bbox 218 3356 2287 3436; baseline -0.001 -21"><span class='ocrx_word' id='word_1_326' title='bbox 218 3356 470 3419; x_wconf 84' lang='lat' dir='ltr'><strong>hebatur</strong></span> <span class='ocrx_word' id='word_1_327' title='bbox 496 3358 557 3418; x_wconf 90' lang='lat' dir='ltr'><strong>in</strong></span> <span class='ocrx_word' id='word_1_328' title='bbox 586 3361 825 3429; x_wconf 86' lang='lat' dir='ltr'><strong>essedo</strong></span> <span class='ocrx_word' id='word_1_329' title='bbox 842 3359 1121 3421; x_wconf 89' lang='lat' dir='ltr'><strong>tribunus</strong></span> <span class='ocrx_word' id='word_1_330' title='bbox 1148 3361 1379 3436; x_wconf 83' lang='lat' dir='ltr'><strong>plebis=</strong></span> <span class='ocrx_word' id='word_1_331' title='bbox 1418 3361 1663 3421; x_wconf 89' lang='lat' dir='ltr'><strong>lictores</strong></span> <span class='ocrx_word' id='word_1_332' title='bbox 1692 3359 1942 3419; x_wconf 87' lang='lat' dir='ltr'><strong>laureati</strong></span> <span class='ocrx_word' id='word_1_333' title='bbox 1967 3357 2287 3417; x_wconf 89' lang='lat' dir='ltr'><strong>antecede-</strong></span> 
     </span>
     <span class='ocr_line' id='line_1_39' title="bbox 217 3435 2286 3518; baseline -0.002 -18"><span class='ocrx_word' id='word_1_334' title='bbox 217 3439 360 3502; x_wconf 87' lang='lat' dir='ltr'><strong>bant</strong></span> <span class='ocrx_word' id='word_1_335' title='bbox 373 3465 388 3496; x_wconf 84' lang='lat'>=</span> <span class='ocrx_word' id='word_1_336' title='bbox 417 3442 573 3503; x_wconf 83' lang='lat' dir='ltr'><strong>inter</strong></span> <span class='ocrx_word' id='word_1_337' title='bbox 586 3450 744 3518; x_wconf 89' lang='lat' dir='ltr'><strong>quos</strong></span> <span class='ocrx_word' id='word_1_338' title='bbox 760 3442 1196 3518; x_wconf 88' lang='lat' dir='ltr'><strong>apertalectica</strong></span> <span class='ocrx_word' id='word_1_339' title='bbox 1210 3445 1392 3504; x_wconf 89' lang='lat' dir='ltr'><strong>mima</strong></span> <span class='ocrx_word' id='word_1_340' title='bbox 1413 3443 1794 3518; x_wconf 70' lang='lat' dir='ltr'><strong>portabaturz</strong></span> <span class='ocrx_word' id='word_1_341' title='bbox 1821 3456 2001 3514; x_wconf 84' lang='lat' dir='ltr'><strong>quam</strong></span> <span class='ocrx_word' id='word_1_342' title='bbox 2017 3454 2097 3498; x_wconf 87' lang='lat' dir='ltr'><strong>ex</strong></span> <span class='ocrx_word' id='word_1_343' title='bbox 2114 3435 2286 3509; x_wconf 89' lang='lat' dir='ltr'><strong>oppi-</strong></span> 
     </span>
    </p>
   </div>
  </div>
 </body>
</html>
