2514 3928
315 264 438 324 402
566 265 641 322 ΙΝ
670 262 751 334 Μ.
779 260 1184 321 ANTONIUM
1214 260 1498 321 ORATIO
1534 262 1957 321 PHILIPPICA
1990 264 2158 324 vul.
2324 276 2427 329 104

314 421 517 489 Atque
560 413 651 472 ais
693 420 933 473 eumte
972 428 1115 471 esse
1162 411 1270 486 qui
1312 428 1555 486 semper
1590 428 1804 487 pacem
1839 417 2104 488 optariS,
2157 431 2424 493 semper

314 512 524 556 omnes
576 494 744 556 cives
790 492 1060 555 volueris
1103 496 1333 555 salvos.
1420 496 1694 556 Honesta
1736 495 1959 558 oratio:
2018 499 2141 558 sed
2188 499 2315 572 ita,
2368 502 2418 562 si

315 581 510 641 bonos
555 585 616 638 et
657 578 836 639 utiles
872 586 941 638 ‹et
979 594 1014 637 e
1059 595 1125 639 re
1169 579 1412 653 publica
1446 578 1655 638 cives:
1690 573 1803 638 ‘sin
1849 595 1990 653 coS,
2043 580 2159 655 qui
2194 591 2416 644 natura

322 664 480 723 :ives
511 670 670 736 sunt,
704 662 1012 723 volunt-ate
1047 660 1279 732 bosteS,
1313 661 1730 733 salvosveliS,
1758 662 1910 738 quid
1937 665 2199 725 tandem
2226 665 2414 729 inter-

311 747 389 807 sit
426 747 581 806 inter
623 753 680 806 te
723 752 783 805 et
820 745 1001 805 illos?
1069 745 1245 805 Pater
1292 750 1436 804 tuus
1490 745 1768 820 quidem,
1813 763 1936 820 quo
1980 748 2217 808 utebar
2252 767 2416 817 *sene

309 830 695 901 adolescens,
719 828 1189 889 homoseverus
1214 833 1276 887 et
1302 829 1589 902 prudens,
1622 830 1849 904 primas
1873 830 2148 890 omnium
2179 832 2415 894 civium

309 912 369 972 P.
402 913 689 984 Nasicae,
733 910 838 985 qui
866 910 953 971 Ti.
986 910 1326 972 Gracchum
1373 910 1701 985 interfecit,
1742 913 1894 973 dare
1936 915 2227 975 solebat:
2277 917 2416 978 eius

313 998 554 1067 virtute,
599 995 886 1066 consilio,
920 993 1336 1069 magnitudine
1371 994 1895 1055 animiliberatam
1923 1013 2052 1058 rem
2086 999 2413 1073 publicam

309 1078 726 1139 arbitrabatur.
816 1075 914 1137 14.
957 1076 1159 1149 Quid?
1203 1096 1318 1139 nos
1356 1096 1395 1137 a
1436 1077 1711 1153 patribus
1758 1095 1901 1139 num
1940 1080 2116 1141 aliter
2154 1086 2410 1159 accepi·

308 1169 485 1223 mus?
535 1162 698 1236 Ergo
733 1162 786 1221 is
811 1159 1125 1234 tibicivie,
1159 1161 1214 1221 si
1242 1161 1620 1236 temporibus
1640 1161 1769 1222 illis
1799 1164 2057 1236 fu·isseS‚
2093 1182 2231 1225 non
2270 1185 2412 1242 pro·

308 1248 581 1317 baretur,
637 1244 779 1319 quia
813 1249 952 1304 'non
997 1261 1212 1305 omnes
1255 1245 1469 1305 salvos
1504 1262 1654 1305 esse
1696 1246 2010 1307 voluisset.
2102 1248 2299 1322 Quen
2348 1252 2406 1309 L.

308 1328 560 1388 Ormms
592 1335 815 1389 cousm.
853 1344 1051 1387 vssnnA
1079 1345 1246 1388 mcrr
1273 1344 1348 1387 m:
1378 1345 1454 1387 nn
1474 1345 1751 1402 ‘pneumon
1786 1345 1861 1388 nn
1888 1345 1970 1388 EA
1999 1346 2080 1388 nr:
2116 1348 2238 1392 rm
2275 1351 2406 1393 cnu-

306 1428 596 1484 suenum,
649 1428 743 1471 un
781 1411 850 1471 L.
896 1411 1149 1473 omnus
1202 1426 1423 1472 consur.
1472 1429 1596 1471 nau
1638 1428 1933 1472 ruemcim
1985 1430 2408 1477 perennant-r.

306 1497 570 1557 Senatus
601 1495 755 1556 haec
787 1496 1009 1571 verme,
1043 1494 1318 1570 Opimius
1348 1494 1553 1555 armis.
1596 1496 1751 1556 Num
1782 1496 1961 1571 igitur
1986 1514 2150 1570 eum,
2191 1501 2251 1560 si
2288 1512 2405 1563 tum

305 1596 513 1653 esseS‚
553 1578 938 1641 temerarium
980 1578 1177 1639 civem
1217 1588 1324 1640 aut
1353 1580 1658 1639 crudelem
1691 1588 1984 1654 putares?
2023 1591 2138 1643 aut
2166 1583 2251 1657 Q.
2282 1585 2403 1645 Me·

317 1669 549 1741 tellum,
603 1670 777 1730 cuius
822 1678 1114 1745 quattuor
1153 1669 1265 1731 filii
1286 1671 1688 1732 consulares?
1730 1670 1793 1728 P.
1829 1668 2193 1738 Lentulum,
2244 1670 2403 1744 prin·

315 1752 843 1826 cipemesenatuS,
895 1756 1247 1829 complures
1297 1753 1457 1815 alios
1504 1768 1780 1815 summos
1833 1751 2028 1820 viros,
2084 1751 2205 1825 qui
2267 1769 2401 1811 cum

316 1838 550 1914 Opimio
607 1840 860 1915 consule
910 1837 1123 1898 armati
1166 1838 1504 1897 Gracchum
1557 1836 1616 1897 in
1659 1836 2023 1898 Aventinum
2088 1839 2406 1913 persecuti

316 1929 484 1996 sunt,
529 1938 653 1996 quo
685 1923 741 1981 in
777 1921 1011 1998 proelio
1041 1922 1335 1983 Lentulus
1366 1937 1552 1996 grave
1583 1922 1803 1983 vulnus
1839 1922 2109 1996 accepit,
2156 1922 2405 1986 intert'e

314 2016 446 2067 ctus
497 2015 592 2066 est
632 2005 945 2067 Gracchus
990 2013 1050 2067 et
1101 2006 1179 2064 M.
1223 2006 1474 2066 Fulvius
1521 2005 1893 2077 consularis,
1954 2006 2235 2082 eiusque
2290 2010 2406 2070 duo

314 2088 753 2150 adolescentuli
800 2090 935 2150 filii.
1021 2091 1111 2149 Illi
1162 2088 1345 2164 igitur
1390 2089 1504 2149 viri
1562 2088 1961 2164 vituperandi.
2048 2090 2194 2151 Non
2252 2092 2406 2152 enim

314 2189 526 2233 omnes
576 2173 745 2233 cives
792 2174 1001 2234 salvos
1052 2189 1195 2233 esse
1254 2175 1595 2234 voluerunt.
1679 2175 1756 2232 V.
1808 2169 1900 2233 15.
1960 2173 2053 2232 Ad
2103 2175 2405 2252 propiora

315 2254 647 2317 veniamus.
739 2256 799 2318 C.
830 2256 1023 2316 Mario
1054 2255 1396 2317 L.»Valerio
1441 2254 1797 2317 consulibus
1839 2252 2095 2316 senatus
2126 2274 2270 2319 rem
2306 2277 2402 2333 pu-

317 2338 529 2398 blicam
560 2339 1009 2399 defendendam
1039 2339 1237 2401 dedit:
1281 2342 1344 2400 L.
1375 2339 1736 2401 Saturninus
1768 2338 2044 2399 tribunus
2080 2342 2317 2416 plebis,
2348 2343 2400 2402 c.

315 2420 564 2483 Glaucia
596 2429 839 2497 praetor
861 2430 961 2484 *est
988 2422 1361 2484 interfectus.
1450 2423 1675 2484 Omnes
1703 2424 1806 2483 illo
1844 2422 1946 2483 die
1976 2423 2235 2497 Scauri,
2284 2426 2397 2485 Me-

312 2505 465 2579 telli,
521 2505 780 2578 Claudii,
834 2507 1055 2580 Catuli,
1106 2507 1474 2579 Scaevolae,
1521 2507 1725 2569 Crassi
1768 2509 1933 2566 arma
1976 2518 2397 2582 sumpserunt.

309 2590 461 2651 Num
505 2599 609 2651 aut
654 2592 945 2652 consules
989 2589 1127 2651 illos
1173 2597 1279 2651 aut
1322 2591 1698 2653 clarissimos
1742 2591 1910 2651 viros
1949 2589 2399 2666 vituperandos

314 2682 536 2752 putas?
618 2674 749 2750 Ego
803 2675 1112 2736 Catilinam
1163 2673 1361 2749 perire
1408 2675 1594 2736 volui.
1680 2675 1835 2735 Num
1879 2684 1967 2743 tu,
2027 2674 2137 2749 qui
2181 2692 2399 2736 omnes

311 2761 519 2820 salvos
565 2759 690 2832 vis,
743 2757 1051 2819 Catilinam
1095 2759 1329 2818 salvum
1369 2775 1514 2819 esse
1557 2758 1848 2819 voluisti?
1931 2759 2064 2818 Hoc
2120 2759 2398 2830 interest,

311 2843 552 2916 Calene,
586 2842 740 2902 inter
772 2858 988 2903 meam*
1002 2842 1366 2903 sententiam
1385 2851 1446 2904 et
1466 2849 1658 2903 tuam=
1705 2857 1822 2916 ego
1848 2843 1988 2901 nolo
2019 2857 2399 2918 quemquam

312 2926 509 2985 civem
540 2924 914 2988 committere
941 2933 1008 2986 ut
1029 2933 1226 2986 morte
1273 2926 1625 2986 multandus
1671 2924 1778 2986 sit=
1826 2931 1906 2996 tu,
1935 2925 2117 2984 etiam
2148 2926 2204 2986 si
2232 2943 2398 2987 com·

312 3007 558 3078 miserit,
589 3010 1079 3070 ‘conservandum
1115 3018 1316 3083 putas.
1404 3011 1471 3068 ln
1501 3024 1763 3084 corpore
1793 3009 1847 3069 si
1882 3007 2028 3083 quid
2058 3008 2197 3070 eius
2228 3007 2400 3071 modi

307 3100 406 3151 est
437 3091 603 3165 quod
636 3092 873 3167 reliquo
905 3093 1147 3169 corpori
1179 3101 1414 3165 noceat,
1447 3091 1509 3152 id
1540 3091 1630 3153 uri
1659 3091 1981 3168 secarique
2015 3091 2308 3166 patimur,
2339 3101 2399 3153 ut

313 3173 641 3232 membrum
674 3174 919 3250 aliquod
957 3175 1163 3251 potius
1196 3193 1378 3252 quam
1412 3184 1600 3237 totum
1627 3192 1856 3250 corpus
1880 3175 2166 3236 intereat:
2212 3176 2312 3236 sic
2340 3176 2397 3235 in

314 3255 395 3313 rei
430 3253 709 3328 publicae
733 3274 1022 3332 -corpore,
1056 3267 1119 3319 ut
1156 3262 1610 3321 totumsalvum
1635 3259 1732 3332 sit,
1764 3259 2062 3335 quidquid
2083 3267 2184 3319 est
2205 3259 2397 3333 pesu-

305 3337 534 3409 ferum,
579 3347 936 3414 amputetur.
1027 3342 1126 3405 16.
1173 3345 1335 3404 Dura
1381 3360 1536 3404 voxz
1581 3344 1769 3403 multo
1802 3344 1904 3402 illa
1931 3339 2173 3402 durior=
2221 3340 2398 3402 Salvi

310 3417 431 3478 sint
461 3419 750 3493 improbi,
786 3425 1084 3498 scelerati,
1115 3426 1313 3501 impii=
1361 3429 1677 3488 deleantur
1705 3427 2087 3496 innocenteS,
2121 3423 2395 3497 honesti,

301 3498 471 3573 boni,
502 3510 626 3562 tota
652 3519 752 3562 res
786 3505 1058 3579 publica!
1147 3508 1285 3570 Uno
1317 3509 1378 3570 in
1407 3509 1671 3584 homine,
1703 3509 1769 3583 Q.
1799 3509 1949 3584 Fufi,
1983 3510 2180 3569 fateor
2207 3515 2275 3570 te
2306 3506 2395 3569 vi-
