2514 3928
254 268 378 332 310
550 270 626 328 IN
653 269 730 327 M.
763 269 1167 331 ANTOMUM
1198 270 1480 331 ostano
1511 239 1930 332 PfflLwPch
1968 273 2009 330 1.
2264 287 2326 336 ω

256 420 532 496 inquam,
577 428 813 481 mortuo
846 420 1091 482 Caesari
1132 431 1276 482 nota
1323 423 1402 481 ad
1447 421 1832 497 ignominiam
1872 421 2322 498 sempiternam.

255 505 334 566 Ut
373 505 531 563 enim
572 512 820 579 propter
842 505 1022 566 unius
1053 506 1130 563 Μ.
1155 504 1366 565 Manlii
1398 508 1602 566 scelus
1636 507 1883 567 decreto
1931 507 2131 580 gentis
2158 509 2324 568 Man-

257 588 372 648 liae
397 587 696 658 neminem
728 588 1349 661 patriciumManlium
1389 592 1664 651 Marcum
1693 589 1899 650 vocari
1930 590 2096 661 licet,
2139 590 2229 651 sic
2269 601 2328 656 tu

258 681 505 747 propter
529 672 708 732 unius
744 671 1054 733 dictatoris
1077 671 1280 732 odium
1305 688 1524 732 nomen
1555 671 1867 734 dictatoris
1897 672 2168 734 funditus
2190 690 2329 735 sus·

261 755 463 818 tulisti.
520 754 620 817 33.
649 755 803 816 Num
832 763 916 828 te,
967 772 1152 831 quum
1187 756 1341 815 haec
1373 773 1484 830 pro
1510 757 1706 817 salute
1735 755 1825 816 rei
1854 756 2139 831 publicae
2166 765 2333 817 tanta

257 840 593 914 gessisseS,
632 842 908 900 fortunae
948 849 1112 912 tuae,
1159 856 1302 899 num
1341 838 1785 913 amplitudiniS‚
1832 857 1972 899 num
2022 838 2333 913 claritatiS,

259 940 399 984 num
430 922 662 997 gloriae
699 922 1088 998 poenitebat?
1130 924 1303 983 Unde
1335 920 1515 998 igitur
1553 923 1756 984 subito
1789 931 1950 985 tanta
1985 924 2101 984 ista
2130 931 2329 985 muta·

261 1006 387 1068 tio?
429 1008 557 1067 Non
593 1023 848 1102 possum
884 1006 1106 1066 adduci
1136 1014 1201 1067 ut
1229 1006 1513 1081 suspicer
1545 1015 1604 1066 te
1642 1006 1902 1082 pecunia
1932 1014 2195 1081 captum.
2229 1008 2330 1067 Li-

262 1100 360 1151 cet
404 1090 569 1184 quod
608 1090 832 1165 cuique
879 1090 1023 1152 libet
1061 1090 1364 1165 loquatur.
1465 1090 1727 1150 Credere
1768 1108 1891 1152 non
1922 1098 2019 1152 est
2049 1106 2333 1151 necesse.

257 1173 412 1232 Nihil
455 1171 614 1234 enim
662 1190 946 1248 umquam
988 1173 1046 1231 in
1090 1181 1147 1233 te
1189 1174 1536 1247 sordidum,
1588 1173 1734 1236 nihil
1776 1172 2001 1242 humile
2042 1172 2332 1249 cognovi.

261 1256 636 1331 Quamquam
682 1258 883 1318 solent
925 1240 1246 1318 domestici
1282 1258 1619 1333 depravare
1662 1274 1782 1317 non
1822 1274 2184 1332 numquam·
2216 1258 2331 1319 sed

260 1340 404 1401 novi
447 1340 786 1402 firmitatem
834 1348 1015 1402 tuam.
1101 1344 1315 1416 Atque
1348 1340 1571 1401 utinam
1611 1349 1677 1401 ut
1716 1343 1989 1415 culpam,
2024 1340 2114 1400 sic
2150 1341 2333 1401 etiam

258 1424 665 1499 suspitionem
713 1424 901 1486 vitare
943 1424 1284 1499 potuisses!
1326 1425 1483 1484 XIV.
1534 1425 1689 1488 Illud
1730 1422 1923 1499 magis
1972 1439 2222 1496 vereor,
2253 1438 2336 1482 ne

258 1508 549 1584 ignorans
597 1524 805 1570 verum
850 1510 961 1569 iter
999 1508 1229 1583 gloriae
1269 1507 1603 1582 gloriosum
1649 1515 1829 1583 putes
1877 1508 2016 1583 plus
2047 1516 2106 1567 te
2140 1523 2340 1568 unum

251 1608 452 1668 posse
482 1610 664 1668 quam
696 1608 909 1654 omnes
942 1601 1002 1653 et
1031 1590 1213 1652 metui
1242 1608 1280 1651 a
1312 1591 1546 1652 civibus
1582 1590 1720 1652 tuis.
1810 1591 1981 1665 Quod
2015 1590 2068 1652 si
2102 1592 2182 1651 ita
2218 1607 2334 1666 pu-

262 1685 389 1752 tas,
433 1686 615 1738 totam
658 1675 905 1751 ignoras
956 1674 1112 1735 viam
1156 1675 1405 1749 gloriae.
1496 1674 1712 1736 Carum
1743 1691 1887 1736 esse
1918 1674 2137 1747 civem,
2167 1674 2345 1734 benev

263 1760 340 1821 de
372 1776 441 1821 re
476 1760 719 1835 publica
749 1760 993 1831 mereri,
1030 1758 1279 1829 laudari,
1312 1759 1449 1830 coli,
1484 1756 1649 1833 diligi
1673 1758 2003 1832 gloriosum
2037 1768 2159 1819 est:
2205 1774 2331 1817 me-

262 1843 347 1905 tui
392 1858 536 1904 vero
574 1850 634 1902 et
662 1843 720 1901 in
752 1841 895 1902 odio
928 1858 1070 1906 esse
1101 1841 1497 1912 invidiosum,
1531 1841 1907 1913 detestabile,
1940 1841 2331 1907 imbecillum,

263 1926 581 1987 caducum.
681 1920 783 1987 34.
827 1925 1004 2000 Quod
1048 1925 1323 1987 videmus
1366 1924 1546 1986 etiam
1586 1924 1646 1984 in
1683 1925 1886 1986 sabula
1915 1923 1999 1986 illi
2023 1925 2175 2000 ipsi,
2225 1922 2331 1999 qui

265 2011 536 2084 Oderint,
568 2012 707 2071 dum
734 2018 1009 2083 metuant,
1041 2009 1289 2082 dixerit,
1318 2009 1731 2084 perniciosum
1769 2007 1980 2069 ruisse.
2067 2008 2331 2079 Utinam,

266 2089 347 2147 M.
363 2089 611 2161 Antoni,
626 2106 809 2151 avum
829 2099 997 2151 tuum
1013 2091 1433 2153 meminisses!
1460 2092 1538 2151 de
1555 2108 1677 2166 quo
1697 2101 1894 2152 tamen
1910 2092 2130 2153 audisti
2146 2093 2337 2151 multa

268 2188 344 2233 ex
370 2190 465 2234 me
486 2191 686 2249 eaque
702 2176 1084 2250 saepissime.
1113 2176 1381 2237 Putasne
1397 2175 2094 2237 illumimmortalitatem
2111 2178 2338 2237 mereri

269 2257 562 2330 voluisse,
587 2266 656 2319 ut
667 2266 925 2334 propter
939 2274 1244 2320 armorum
1267 2258 1689 2321 habendorum
1711 2259 2015 2322 licentiam
2031 2265 2337 2320 metuere·

268 2350 402 2405 tur?
443 2345 551 2404 Illa
580 2353 711 2404 erat
738 2345 891 2418 vita,
934 2344 1037 2405 illa
1067 2346 1339 2405 secunda
1371 2346 1610 2407 fortuna
1643 2345 1918 2406 libertate
1946 2362 2088 2406 esse
2122 2361 2333 2419 parem

267 2426 521 2499 ceteris,
588 2427 925 2503 principem
956 2427 1264 2502 dignitate.
1331 2429 1557 2504 ltaque,
1593 2438 1659 2489 ut
1690 2428 1957 2490 omittam
1985 2444 2086 2489 res
2117 2427 2217 2488 avi
2247 2429 2334 2488 tui

268 2527 629 2587 prosperaS‚
667 2509 1129 2573 acerbissimum
1169 2511 1302 2572 cius
1347 2529 1695 2587 supremum
1727 2512 1884 2573 diem
1915 2512 2114 2571 malim
2147 2527 2363 2586 quam·

269 2596 328 2656 L.
365 2595 589 2656 Cinnae
624 2595 1013 2666 dominatum,
1049 2611 1085 2656 a
1116 2612 1237 2670 quo
1271 2594 1369 2657 ille
1394 2595 1814 2661 crudelissime
1837 2603 1931 2655 est
1961 2595 2338 2657 interfectus,

390 2677 493 2742 35.
529 2678 653 2740 Sed
683 2679 830 2756 quid
855 2678 1131 2741 oratione
1165 2689 1220 2740 te
1248 2678 1531 2741 flectam?
1575 2678 1641 2740 Si
1668 2677 1826 2738 enim
1855 2679 2054 2739 exitus
2088 2679 2151 2738 C.
2185 2679 2335 2739 Cae·

266 2761 421 2826 saris
452 2763 699 2826 efficere
733 2780 852 2825 non
885 2770 1088 2839 potest
1114 2771 1183 2823 ut
1210 2764 1384 2823 malis
1418 2779 1598 2823 carus
1630 2777 1773 2823 esse
1796 2778 1974 2835 quam
2005 2759 2208 2827 metui,
2246 2759 2337 2821 ni-

265 2847 350 2908 hil
378 2847 738 2923 cuiusquam
772 2848 1048 2923 proficiet
1077 2862 1191 2907 nec
1222 2845 1444 2909 valebit
1475 2844 1687 2906 oratio.
1733 2844 1920 2917 Quem
1958 2845 2062 2919 qui
2089 2844 2339 2916 beatum

265 2931 458 2991 fuisse
486 2938 714 3005 putant,
746 2931 952 2993 miseri
979 2929 1098 3006 ipsi
1127 2937 1285 2991 sunt.
1356 2931 1584 2989 Beatus
1620 2936 1716 2989 est
1744 2944 1942 3001 nemo,
1973 2927 2078 3002 qui
2101 2943 2175 2986 ea
2198 2927 2336 3000 lege

261 3014 426 3083 vivit,
459 3021 525 3073 ut
552 3030 674 3075 non
699 3015 882 3077 modo
906 3015 1171 3089 impune,
1208 3013 1318 3072 sed
1350 3013 1525 3072 etiam
1551 3027 1686 3072 cum
1717 3028 1953 3072 summa
1987 3011 2335 3072 interfecto-

263 3094 349 3156 ris
380 3096 573 3170 gloria
605 3096 859 3157 interfici
889 3097 1105 3171 possit.
1196 3097 1324 3170 Qua
1353 3113 1418 3156 re
1447 3094 1625 3157 flecte
1656 3103 1734 3167 te,
1773 3111 2027 3169 quaese,
2054 3102 2115 3156 et
2144 3095 2336 3162 maio-

263 3195 364 3239 res
395 3186 553 3239 'tuos
588 3178 831 3253 respice
867 3187 1049 3253 atque
1090 3181 1169 3239 ita
1206 3181 1478 3255 guberna
1508 3195 1634 3239 rem
1670 3178 1996 3254 publicam,
2025 3185 2092 3239 ut
2127 3184 2335 3238 natum

264 3278 409 3323 csse
452 3270 511 3323 te
552 3261 723 3322 cives
753 3261 840 3322 tui
873 3262 1208 3336 gaudeant=
1255 3262 1389 3324 sine
1432 3280 1554 3339 quo
1587 3278 1700 3323 nec
1730 3263 1945 3324 beatus
1983 3276 2097 3322 nec
2128 3260 2335 3321 clarus

264 3361 379 3407 nec
410 3353 570 3407 tutus
603 3345 926 3420 quisquam
957 3361 1099 3407 esse
1129 3347 1374 3406 omnino
1407 3355 1626 3422 potest.

385 3428 515 3487 XV.
558 3425 659 3490 36.
700 3428 915 3503 Populi
950 3429 1193 3503 quidem
1224 3429 1482 3490 Romani
1526 3427 1749 3491 iudicia
1793 3430 1978 3489 multa
2017 3426 2196 3489 ambo
2228 3425 2333 3486 ha·

264 3508 448 3583 betis„
497 3511 719 3586 quibus
750 3528 865 3572 vos
909 3528 1030 3572 non
1069 3513 1219 3575 satis
1264 3512 1494 3573 moveri
1534 3514 1901 3591 permoleste
1933 3513 2080 3571 sero.
2171 3508 2332 3583 Quin

266 3591 421 3651 enirn
472 3593 910 3670 gladiatoribus
952 3595 1251 3655 clamores
1289 3593 1814 3654 innumerabilium
1858 3592 2126 3653 civium?
2177 3591 2328 3665 quid
