<?xml version="1.0" encoding="UTF-8"?>
<!DOCTYPE html PUBLIC "-//W3C//DTD XHTML 1.0 Transitional//EN"
    "http://www.w3.org/TR/xhtml1/DTD/xhtml1-transitional.dtd">
<html xmlns="http://www.w3.org/1999/xhtml" xml:lang="en" lang="en">
 <head>
  <title>
</title>
<meta http-equiv="Content-Type" content="text/html;charset=utf-8" />
  <meta name='ocr-system' content='tesseract 3.04.00' />
  <meta name='ocr-capabilities' content='ocr_page ocr_carea ocr_par ocr_line ocrx_word'/>
</head>
<body>
  <div class='ocr_page' id='page_1' title='image "./scriptaquaemans02cicegoog_0047.png"; bbox 0 0 2514 3928; ppageno 0'>
   <div class='ocr_carea' id='block_1_1' title="bbox 592 353 2334 413">
    <p class='ocr_par' dir='ltr' id='par_1_1' title="bbox 592 353 2334 413">
     <span class='ocr_line' id='line_1_1' title="bbox 592 353 2334 413; baseline 0.005 -8"><span class='ocrx_word' id='word_1_1' title='bbox 592 404 595 405; x_wconf 10' lang='grc' dir='ltr'><em>γ</em></span> <span class='ocrx_word' id='word_1_2' title='bbox 674 353 1096 411; x_wconf 60' lang='lat' dir='ltr'>PROOEMIUM</span> <span class='ocrx_word' id='word_1_3' title='bbox 1130 358 1463 411; x_wconf 78' lang='lat' dir='ltr'><strong>EDITIONIS</strong></span> <span class='ocrx_word' id='word_1_4' title='bbox 1501 358 1872 412; x_wconf 81' lang='lat' dir='ltr'>SECUNDAE.</span> <span class='ocrx_word' id='word_1_5' title='bbox 2179 376 2334 413; x_wconf 74' lang='lat' dir='ltr'><strong><em>xnru</em></strong></span> 
     </span>
    </p>
   </div>
   <div class='ocr_carea' id='block_1_2' title="bbox 231 495 2440 2527">
    <p class='ocr_par' dir='ltr' id='par_1_2' title="bbox 231 495 2440 2527">
     <span class='ocr_line' id='line_1_2' title="bbox 237 495 2335 563; baseline 0 -19"><span class='ocrx_word' id='word_1_6' title='bbox 237 499 524 546; x_wconf 66' lang='lat' dir='ltr'><strong><em>coniectura</em></strong></span> <span class='ocrx_word' id='word_1_7' title='bbox 559 496 797 562; x_wconf 81' lang='lat' dir='ltr'><strong><em>reposui,</em></strong></span> <span class='ocrx_word' id='word_1_8' title='bbox 847 496 992 545; x_wconf 89' lang='lat' dir='ltr'><strong><em>cuius</em></strong></span> <span class='ocrx_word' id='word_1_9' title='bbox 1036 495 1088 546; x_wconf 88' lang='lat' dir='ltr'><strong><em>in</em></strong></span> <span class='ocrx_word' id='word_1_10' title='bbox 1125 495 1268 546; x_wconf 89' lang='lat' dir='ltr'><strong><em>libris</em></strong></span> <span class='ocrx_word' id='word_1_11' title='bbox 1305 496 1522 561; x_wconf 85' lang='lat' dir='ltr'><strong><em>vestigia</em></strong></span> <span class='ocrx_word' id='word_1_12' title='bbox 1556 495 1694 545; x_wconf 89' lang='lat' dir='ltr'><strong><em>nulla</em></strong></span> <span class='ocrx_word' id='word_1_13' title='bbox 1729 505 1868 546; x_wconf 86' lang='lat' dir='ltr'><strong><em>sunt.</em></strong></span> <span class='ocrx_word' id='word_1_14' title='bbox 1936 496 2112 546; x_wconf 80' lang='lat' dir='ltr'><strong>Paullo</strong></span> <span class='ocrx_word' id='word_1_15' title='bbox 2150 506 2272 563; x_wconf 85' lang='lat' dir='ltr'><strong><em>post</em></strong></span> <span class='ocrx_word' id='word_1_16' title='bbox 2304 512 2335 545; x_wconf 81' lang='grc' dir='ltr'><strong>ο</strong></span> 
     </span>
     <span class='ocr_line' id='line_1_3' title="bbox 234 562 2325 629; baseline 0 -19"><span class='ocrx_word' id='word_1_17' title='bbox 234 562 375 613; x_wconf 82' lang='lat' dir='ltr'><strong><em>libris</em></strong></span> <span class='ocrx_word' id='word_1_18' title='bbox 411 572 606 612; x_wconf 86' lang='lat' dir='ltr'><strong><em>tantum</em></strong></span> <span class='ocrx_word' id='word_1_19' title='bbox 642 576 744 612; x_wconf 90' lang='lat' dir='ltr'><strong><em>non</em></strong></span> <span class='ocrx_word' id='word_1_20' title='bbox 783 562 1016 612; x_wconf 87' lang='lat' dir='ltr'><strong><em>omnibus</em></strong></span> <span class='ocrx_word' id='word_1_21' title='bbox 1052 565 1229 615; x_wconf 74' lang='lat' dir='ltr'><strong><em>consul</em></strong></span> <span class='ocrx_word' id='word_1_22' title='bbox 1259 566 1469 629; x_wconf 89' lang='lat' dir='ltr'><strong><em>reposui</em></strong></span> <span class='ocrx_word' id='word_1_23' title='bbox 1505 577 1600 628; x_wconf 87' lang='lat' dir='ltr'><strong><em>pro</em></strong></span> <span class='ocrx_word' id='word_1_24' title='bbox 1646 563 2007 615; x_wconf 75' lang='lat' dir='ltr'><strong><em>consularibus.</em></strong></span> <span class='ocrx_word' id='word_1_25' title='bbox 2082 562 2205 629; x_wconf 83' lang='lat' dir='ltr'><strong><em>Cap.</em></strong></span> <span class='ocrx_word' id='word_1_26' title='bbox 2244 566 2325 614; x_wconf 85' lang='grc'><strong><em>21.</em></strong></span> 
     </span>
     <span class='ocr_line' id='line_1_4' title="bbox 238 629 2335 696; baseline -0 -14"><span class='ocrx_word' id='word_1_27' title='bbox 238 629 288 692; x_wconf 67' lang='grc' dir='ltr'><strong><em>ἐ.</em></strong></span> <span class='ocrx_word' id='word_1_28' title='bbox 313 630 394 680; x_wconf 83' lang='grc'><strong><em>51.</em></strong></span> <span class='ocrx_word' id='word_1_29' title='bbox 444 644 578 678; x_wconf 89' lang='lat' dir='ltr'><strong><em>nunc</em></strong></span> <span class='ocrx_word' id='word_1_30' title='bbox 621 645 649 678; x_wconf 92' lang='lat' dir='ltr'><strong><em>e</em></strong></span> <span class='ocrx_word' id='word_1_31' title='bbox 693 629 804 680; x_wconf 90' lang='lat' dir='ltr'><strong><em>cod.</em></strong></span> <span class='ocrx_word' id='word_1_32' title='bbox 833 629 958 695; x_wconf 86' lang='lat' dir='ltr'><strong><em>Teg.</em></strong></span> <span class='ocrx_word' id='word_1_33' title='bbox 1005 631 1323 690; x_wconf 85' lang='lat' dir='ltr'><strong><em>auctoritate,</em></strong></span> <span class='ocrx_word' id='word_1_34' title='bbox 1356 631 1411 680; x_wconf 91' lang='lat' dir='ltr'><strong><em>in</em></strong></span> <span class='ocrx_word' id='word_1_35' title='bbox 1435 644 1537 694; x_wconf 89' lang='lat' dir='ltr'><strong><em>quo</em></strong></span> <span class='ocrx_word' id='word_1_36' title='bbox 1564 631 1771 696; x_wconf 82' lang='lat' dir='ltr'><strong><em>legitur:</em></strong></span> <span class='ocrx_word' id='word_1_37' title='bbox 1822 631 2105 682; x_wconf 70' lang='lat' dir='ltr'><strong><em>aedilitatis</em></strong></span> <span class='ocrx_word' id='word_1_38' title='bbox 2136 632 2335 695; x_wconf 76' lang='lat' dir='ltr'><strong><em>aceptis</em></strong></span> 
     </span>
     <span class='ocr_line' id='line_1_5' title="bbox 235 696 2334 764; baseline -0 -18"><span class='ocrx_word' id='word_1_39' title='bbox 235 697 478 761; x_wconf 75' lang='lat' dir='ltr'><strong><em>repulsis,</em></strong></span> <span class='ocrx_word' id='word_1_40' title='bbox 536 696 719 759; x_wconf 90' lang='lat' dir='ltr'><strong><em>quibus</em></strong></span> <span class='ocrx_word' id='word_1_41' title='bbox 762 699 815 746; x_wconf 89' lang='lat' dir='ltr'><strong><em>in</em></strong></span> <span class='ocrx_word' id='word_1_42' title='bbox 850 698 1021 748; x_wconf 85' lang='lat' dir='ltr'><strong><em>verbis</em></strong></span> <span class='ocrx_word' id='word_1_43' title='bbox 1056 701 1256 762; x_wconf 78' lang='lat' dir='ltr'><strong><em>aceptis</em></strong></span> <span class='ocrx_word' id='word_1_44' title='bbox 1292 707 1369 748; x_wconf 88' lang='lat' dir='ltr'><strong><em>est</em></strong></span> <span class='ocrx_word' id='word_1_45' title='bbox 1407 712 1503 764; x_wconf 88' lang='lat' dir='ltr'><strong><em>pro</em></strong></span> <span class='ocrx_word' id='word_1_46' title='bbox 1542 696 1771 762; x_wconf 69' lang='lat' dir='ltr'><strong><em>scepti-</em></strong></span> <span class='ocrx_word' id='word_1_47' title='bbox 1819 697 2099 763; x_wconf 86' lang='lat' dir='ltr'><strong><em>scriptum,</em></strong></span> <span class='ocrx_word' id='word_1_48' title='bbox 2146 698 2334 764; x_wconf 78' lang='lat' dir='ltr'><strong><em>scripsi</em></strong></span> 
     </span>
     <span class='ocr_line' id='line_1_6' title="bbox 235 760 2333 832; baseline 0 -18"><span class='ocrx_word' id='word_1_49' title='bbox 235 763 430 814; x_wconf 79' lang='lat' dir='ltr'><strong><em>duabus</em></strong></span> <span class='ocrx_word' id='word_1_50' title='bbox 470 765 747 815; x_wconf 74' lang='lat' dir='ltr'><strong><em>aedilitatis</em></strong></span> <span class='ocrx_word' id='word_1_51' title='bbox 784 766 1012 829; x_wconf 77' lang='lat' dir='ltr'><strong><em>acceptis</em></strong></span> <span class='ocrx_word' id='word_1_52' title='bbox 1051 766 1275 831; x_wconf 76' lang='lat' dir='ltr'><strong><em>repulsis</em></strong></span> <span class='ocrx_word' id='word_1_53' title='bbox 1318 779 1413 832; x_wconf 87' lang='lat' dir='ltr'><strong><em>pro</em></strong></span> <span class='ocrx_word' id='word_1_54' title='bbox 1450 779 1529 827; x_wconf 88' lang='lat' dir='ltr'><strong><em>eo,</em></strong></span> <span class='ocrx_word' id='word_1_55' title='bbox 1557 765 1694 826; x_wconf 88' lang='lat' dir='ltr'><strong><em>quod</em></strong></span> <span class='ocrx_word' id='word_1_56' title='bbox 1721 760 1843 813; x_wconf 87' lang='lat' dir='ltr'><strong><em>olim</em></strong></span> <span class='ocrx_word' id='word_1_57' title='bbox 1868 765 2158 815; x_wconf 81' lang='lat' dir='ltr'><strong><em>edideram:</em></strong></span> <span class='ocrx_word' id='word_1_58' title='bbox 2207 767 2333 815; x_wconf 85' lang='lat' dir='ltr'><strong><em>dua·</em></strong></span> 
     </span>
     <span class='ocr_line' id='line_1_7' title="bbox 236 829 2334 898; baseline -0.001 -17"><span class='ocrx_word' id='word_1_59' title='bbox 236 829 328 881; x_wconf 71' lang='lat' dir='ltr'><strong><em>bus·</em></strong></span> <span class='ocrx_word' id='word_1_60' title='bbox 361 831 700 882; x_wconf 72' lang='lat' dir='ltr'><strong><em>aedilitatibus</em></strong></span> <span class='ocrx_word' id='word_1_61' title='bbox 741 835 991 896; x_wconf 74' lang='lat' dir='ltr'><strong><em>repulsus.</em></strong></span> <span class='ocrx_word' id='word_1_62' title='bbox 1072 834 1120 894; x_wconf 66' lang='lat'><strong><em>§-</em></strong></span> <span class='ocrx_word' id='word_1_63' title='bbox 1148 835 1230 884; x_wconf 82' lang='lat'><strong><em>52.</em></strong></span> <span class='ocrx_word' id='word_1_64' title='bbox 1268 833 1525 898; x_wconf 81' lang='lat' dir='ltr'><strong><em>duplicavi</em></strong></span> <span class='ocrx_word' id='word_1_65' title='bbox 1569 846 1667 896; x_wconf 85' lang='lat' dir='ltr'><strong><em>ego</em></strong></span> <span class='ocrx_word' id='word_1_66' title='bbox 1715 846 1920 895; x_wconf 88' lang='lat' dir='ltr'><strong><em>quoque</em></strong></span> <span class='ocrx_word' id='word_1_67' title='bbox 1953 845 2093 882; x_wconf 86' lang='lat' dir='ltr'><strong><em>nunc</em></strong></span> <span class='ocrx_word' id='word_1_68' title='bbox 2128 833 2334 882; x_wconf 89' lang='lat' dir='ltr'><strong><em>verbum</em></strong></span> 
     </span>
     <span class='ocr_line' id='line_1_8' title="bbox 233 894 2336 966; baseline -0 -18"><span class='ocrx_word' id='word_1_69' title='bbox 233 899 515 949; x_wconf 80' lang='lat' dir='ltr'><strong><em>detractum</em></strong></span> <span class='ocrx_word' id='word_1_70' title='bbox 557 898 609 948; x_wconf 91' lang='lat' dir='ltr'><strong><em>in</em></strong></span> <span class='ocrx_word' id='word_1_71' title='bbox 652 894 802 949; x_wconf 86' lang='lat' dir='ltr'><strong><em>libris</em></strong></span> <span class='ocrx_word' id='word_1_72' title='bbox 849 900 1003 948; x_wconf 87' lang='lat' dir='ltr'><strong><em>semel</em></strong></span> <span class='ocrx_word' id='word_1_73' title='bbox 1041 900 1287 966; x_wconf 88' lang='lat' dir='ltr'><strong><em>scriptum</em></strong></span> <span class='ocrx_word' id='word_1_74' title='bbox 1323 909 1372 950; x_wconf 91' lang='lat' dir='ltr'><strong><em>et</em></strong></span> <span class='ocrx_word' id='word_1_75' title='bbox 1416 914 1529 964; x_wconf 88' lang='lat' dir='ltr'><strong><em>cap.</em></strong></span> <span class='ocrx_word' id='word_1_76' title='bbox 1565 902 1646 949; x_wconf 89' lang='grc'><strong><em>22.</em></strong></span> <span class='ocrx_word' id='word_1_77' title='bbox 1702 899 1878 948; x_wconf 84' lang='lat' dir='ltr'><strong><em>eadem</em></strong></span> <span class='ocrx_word' id='word_1_78' title='bbox 1932 897 1982 961; x_wconf 66' lang='lat'><strong><em>§-</em></strong></span> <span class='ocrx_word' id='word_1_79' title='bbox 2029 901 2094 950; x_wconf 84' lang='lat' dir='ltr'><strong><em>de</em></strong></span> <span class='ocrx_word' id='word_1_80' title='bbox 2149 913 2336 949; x_wconf 73' lang='lat' dir='ltr'><strong><em>summa</em></strong></span> 
     </span>
     <span class='ocr_line' id='line_1_9' title="bbox 232 961 2338 1032; baseline -0 -17"><span class='ocrx_word' id='word_1_81' title='bbox 232 981 293 1015; x_wconf 87' lang='lat' dir='ltr'><strong><em>re</em></strong></span> <span class='ocrx_word' id='word_1_82' title='bbox 346 965 548 1030; x_wconf 80' lang='lat' dir='ltr'><strong><em>publica</em></strong></span> <span class='ocrx_word' id='word_1_83' title='bbox 605 961 791 1031; x_wconf 76' lang='lat' dir='ltr'><strong><em>scripsi</em></strong></span> <span class='ocrx_word' id='word_1_84' title='bbox 859 981 953 1032; x_wconf 88' lang='lat' dir='ltr'><strong><em>pro</em></strong></span> <span class='ocrx_word' id='word_1_85' title='bbox 1023 969 1088 1018; x_wconf 85' lang='lat' dir='ltr'><strong><em>de</em></strong></span> <span class='ocrx_word' id='word_1_86' title='bbox 1144 983 1331 1018; x_wconf 73' lang='lat' dir='ltr'><strong><em>summa</em></strong></span> <span class='ocrx_word' id='word_1_87' title='bbox 1386 970 1472 1018; x_wconf 87' lang='lat' dir='ltr'><strong><em>rei</em></strong></span> <span class='ocrx_word' id='word_1_88' title='bbox 1519 967 1753 1031; x_wconf 83' lang='lat' dir='ltr'><strong><em>publicae</em></strong></span> <span class='ocrx_word' id='word_1_89' title='bbox 1823 967 2134 1031; x_wconf 87' lang='lat' dir='ltr'><strong><em>optimorum</em></strong></span> <span class='ocrx_word' id='word_1_90' title='bbox 2186 967 2338 1015; x_wconf 88' lang='lat' dir='ltr'><strong><em>libro·</em></strong></span> 
     </span>
     <span class='ocr_line' id='line_1_10' title="bbox 232 1027 2339 1101; baseline 0 -19"><span class='ocrx_word' id='word_1_91' title='bbox 232 1047 343 1082; x_wconf 85' lang='lat' dir='ltr'><strong><em>rum</em></strong></span> <span class='ocrx_word' id='word_1_92' title='bbox 389 1027 706 1085; x_wconf 81' lang='lat' dir='ltr'><strong><em>auctoritate.</em></strong></span> <span class='ocrx_word' id='word_1_93' title='bbox 775 1032 898 1100; x_wconf 89' lang='lat' dir='ltr'><strong><em>Cap.</em></strong></span> <span class='ocrx_word' id='word_1_94' title='bbox 922 1036 1004 1084; x_wconf 80' lang='lat'><strong><em>24.</em></strong></span> <span class='ocrx_word' id='word_1_95' title='bbox 1041 1035 1090 1096; x_wconf 68' lang='lat'><strong><em>§-</em></strong></span> <span class='ocrx_word' id='word_1_96' title='bbox 1115 1036 1198 1086; x_wconf 81' lang='lat'><strong><em>59.</em></strong></span> <span class='ocrx_word' id='word_1_97' title='bbox 1235 1036 1425 1101; x_wconf 78' lang='lat' dir='ltr'><strong><em>scripsi</em></strong></span> <span class='ocrx_word' id='word_1_98' title='bbox 1460 1050 1556 1100; x_wconf 83' lang='lat' dir='ltr'><strong><em>ego</em></strong></span> <span class='ocrx_word' id='word_1_99' title='bbox 1593 1034 1658 1083; x_wconf 89' lang='lat' dir='ltr'><strong><em>de</em></strong></span> <span class='ocrx_word' id='word_1_100' title='bbox 1691 1035 1981 1083; x_wconf 86' lang='lat' dir='ltr'><strong><em>coniectura</em></strong></span> <span class='ocrx_word' id='word_1_101' title='bbox 2014 1046 2154 1082; x_wconf 81' lang='lat' dir='ltr'><strong><em>mea:</em></strong></span> <span class='ocrx_word' id='word_1_102' title='bbox 2211 1033 2339 1083; x_wconf 87' lang='lat' dir='ltr'><strong><em>haec</em></strong></span> 
     </span>
     <span class='ocr_line' id='line_1_11' title="bbox 231 1101 2335 1168; baseline 0 -18"><span class='ocrx_word' id='word_1_103' title='bbox 231 1102 309 1151; x_wconf 89' lang='lat' dir='ltr'><strong><em>illi</em></strong></span> <span class='ocrx_word' id='word_1_104' title='bbox 337 1102 477 1153; x_wconf 75' lang='lat' dir='ltr'><strong><em>soleo</em></strong></span> <span class='ocrx_word' id='word_1_105' title='bbox 508 1102 840 1166; x_wconf 78' lang='lat' dir='ltr'><strong><em>praecipere,</em></strong></span> <span class='ocrx_word' id='word_1_106' title='bbox 890 1117 1183 1168; x_wconf 82' lang='lat' dir='ltr'><strong><em>quamquam</em></strong></span> <span class='ocrx_word' id='word_1_107' title='bbox 1225 1104 1298 1153; x_wconf 81' lang='lat' dir='ltr'><strong><em>ad</em></strong></span> <span class='ocrx_word' id='word_1_108' title='bbox 1332 1108 1623 1168; x_wconf 85' lang='lat' dir='ltr'><strong><em>praecepta</em></strong></span> <span class='ocrx_word' id='word_1_109' title='bbox 1666 1117 1768 1152; x_wconf 90' lang='lat' dir='ltr'><strong><em>non</em></strong></span> <span class='ocrx_word' id='word_1_110' title='bbox 1807 1108 1887 1152; x_wconf 79' lang='lat' dir='ltr'><strong><em>est</em></strong></span> <span class='ocrx_word' id='word_1_111' title='bbox 1918 1107 2068 1153; x_wconf 78' lang='lat' dir='ltr'><strong><em>aetas</em></strong></span> <span class='ocrx_word' id='word_1_112' title='bbox 2099 1101 2335 1166; x_wconf 66' lang='lat' dir='ltr'><strong><em>prandit,</em></strong></span> 
     </span>
     <span class='ocr_line' id='line_1_12' title="bbox 232 1168 2333 1235; baseline -0.001 -17"><span class='ocrx_word' id='word_1_113' title='bbox 232 1183 360 1233; x_wconf 81' lang='lat' dir='ltr'><strong><em>quae</em></strong></span> <span class='ocrx_word' id='word_1_114' title='bbox 392 1183 497 1218; x_wconf 73' lang='lat' dir='ltr'><strong><em>rex</em></strong></span> <span class='ocrx_word' id='word_1_115' title='bbox 527 1169 614 1220; x_wconf 84' lang='lat' dir='ltr'><strong><em>ille</em></strong></span> <span class='ocrx_word' id='word_1_116' title='bbox 647 1184 680 1218; x_wconf 93' lang='lat' dir='ltr'><strong><em>a</em></strong></span> <span class='ocrx_word' id='word_1_117' title='bbox 716 1168 840 1219; x_wconf 79' lang='lat' dir='ltr'><strong><em>Iove</em></strong></span> <span class='ocrx_word' id='word_1_118' title='bbox 875 1176 1018 1220; x_wconf 78' lang='lat' dir='ltr'><strong><em>ortus</em></strong></span> <span class='ocrx_word' id='word_1_119' title='bbox 1061 1171 1168 1220; x_wconf 75' lang='lat' dir='ltr'><strong><em>suis</em></strong></span> <span class='ocrx_word' id='word_1_120' title='bbox 1206 1171 1479 1235; x_wconf 86' lang='lat' dir='ltr'><strong><em>praecepit</em></strong></span> <span class='ocrx_word' id='word_1_121' title='bbox 1517 1170 1657 1233; x_wconf 78' lang='lat' dir='ltr'><strong><em>filiis.</em></strong></span> <span class='ocrx_word' id='word_1_122' title='bbox 1729 1169 1805 1218; x_wconf 87' lang='lat' dir='ltr'><strong><em>Ac</em></strong></span> <span class='ocrx_word' id='word_1_123' title='bbox 1844 1170 2065 1234; x_wconf 89' lang='lat' dir='ltr'><strong><em>primum</em></strong></span> <span class='ocrx_word' id='word_1_124' title='bbox 2103 1168 2333 1230; x_wconf 88' lang='lat' dir='ltr'><strong><em>quidem,</em></strong></span> 
     </span>
     <span class='ocr_line' id='line_1_13' title="bbox 231 1231 2440 1354; baseline 0 -70"><span class='ocrx_word' id='word_1_125' title='bbox 231 1235 371 1297; x_wconf 88' lang='lat' dir='ltr'><strong><em>quod</em></strong></span> <span class='ocrx_word' id='word_1_126' title='bbox 402 1237 618 1300; x_wconf 64' lang='lat' dir='ltr'><strong><em>orandis</em></strong></span> <span class='ocrx_word' id='word_1_127' title='bbox 651 1235 855 1300; x_wconf 82' lang='lat' dir='ltr'><strong><em>scripsi,</em></strong></span> <span class='ocrx_word' id='word_1_128' title='bbox 893 1246 1071 1286; x_wconf 89' lang='lat' dir='ltr'><strong><em>notum</em></strong></span> <span class='ocrx_word' id='word_1_129' title='bbox 1107 1247 1186 1286; x_wconf 88' lang='lat' dir='ltr'><strong><em>est</em></strong></span> <span class='ocrx_word' id='word_1_130' title='bbox 1219 1246 1489 1287; x_wconf 87' lang='lat' dir='ltr'><strong><em>aetatem</em></strong></span> <span class='ocrx_word' id='word_1_131' title='bbox 1532 1234 1859 1302; x_wconf 76' lang='lat' dir='ltr'><strong><em>grandem,</em></strong></span> <span class='ocrx_word' id='word_1_132' title='bbox 1915 1231 2338 1354; x_wconf 59' lang='lat' dir='ltr'><strong><em>grandiorem</em></strong></span> <span class='ocrx_word' id='word_1_133' title='bbox 2431 1257 2440 1264; x_wconf 64' lang='grc'><em>’</em></span> 
     </span>
     <span class='ocr_line' id='line_1_14' title="bbox 232 1300 2340 1367; baseline -0 -16"><span class='ocrx_word' id='word_1_134' title='bbox 232 1311 284 1351; x_wconf 86' lang='lat' dir='ltr'><strong><em>et</em></strong></span> <span class='ocrx_word' id='word_1_135' title='bbox 317 1301 371 1351; x_wconf 90' lang='lat' dir='ltr'><strong><em>id</em></strong></span> <span class='ocrx_word' id='word_1_136' title='bbox 423 1317 591 1366; x_wconf 85' lang='lat' dir='ltr'><strong><em>genus</em></strong></span> <span class='ocrx_word' id='word_1_137' title='bbox 635 1301 736 1352; x_wconf 90' lang='lat' dir='ltr'><strong><em>alia</em></strong></span> <span class='ocrx_word' id='word_1_138' title='bbox 780 1317 937 1367; x_wconf 82' lang='lat' dir='ltr'><strong><em>saepe</em></strong></span> <span class='ocrx_word' id='word_1_139' title='bbox 979 1317 1191 1352; x_wconf 85' lang='lat' dir='ltr'><strong><em>numero</em></strong></span> <span class='ocrx_word' id='word_1_140' title='bbox 1227 1318 1260 1353; x_wconf 85' lang='lat' dir='ltr'><strong><em>a</em></strong></span> <span class='ocrx_word' id='word_1_141' title='bbox 1291 1300 1492 1354; x_wconf 86' lang='lat' dir='ltr'><strong><em>Latinis</em></strong></span> <span class='ocrx_word' id='word_1_142' title='bbox 1539 1319 1652 1352; x_wconf 86' lang='lat' dir='ltr'><strong><em>csse</em></strong></span> <span class='ocrx_word' id='word_1_143' title='bbox 1693 1302 1843 1353; x_wconf 87' lang='lat' dir='ltr'><strong><em>dicta.</em></strong></span> <span class='ocrx_word' id='word_1_144' title='bbox 1956 1305 2210 1353; x_wconf 86' lang='lat' dir='ltr'><strong><em>iceronem</em></strong></span> <span class='ocrx_word' id='word_1_145' title='bbox 2246 1316 2340 1350; x_wconf 86' lang='lat' dir='ltr'><strong><em>au·</em></strong></span> 
     </span>
     <span class='ocr_line' id='line_1_15' title="bbox 232 1365 2341 1433; baseline -0 -15"><span class='ocrx_word' id='word_1_146' title='bbox 232 1379 334 1418; x_wconf 86' lang='lat' dir='ltr'><strong><em>tem</em></strong></span> <span class='ocrx_word' id='word_1_147' title='bbox 368 1381 591 1433; x_wconf 80' lang='lat' dir='ltr'><strong><em>puerum</em></strong></span> <span class='ocrx_word' id='word_1_148' title='bbox 625 1383 684 1418; x_wconf 90' lang='lat' dir='ltr'><strong><em>eo</em></strong></span> <span class='ocrx_word' id='word_1_149' title='bbox 717 1379 975 1433; x_wconf 86' lang='lat' dir='ltr'><strong><em>tempore,</em></strong></span> <span class='ocrx_word' id='word_1_150' title='bbox 1022 1384 1124 1431; x_wconf 88' lang='lat' dir='ltr'><strong><em>quo</em></strong></span> <span class='ocrx_word' id='word_1_151' title='bbox 1160 1365 1337 1419; x_wconf 84' lang='lat' dir='ltr'><strong><em>habita</em></strong></span> <span class='ocrx_word' id='word_1_152' title='bbox 1375 1367 1509 1420; x_wconf 83' lang='lat' dir='ltr'><strong><em>haec</em></strong></span> <span class='ocrx_word' id='word_1_153' title='bbox 1544 1371 1704 1421; x_wconf 84' lang='lat' dir='ltr'><strong><em>oratio</em></strong></span> <span class='ocrx_word' id='word_1_154' title='bbox 1740 1367 1849 1429; x_wconf 70' lang='lat' dir='ltr'><strong><em>est,</em></strong></span> <span class='ocrx_word' id='word_1_155' title='bbox 1901 1373 1990 1420; x_wconf 84' lang='lat' dir='ltr'><strong><em>vix</em></strong></span> <span class='ocrx_word' id='word_1_156' title='bbox 2034 1370 2206 1420; x_wconf 85' lang='lat' dir='ltr'><strong><em>decem</em></strong></span> <span class='ocrx_word' id='word_1_157' title='bbox 2250 1382 2341 1417; x_wconf 86' lang='lat' dir='ltr'><strong><em>au-</em></strong></span> 
     </span>
     <span class='ocr_line' id='line_1_16' title="bbox 239 1433 2337 1500; baseline -0 -16"><span class='ocrx_word' id='word_1_158' title='bbox 239 1449 335 1484; x_wconf 87' lang='lat' dir='ltr'><strong><em>nos</em></strong></span> <span class='ocrx_word' id='word_1_159' title='bbox 383 1443 559 1483; x_wconf 85' lang='lat' dir='ltr'><strong><em>natum</em></strong></span> <span class='ocrx_word' id='word_1_160' title='bbox 593 1433 757 1484; x_wconf 74' lang='lat' dir='ltr'><strong><em>fuisse</em></strong></span> <span class='ocrx_word' id='word_1_161' title='bbox 791 1445 968 1484; x_wconf 88' lang='lat' dir='ltr'><strong><em>notum</em></strong></span> <span class='ocrx_word' id='word_1_162' title='bbox 1003 1446 1107 1495; x_wconf 82' lang='lat' dir='ltr'><strong><em>est,</em></strong></span> <span class='ocrx_word' id='word_1_163' title='bbox 1151 1445 1210 1484; x_wconf 87' lang='lat' dir='ltr'><strong><em>ut</em></strong></span> <span class='ocrx_word' id='word_1_164' title='bbox 1249 1435 1381 1485; x_wconf 83' lang='lat' dir='ltr'><strong><em>haec</em></strong></span> <span class='ocrx_word' id='word_1_165' title='bbox 1424 1437 1680 1499; x_wconf 85' lang='lat' dir='ltr'><strong><em>scriptura</em></strong></span> <span class='ocrx_word' id='word_1_166' title='bbox 1721 1436 1789 1484; x_wconf 89' lang='lat' dir='ltr'><strong><em>ad</em></strong></span> <span class='ocrx_word' id='word_1_167' title='bbox 1831 1436 1997 1500; x_wconf 87' lang='lat' dir='ltr'><strong><em>ipsam</em></strong></span> <span class='ocrx_word' id='word_1_168' title='bbox 2034 1437 2337 1486; x_wconf 81' lang='lat' dir='ltr'><strong><em>sententiam</em></strong></span> 
     </span>
     <span class='ocr_line' id='line_1_17' title="bbox 239 1499 2341 1565; baseline 0 -16"><span class='ocrx_word' id='word_1_169' title='bbox 239 1499 775 1550; x_wconf 79' lang='lat' dir='ltr'><strong><em>accommodatissima</em></strong></span> <span class='ocrx_word' id='word_1_170' title='bbox 811 1516 926 1550; x_wconf 84' lang='lat' dir='ltr'><strong><em>esse</em></strong></span> <span class='ocrx_word' id='word_1_171' title='bbox 959 1501 1207 1551; x_wconf 82' lang='lat' dir='ltr'><strong><em>videatur.</em></strong></span> <span class='ocrx_word' id='word_1_172' title='bbox 1276 1503 1338 1551; x_wconf 87' lang='lat' dir='ltr'><strong><em>In</em></strong></span> <span class='ocrx_word' id='word_1_173' title='bbox 1372 1502 1514 1550; x_wconf 85' lang='lat' dir='ltr'><strong><em>libris</em></strong></span> <span class='ocrx_word' id='word_1_174' title='bbox 1551 1511 1718 1551; x_wconf 88' lang='lat' dir='ltr'><strong><em>autem</em></strong></span> <span class='ocrx_word' id='word_1_175' title='bbox 1755 1503 1931 1565; x_wconf 84' lang='lat' dir='ltr'><strong><em>paucis</em></strong></span> <span class='ocrx_word' id='word_1_176' title='bbox 1968 1517 2028 1552; x_wconf 87' lang='lat' dir='ltr'><strong><em>eo</em></strong></span> <span class='ocrx_word' id='word_1_177' title='bbox 2061 1503 2176 1553; x_wconf 89' lang='lat' dir='ltr'><strong><em>loco</em></strong></span> <span class='ocrx_word' id='word_1_178' title='bbox 2212 1504 2341 1552; x_wconf 88' lang='lat' dir='ltr'><strong><em>scri·</em></strong></span> 
     </span>
     <span class='ocr_line' id='line_1_18' title="bbox 237 1567 2343 1634; baseline 0 -18"><span class='ocrx_word' id='word_1_179' title='bbox 237 1578 387 1634; x_wconf 87' lang='lat' dir='ltr'><strong><em>ptum</em></strong></span> <span class='ocrx_word' id='word_1_180' title='bbox 424 1577 503 1617; x_wconf 88' lang='lat' dir='ltr'><strong><em>est</em></strong></span> <span class='ocrx_word' id='word_1_181' title='bbox 531 1570 728 1632; x_wconf 68' lang='lat' dir='ltr'><strong><em>pravis,</em></strong></span> <span class='ocrx_word' id='word_1_182' title='bbox 775 1567 828 1616; x_wconf 90' lang='lat' dir='ltr'><strong><em>in</em></strong></span> <span class='ocrx_word' id='word_1_183' title='bbox 877 1569 1054 1618; x_wconf 88' lang='lat' dir='ltr'><strong><em>ceteris</em></strong></span> <span class='ocrx_word' id='word_1_184' title='bbox 1099 1568 1241 1618; x_wconf 87' lang='lat' dir='ltr'><strong><em>libris</em></strong></span> <span class='ocrx_word' id='word_1_185' title='bbox 1287 1579 1377 1619; x_wconf 87' lang='lat' dir='ltr'><strong><em>aut</em></strong></span> <span class='ocrx_word' id='word_1_186' title='bbox 1411 1583 1626 1617; x_wconf 84' lang='lat' dir='ltr'><strong><em>vacuum</em></strong></span> <span class='ocrx_word' id='word_1_187' title='bbox 1662 1568 1885 1632; x_wconf 87' lang='lat' dir='ltr'><strong><em>spatium</em></strong></span> <span class='ocrx_word' id='word_1_188' title='bbox 1919 1569 2108 1617; x_wconf 87' lang='lat' dir='ltr'><strong><em>ibidem</em></strong></span> <span class='ocrx_word' id='word_1_189' title='bbox 2143 1580 2221 1618; x_wconf 87' lang='lat' dir='ltr'><strong><em>est</em></strong></span> <span class='ocrx_word' id='word_1_190' title='bbox 2254 1579 2343 1618; x_wconf 84' lang='lat' dir='ltr'><strong><em>aut</em></strong></span> 
     </span>
     <span class='ocr_line' id='line_1_19' title="bbox 235 1634 2342 1702; baseline 0 -18"><span class='ocrx_word' id='word_1_191' title='bbox 235 1634 560 1700; x_wconf 80' lang='lat' dir='ltr'><strong><em>corruptelae</em></strong></span> <span class='ocrx_word' id='word_1_192' title='bbox 594 1645 718 1685; x_wconf 80' lang='lat' dir='ltr'><strong><em>sunt</em></strong></span> <span class='ocrx_word' id='word_1_193' title='bbox 751 1636 861 1685; x_wconf 91' lang='lat' dir='ltr'><strong><em>eius</em></strong></span> <span class='ocrx_word' id='word_1_194' title='bbox 897 1635 1065 1696; x_wconf 89' lang='lat' dir='ltr'><strong><em>modi,</em></strong></span> <span class='ocrx_word' id='word_1_195' title='bbox 1111 1650 1242 1698; x_wconf 86' lang='lat' dir='ltr'><strong><em>quae</em></strong></span> <span class='ocrx_word' id='word_1_196' title='bbox 1289 1637 1354 1686; x_wconf 86' lang='lat' dir='ltr'><strong><em>ad</em></strong></span> <span class='ocrx_word' id='word_1_197' title='bbox 1399 1636 1536 1684; x_wconf 84' lang='lat' dir='ltr'><strong><em>illam</em></strong></span> <span class='ocrx_word' id='word_1_198' title='bbox 1572 1638 1879 1701; x_wconf 81' lang='lat' dir='ltr'><strong><em>scripturam</em></strong></span> <span class='ocrx_word' id='word_1_199' title='bbox 1914 1636 2167 1702; x_wconf 83' lang='lat' dir='ltr'><strong><em>pertinere</em></strong></span> <span class='ocrx_word' id='word_1_200' title='bbox 2198 1636 2342 1685; x_wconf 84' lang='lat' dir='ltr'><strong><em>vide-</em></strong></span> 
     </span>
     <span class='ocr_line' id='line_1_20' title="bbox 233 1701 2341 1771; baseline 0.001 -19"><span class='ocrx_word' id='word_1_201' title='bbox 233 1712 403 1762; x_wconf 81' lang='lat' dir='ltr'><strong><em>antur,</em></strong></span> <span class='ocrx_word' id='word_1_202' title='bbox 441 1703 488 1755; x_wconf 89' lang='lat' dir='ltr'><strong><em>si</em></strong></span> <span class='ocrx_word' id='word_1_203' title='bbox 523 1712 810 1754; x_wconf 85' lang='lat' dir='ltr'><strong><em>statuamus</em></strong></span> <span class='ocrx_word' id='word_1_204' title='bbox 847 1718 957 1751; x_wconf 88' lang='lat' dir='ltr'><strong><em>eam</em></strong></span> <span class='ocrx_word' id='word_1_205' title='bbox 995 1703 1115 1754; x_wconf 87' lang='lat' dir='ltr'><strong><em>olim</em></strong></span> <span class='ocrx_word' id='word_1_206' title='bbox 1149 1719 1242 1769; x_wconf 87' lang='lat' dir='ltr'><strong><em>per</em></strong></span> <span class='ocrx_word' id='word_1_207' title='bbox 1276 1703 1634 1768; x_wconf 89' lang='lat' dir='ltr'><strong><em>compendium</em></strong></span> <span class='ocrx_word' id='word_1_208' title='bbox 1661 1701 1857 1771; x_wconf 62' lang='lat' dir='ltr'><strong><em>gradis</em></strong></span> <span class='ocrx_word' id='word_1_209' title='bbox 1880 1704 2124 1767; x_wconf 75' lang='lat' dir='ltr'><strong><em>scriptam</em></strong></span> <span class='ocrx_word' id='word_1_210' title='bbox 2159 1701 2341 1755; x_wconf 85' lang='lat' dir='ltr'><strong><em>fuisse.</em></strong></span> 
     </span>
     <span class='ocr_line' id='line_1_21' title="bbox 234 1768 2341 1837; baseline -0 -17"><span class='ocrx_word' id='word_1_211' title='bbox 234 1768 383 1829; x_wconf 86' lang='lat' dir='ltr'><strong><em>Quod</em></strong></span> <span class='ocrx_word' id='word_1_212' title='bbox 418 1779 589 1820; x_wconf 83' lang='lat' dir='ltr'><strong><em>autem</em></strong></span> <span class='ocrx_word' id='word_1_213' title='bbox 625 1780 807 1835; x_wconf 77' lang='lat' dir='ltr'><strong><em>postea</em></strong></span> <span class='ocrx_word' id='word_1_214' title='bbox 842 1770 976 1820; x_wconf 89' lang='lat' dir='ltr'><strong><em>edidi</em></strong></span> <span class='ocrx_word' id='word_1_215' title='bbox 1013 1786 1144 1837; x_wconf 77' lang='lat' dir='ltr'><strong><em>quae</em></strong></span> <span class='ocrx_word' id='word_1_216' title='bbox 1176 1787 1282 1822; x_wconf 74' lang='lat' dir='ltr'><strong><em>rex</em></strong></span> <span class='ocrx_word' id='word_1_217' title='bbox 1312 1773 1398 1822; x_wconf 86' lang='lat' dir='ltr'><strong><em>ille</em></strong></span> <span class='ocrx_word' id='word_1_218' title='bbox 1433 1788 1467 1821; x_wconf 86' lang='lat' dir='ltr'><strong><em>a</em></strong></span> <span class='ocrx_word' id='word_1_219' title='bbox 1501 1771 1626 1822; x_wconf 87' lang='lat' dir='ltr'><strong><em>Iove</em></strong></span> <span class='ocrx_word' id='word_1_220' title='bbox 1661 1778 1806 1822; x_wconf 77' lang='lat' dir='ltr'><strong><em>ortus</em></strong></span> <span class='ocrx_word' id='word_1_221' title='bbox 1833 1784 1933 1833; x_wconf 90' lang='lat' dir='ltr'><strong><em>pro</em></strong></span> <span class='ocrx_word' id='word_1_222' title='bbox 1962 1770 2172 1835; x_wconf 85' lang='lat' dir='ltr'><strong><em>vulgato</em></strong></span> <span class='ocrx_word' id='word_1_223' title='bbox 2210 1784 2341 1836; x_wconf 87' lang='lat' dir='ltr'><strong><em>quae</em></strong></span> 
     </span>
     <span class='ocr_line' id='line_1_22' title="bbox 233 1837 2337 1901; baseline -0.002 -13"><span class='ocrx_word' id='word_1_224' title='bbox 233 1839 319 1889; x_wconf 87' lang='lat' dir='ltr'><strong><em>ille</em></strong></span> <span class='ocrx_word' id='word_1_225' title='bbox 355 1854 389 1887; x_wconf 91' lang='lat' dir='ltr'><strong><em>a</em></strong></span> <span class='ocrx_word' id='word_1_226' title='bbox 421 1837 549 1889; x_wconf 80' lang='lat' dir='ltr'><strong><em>Iove</em></strong></span> <span class='ocrx_word' id='word_1_227' title='bbox 585 1844 754 1901; x_wconf 81' lang='lat' dir='ltr'><strong><em>ortus,</em></strong></span> <span class='ocrx_word' id='word_1_228' title='bbox 803 1837 857 1887; x_wconf 86' lang='lat' dir='ltr'><strong><em>id</em></strong></span> <span class='ocrx_word' id='word_1_229' title='bbox 902 1848 1097 1888; x_wconf 87' lang='lat' dir='ltr'><strong><em>tantum</em></strong></span> <span class='ocrx_word' id='word_1_230' title='bbox 1143 1838 1289 1888; x_wconf 88' lang='lat' dir='ltr'><strong><em>abest</em></strong></span> <span class='ocrx_word' id='word_1_231' title='bbox 1335 1849 1391 1888; x_wconf 86' lang='lat' dir='ltr'><strong><em>ut</em></strong></span> <span class='ocrx_word' id='word_1_232' title='bbox 1425 1839 1670 1888; x_wconf 87' lang='lat' dir='ltr'><strong><em>audacius</em></strong></span> <span class='ocrx_word' id='word_1_233' title='bbox 1707 1837 1892 1888; x_wconf 80' lang='lat' dir='ltr'><strong><em>sactum</em></strong></span> <span class='ocrx_word' id='word_1_234' title='bbox 1932 1853 2048 1888; x_wconf 84' lang='lat' dir='ltr'><strong><em>esse</em></strong></span> <span class='ocrx_word' id='word_1_235' title='bbox 2086 1852 2337 1895; x_wconf 81' lang='lat' dir='ltr'><strong><em>censeam,</em></strong></span> 
     </span>
     <span class='ocr_line' id='line_1_23' title="bbox 233 1903 2337 1970; baseline -0.001 -16"><span class='ocrx_word' id='word_1_236' title='bbox 233 1913 291 1954; x_wconf 89' lang='lat' dir='ltr'><strong><em>ut</em></strong></span> <span class='ocrx_word' id='word_1_237' title='bbox 323 1907 477 1955; x_wconf 88' lang='lat' dir='ltr'><strong><em>mirer</em></strong></span> <span class='ocrx_word' id='word_1_238' title='bbox 510 1905 611 1955; x_wconf 89' lang='lat' dir='ltr'><strong><em>hoc</em></strong></span> <span class='ocrx_word' id='word_1_239' title='bbox 644 1906 716 1955; x_wconf 86' lang='lat' dir='ltr'><strong><em>ita</em></strong></span> <span class='ocrx_word' id='word_1_240' title='bbox 751 1905 1074 1956; x_wconf 86' lang='lat' dir='ltr'><strong><em>scribendum</em></strong></span> <span class='ocrx_word' id='word_1_241' title='bbox 1099 1922 1213 1956; x_wconf 89' lang='lat' dir='ltr'><strong><em>esse</em></strong></span> <span class='ocrx_word' id='word_1_242' title='bbox 1245 1907 1441 1956; x_wconf 85' lang='lat' dir='ltr'><strong><em>vidisse</em></strong></span> <span class='ocrx_word' id='word_1_243' title='bbox 1477 1922 1640 1970; x_wconf 88' lang='lat' dir='ltr'><strong><em>usque</em></strong></span> <span class='ocrx_word' id='word_1_244' title='bbox 1674 1905 1839 1955; x_wconf 88' lang='lat' dir='ltr'><strong><em>adhuc</em></strong></span> <span class='ocrx_word' id='word_1_245' title='bbox 1878 1904 2146 1956; x_wconf 88' lang='lat' dir='ltr'><strong><em>neminem.</em></strong></span> <span class='ocrx_word' id='word_1_246' title='bbox 2208 1903 2337 1954; x_wconf 88' lang='lat' dir='ltr'><strong><em>Nam</em></strong></span> 
     </span>
     <span class='ocr_line' id='line_1_24' title="bbox 235 1973 2337 2039; baseline -0 -16"><span class='ocrx_word' id='word_1_247' title='bbox 235 1988 393 2037; x_wconf 86' lang='lat' dir='ltr'><strong><em>quum</em></strong></span> <span class='ocrx_word' id='word_1_248' title='bbox 436 1974 490 2023; x_wconf 91' lang='lat' dir='ltr'><strong><em>in</em></strong></span> <span class='ocrx_word' id='word_1_249' title='bbox 535 1973 679 2023; x_wconf 88' lang='lat' dir='ltr'><strong><em>iibris</em></strong></span> <span class='ocrx_word' id='word_1_250' title='bbox 726 1990 890 2039; x_wconf 84' lang='lat' dir='ltr'><strong><em>paene</em></strong></span> <span class='ocrx_word' id='word_1_251' title='bbox 936 1974 1203 2035; x_wconf 88' lang='lat' dir='ltr'><strong><em>omnibus,</em></strong></span> <span class='ocrx_word' id='word_1_252' title='bbox 1251 1976 1404 2023; x_wconf 86' lang='lat' dir='ltr'><strong><em>etiam</em></strong></span> <span class='ocrx_word' id='word_1_253' title='bbox 1452 1975 1502 2023; x_wconf 88' lang='lat' dir='ltr'><strong><em>iu</em></strong></span> <span class='ocrx_word' id='word_1_254' title='bbox 1547 1974 1695 2026; x_wconf 86' lang='lat' dir='ltr'><strong><em>codd.</em></strong></span> <span class='ocrx_word' id='word_1_255' title='bbox 1741 1973 1864 2039; x_wconf 86' lang='lat' dir='ltr'><strong><em>Teg.</em></strong></span> <span class='ocrx_word' id='word_1_256' title='bbox 1896 1973 2021 2034; x_wconf 70' lang='lat' dir='ltr'><strong><em>Erf„</em></strong></span> <span class='ocrx_word' id='word_1_257' title='bbox 2067 1988 2170 2023; x_wconf 89' lang='lat' dir='ltr'><strong><em>non</em></strong></span> <span class='ocrx_word' id='word_1_258' title='bbox 2208 1987 2337 2039; x_wconf 84' lang='lat' dir='ltr'><strong><em>quae</em></strong></span> 
     </span>
     <span class='ocr_line' id='line_1_25' title="bbox 235 2041 2338 2107; baseline -0.002 -15"><span class='ocrx_word' id='word_1_259' title='bbox 235 2042 484 2106; x_wconf 86' lang='lat' dir='ltr'><strong><em>scriptum</em></strong></span> <span class='ocrx_word' id='word_1_260' title='bbox 519 2041 612 2101; x_wconf 91' lang='lat' dir='ltr'><strong><em>sit,</em></strong></span> <span class='ocrx_word' id='word_1_261' title='bbox 662 2042 755 2091; x_wconf 88' lang='lat' dir='ltr'><strong><em>sed</em></strong></span> <span class='ocrx_word' id='word_1_262' title='bbox 800 2058 901 2107; x_wconf 77' lang='lat' dir='ltr'><strong><em>qua</em></strong></span> <span class='ocrx_word' id='word_1_263' title='bbox 943 2058 1028 2104; x_wconf 87' lang='lat' dir='ltr'><strong><em>re,</em></strong></span> <span class='ocrx_word' id='word_1_264' title='bbox 1077 2056 1179 2091; x_wconf 91' lang='lat' dir='ltr'><strong><em>non</em></strong></span> <span class='ocrx_word' id='word_1_265' title='bbox 1227 2053 1305 2091; x_wconf 90' lang='lat' dir='ltr'><strong><em>est</em></strong></span> <span class='ocrx_word' id='word_1_266' title='bbox 1343 2041 1601 2107; x_wconf 86' lang='lat' dir='ltr'><strong><em>probabile</em></strong></span> <span class='ocrx_word' id='word_1_267' title='bbox 1635 2041 1753 2091; x_wconf 88' lang='lat' dir='ltr'><strong><em>olim</em></strong></span> <span class='ocrx_word' id='word_1_268' title='bbox 1792 2042 1859 2090; x_wconf 89' lang='lat' dir='ltr'><strong><em>ibi</em></strong></span> <span class='ocrx_word' id='word_1_269' title='bbox 1896 2042 2139 2107; x_wconf 87' lang='lat' dir='ltr'><strong><em>scriptum</em></strong></span> <span class='ocrx_word' id='word_1_270' title='bbox 2176 2042 2338 2090; x_wconf 75' lang='lat' dir='ltr'><strong><em>fnisse</em></strong></span> 
     </span>
     <span class='ocr_line' id='line_1_26' title="bbox 236 2107 2338 2175; baseline -0.001 -16"><span class='ocrx_word' id='word_1_271' title='bbox 236 2124 367 2175; x_wconf 79' lang='lat' dir='ltr'><strong><em>quae</em></strong></span> <span class='ocrx_word' id='word_1_272' title='bbox 394 2108 708 2173; x_wconf 86' lang='lat' dir='ltr'><strong><em>simpliciter.</em></strong></span> <span class='ocrx_word' id='word_1_273' title='bbox 767 2110 823 2157; x_wconf 89' lang='lat' dir='ltr'><strong><em>In</em></strong></span> <span class='ocrx_word' id='word_1_274' title='bbox 860 2124 922 2157; x_wconf 88' lang='lat' dir='ltr'><strong><em>ea</em></strong></span> <span class='ocrx_word' id='word_1_275' title='bbox 955 2118 1125 2159; x_wconf 87' lang='lat' dir='ltr'><strong><em>autem</em></strong></span> <span class='ocrx_word' id='word_1_276' title='bbox 1149 2109 1403 2174; x_wconf 83' lang='lat' dir='ltr'><strong><em>scriptura</em></strong></span> <span class='ocrx_word' id='word_1_277' title='bbox 1436 2109 1593 2160; x_wconf 84' lang='lat' dir='ltr'><strong><em>latere</em></strong></span> <span class='ocrx_word' id='word_1_278' title='bbox 1629 2125 1757 2174; x_wconf 86' lang='lat' dir='ltr'><strong><em>quae</em></strong></span> <span class='ocrx_word' id='word_1_279' title='bbox 1791 2125 1892 2160; x_wconf 75' lang='lat' dir='ltr'><strong><em>rex</em></strong></span> <span class='ocrx_word' id='word_1_280' title='bbox 1915 2118 2145 2174; x_wconf 85' lang='lat' dir='ltr'><strong><em>apparet.</em></strong></span> <span class='ocrx_word' id='word_1_281' title='bbox 2208 2107 2338 2158; x_wconf 87' lang='lat' dir='ltr'><strong><em>Nam</em></strong></span> 
     </span>
     <span class='ocr_line' id='line_1_27' title="bbox 235 2175 2337 2240; baseline 0 -16"><span class='ocrx_word' id='word_1_282' title='bbox 235 2190 406 2237; x_wconf 86' lang='lat' dir='ltr'><strong><em>neque</em></strong></span> <span class='ocrx_word' id='word_1_283' title='bbox 445 2177 530 2225; x_wconf 89' lang='lat' dir='ltr'><strong><em>ille</em></strong></span> <span class='ocrx_word' id='word_1_284' title='bbox 577 2191 611 2224; x_wconf 90' lang='lat' dir='ltr'><strong><em>a</em></strong></span> <span class='ocrx_word' id='word_1_285' title='bbox 652 2175 777 2226; x_wconf 81' lang='lat' dir='ltr'><strong><em>Iove</em></strong></span> <span class='ocrx_word' id='word_1_286' title='bbox 810 2183 955 2227; x_wconf 76' lang='lat' dir='ltr'><strong><em>ortus</em></strong></span> <span class='ocrx_word' id='word_1_287' title='bbox 988 2176 1114 2226; x_wconf 85' lang='lat' dir='ltr'><strong><em>satis</em></strong></span> <span class='ocrx_word' id='word_1_288' title='bbox 1148 2185 1285 2226; x_wconf 88' lang='lat' dir='ltr'><strong><em>recte</em></strong></span> <span class='ocrx_word' id='word_1_289' title='bbox 1328 2177 1518 2227; x_wconf 88' lang='lat' dir='ltr'><strong><em>dictum</em></strong></span> <span class='ocrx_word' id='word_1_290' title='bbox 1570 2176 1768 2226; x_wconf 85' lang='lat' dir='ltr'><strong><em>videtur</em></strong></span> <span class='ocrx_word' id='word_1_291' title='bbox 1823 2185 1871 2226; x_wconf 90' lang='lat' dir='ltr'><strong><em>et</em></strong></span> <span class='ocrx_word' id='word_1_292' title='bbox 1915 2178 2125 2226; x_wconf 84' lang='lat' dir='ltr'><strong><em>Atreum</em></strong></span> <span class='ocrx_word' id='word_1_293' title='bbox 2162 2188 2337 2240; x_wconf 84' lang='lat' dir='ltr'><strong><em>regem</em></strong></span> 
     </span>
     <span class='ocr_line' id='line_1_28' title="bbox 235 2241 2336 2308; baseline -0.001 -17"><span class='ocrx_word' id='word_1_294' title='bbox 235 2243 412 2308; x_wconf 87' lang='lat' dir='ltr'><strong><em>priore</em></strong></span> <span class='ocrx_word' id='word_1_295' title='bbox 445 2242 560 2291; x_wconf 90' lang='lat' dir='ltr'><strong><em>loco</em></strong></span> <span class='ocrx_word' id='word_1_296' title='bbox 594 2241 959 2307; x_wconf 86' lang='lat' dir='ltr'><strong><em>appellandum</em></strong></span> <span class='ocrx_word' id='word_1_297' title='bbox 993 2242 1175 2304; x_wconf 77' lang='lat' dir='ltr'><strong><em>fuisse,</em></strong></span> <span class='ocrx_word' id='word_1_298' title='bbox 1214 2244 1414 2304; x_wconf 89' lang='lat' dir='ltr'><strong><em>docent,</em></strong></span> <span class='ocrx_word' id='word_1_299' title='bbox 1452 2244 1541 2307; x_wconf 90' lang='lat' dir='ltr'><strong><em>qui</em></strong></span> <span class='ocrx_word' id='word_1_300' title='bbox 1576 2254 1874 2307; x_wconf 86' lang='lat' dir='ltr'><strong><em>sequuntur,</em></strong></span> <span class='ocrx_word' id='word_1_301' title='bbox 1910 2244 2095 2308; x_wconf 89' lang='lat' dir='ltr'><strong><em>pueri</em></strong></span> <span class='ocrx_word' id='word_1_302' title='bbox 2149 2242 2336 2305; x_wconf 84' lang='lat' dir='ltr'><strong><em>regii.</em></strong></span> 
     </span>
     <span class='ocr_line' id='line_1_29' title="bbox 234 2309 2339 2377; baseline -0.001 -18"><span class='ocrx_word' id='word_1_303' title='bbox 234 2310 350 2359; x_wconf 89' lang='lat' dir='ltr'><strong><em>Huc</em></strong></span> <span class='ocrx_word' id='word_1_304' title='bbox 391 2309 586 2359; x_wconf 87' lang='lat' dir='ltr'><strong><em>accedit</em></strong></span> <span class='ocrx_word' id='word_1_305' title='bbox 620 2310 759 2371; x_wconf 91' lang='lat' dir='ltr'><strong><em>quod</em></strong></span> <span class='ocrx_word' id='word_1_306' title='bbox 800 2326 904 2360; x_wconf 75' lang='lat' dir='ltr'><strong><em>rex</em></strong></span> <span class='ocrx_word' id='word_1_307' title='bbox 939 2311 1059 2361; x_wconf 89' lang='lat' dir='ltr'><strong><em>olim</em></strong></span> <span class='ocrx_word' id='word_1_308' title='bbox 1105 2327 1198 2377; x_wconf 89' lang='lat' dir='ltr'><strong><em>per</em></strong></span> <span class='ocrx_word' id='word_1_309' title='bbox 1232 2311 1589 2376; x_wconf 85' lang='lat' dir='ltr'><strong><em>compendium</em></strong></span> <span class='ocrx_word' id='word_1_310' title='bbox 1626 2312 1964 2370; x_wconf 83' lang='lat' dir='ltr'><strong><em>scribebatur,</em></strong></span> <span class='ocrx_word' id='word_1_311' title='bbox 2010 2310 2127 2359; x_wconf 84' lang='lat' dir='ltr'><strong><em>vide</em></strong></span> <span class='ocrx_word' id='word_1_312' title='bbox 2172 2310 2339 2359; x_wconf 78' lang='lat' dir='ltr'><strong><em>Notas</em></strong></span> 
     </span>
     <span class='ocr_line' id='line_1_30' title="bbox 244 2376 2340 2444; baseline -0.001 -17"><span class='ocrx_word' id='word_1_313' title='bbox 244 2377 530 2427; x_wconf 79' lang='lat' dir='ltr'><strong><em>Vaticanus</em></strong></span> <span class='ocrx_word' id='word_1_314' title='bbox 571 2377 625 2425; x_wconf 88' lang='lat' dir='ltr'><strong><em>in</em></strong></span> <span class='ocrx_word' id='word_1_315' title='bbox 670 2377 730 2426; x_wconf 87' lang='lat' dir='ltr'><strong><em>H.</em></strong></span> <span class='ocrx_word' id='word_1_316' title='bbox 777 2376 923 2444; x_wconf 87' lang='lat' dir='ltr'><strong><em>Keilii</em></strong></span> <span class='ocrx_word' id='word_1_317' title='bbox 971 2378 1242 2430; x_wconf 79' lang='lat' dir='ltr'><strong><em>Grammat.</em></strong></span> <span class='ocrx_word' id='word_1_318' title='bbox 1290 2380 1463 2429; x_wconf 88' lang='lat' dir='ltr'><strong><em>Latin.</em></strong></span> <span class='ocrx_word' id='word_1_319' title='bbox 1507 2378 1608 2428; x_wconf 91' lang='lat' dir='ltr'><strong><em>vol.</em></strong></span> <span class='ocrx_word' id='word_1_320' title='bbox 1656 2379 1763 2427; x_wconf 88' lang='lat'>1111.</span> <span class='ocrx_word' id='word_1_321' title='bbox 1801 2394 1855 2444; x_wconf 76' lang='lat' dir='ltr'><strong><em>p,</em></strong></span> <span class='ocrx_word' id='word_1_322' title='bbox 1876 2380 1992 2429; x_wconf 86' lang='lat'><strong><em>313.</em></strong></span> <span class='ocrx_word' id='word_1_323' title='bbox 2029 2387 2136 2427; x_wconf 88' lang='lat' dir='ltr'><strong><em>tum</em></strong></span> <span class='ocrx_word' id='word_1_324' title='bbox 2172 2377 2340 2427; x_wconf 78' lang='lat' dir='ltr'><strong><em>Notas</em></strong></span> 
     </span>
     <span class='ocr_line' id='line_1_31' title="bbox 234 2444 2340 2527; baseline -0.002 -32"><span class='ocrx_word' id='word_1_325' title='bbox 234 2445 506 2509; x_wconf 74' lang='lat' dir='ltr'><strong><em>Papianas</em></strong></span> <span class='ocrx_word' id='word_1_326' title='bbox 549 2451 599 2495; x_wconf 87' lang='lat' dir='ltr'><strong><em>et</em></strong></span> <span class='ocrx_word' id='word_1_327' title='bbox 643 2444 994 2496; x_wconf 76' lang='lat' dir='ltr'><strong><em>Einsidlenses</em></strong></span> <span class='ocrx_word' id='word_1_328' title='bbox 1046 2461 1097 2512; x_wconf 90' lang='lat' dir='ltr'><strong><em>p.</em></strong></span> <span class='ocrx_word' id='word_1_329' title='bbox 1141 2449 1240 2497; x_wconf 83' lang='grc'><strong><em>327</em></strong></span> <span class='ocrx_word' id='word_1_330' title='bbox 1282 2462 1365 2509; x_wconf 87' lang='lat' dir='ltr'><strong><em>sq.</em></strong></span> <span class='ocrx_word' id='word_1_331' title='bbox 1433 2446 1651 2508; x_wconf 86' lang='lat' dir='ltr'><strong><em>denique</em></strong></span> <span class='ocrx_word' id='word_1_332' title='bbox 1701 2446 1854 2497; x_wconf 82' lang='lat' dir='ltr'><strong><em>Petri</em></strong></span> <span class='ocrx_word' id='word_1_333' title='bbox 1912 2446 2135 2496; x_wconf 86' lang='lat' dir='ltr'><strong><em>Diaconi</em></strong></span> <span class='ocrx_word' id='word_1_334' title='bbox 2189 2449 2340 2527; x_wconf 41' lang='grc' dir='ltr'><strong><em>πρίω</em></strong></span> 
     </span>
    </p>
   </div>
   <div class='ocr_carea' id='block_1_3' title="bbox 235 2528 2338 2606">
    <p class='ocr_par' dir='ltr' id='par_1_3' title="bbox 235 2528 2338 2606">
     <span class='ocr_line' id='line_1_32' title="bbox 235 2528 2338 2606; baseline 0.002 -29"><span class='ocrx_word' id='word_1_335' title='bbox 235 2544 293 2595; x_wconf 91' lang='lat' dir='ltr'><strong><em>p.</em></strong></span> <span class='ocrx_word' id='word_1_336' title='bbox 319 2530 453 2592; x_wconf 70' lang='lat'>345„</span> <span class='ocrx_word' id='word_1_337' title='bbox 491 2529 676 2591; x_wconf 88' lang='lat' dir='ltr'><strong><em>quibus</em></strong></span> <span class='ocrx_word' id='word_1_338' title='bbox 711 2528 838 2578; x_wconf 91' lang='lat' dir='ltr'><strong><em>locis</em></strong></span> <span class='ocrx_word' id='word_1_339' title='bbox 875 2529 1072 2580; x_wconf 85' lang='lat' dir='ltr'><strong><em>collatis</em></strong></span> <span class='ocrx_word' id='word_1_340' title='bbox 1108 2531 1375 2595; x_wconf 87' lang='lat' dir='ltr'><strong><em>apparebit</em></strong></span> <span class='ocrx_word' id='word_1_341' title='bbox 1406 2530 1491 2579; x_wconf 88' lang='lat' dir='ltr'><strong><em>hic</em></strong></span> <span class='ocrx_word' id='word_1_342' title='bbox 1523 2531 1635 2579; x_wconf 88' lang='lat' dir='ltr'><strong><em>sine</em></strong></span> <span class='ocrx_word' id='word_1_343' title='bbox 1670 2529 1826 2580; x_wconf 91' lang='lat' dir='ltr'><strong><em>dubio</em></strong></span> <span class='ocrx_word' id='word_1_344' title='bbox 1862 2528 2166 2593; x_wconf 86' lang='lat' dir='ltr'><strong><em>compendia</em></strong></span> <span class='ocrx_word' id='word_1_345' title='bbox 2219 2532 2338 2606; x_wconf 67' lang='lat' dir='ltr'><strong><em>qk,</em></strong></span> 
     </span>
    </p>
   </div>
   <div class='ocr_carea' id='block_1_4' title="bbox 236 2619 2335 2707">
    <p class='ocr_par' dir='ltr' id='par_1_4' title="bbox 236 2619 2335 2707">
     <span class='ocr_line' id='line_1_33' title="bbox 236 2619 2335 2707; baseline -0.003 -26"><span class='ocrx_word' id='word_1_346' title='bbox 236 2630 294 2681; x_wconf 88' lang='lat' dir='ltr'><strong><em>id</em></strong></span> <span class='ocrx_word' id='word_1_347' title='bbox 327 2639 407 2681; x_wconf 88' lang='grc' dir='ltr'><strong><em>εει</em></strong></span> <span class='ocrx_word' id='word_1_348' title='bbox 452 2645 634 2696; x_wconf 85' lang='lat' dir='ltr'><strong><em>quare,</em></strong></span> <span class='ocrx_word' id='word_1_349' title='bbox 681 2639 731 2679; x_wconf 90' lang='lat' dir='ltr'><strong><em>et</em></strong></span> <span class='ocrx_word' id='word_1_350' title='bbox 767 2619 907 2707; x_wconf 51' lang='lat' dir='ltr'><strong><em>(fij-R,</em></strong></span> <span class='ocrx_word' id='word_1_351' title='bbox 944 2630 996 2680; x_wconf 90' lang='lat' dir='ltr'><strong><em>id</em></strong></span> <span class='ocrx_word' id='word_1_352' title='bbox 1015 2640 1109 2694; x_wconf 80' lang='lat' dir='ltr'><strong><em>est,</em></strong></span> <span class='ocrx_word' id='word_1_353' title='bbox 1129 2647 1260 2696; x_wconf 86' lang='lat' dir='ltr'><strong><em>quae</em></strong></span> <span class='ocrx_word' id='word_1_354' title='bbox 1278 2647 1381 2683; x_wconf 74' lang='lat' dir='ltr'><strong><em>rex</em></strong></span> <span class='ocrx_word' id='word_1_355' title='bbox 1407 2647 1520 2681; x_wconf 88' lang='lat' dir='ltr'><strong><em>esse</em></strong></span> <span class='ocrx_word' id='word_1_356' title='bbox 1547 2629 1776 2681; x_wconf 85' lang='lat' dir='ltr'><strong><em>confusa.</em></strong></span> <span class='ocrx_word' id='word_1_357' title='bbox 1814 2629 1990 2679; x_wconf 87' lang='lat' dir='ltr'><strong><em>Paullo</em></strong></span> <span class='ocrx_word' id='word_1_358' title='bbox 2017 2637 2150 2694; x_wconf 88' lang='lat' dir='ltr'><strong><em>post,</em></strong></span> <span class='ocrx_word' id='word_1_359' title='bbox 2176 2642 2335 2690; x_wconf 88' lang='lat' dir='ltr'><strong><em>quum</em></strong></span> 
     </span>
    </p>
   </div>
   <div class='ocr_carea' id='block_1_5' title="bbox 227 2712 2341 3586">
    <p class='ocr_par' dir='ltr' id='par_1_5' title="bbox 227 2712 2341 3586">
     <span class='ocr_line' id='line_1_34' title="bbox 232 2712 2337 2774; baseline -0.001 -12"><span class='ocrx_word' id='word_1_360' title='bbox 232 2715 290 2763; x_wconf 89' lang='lat' dir='ltr'><strong><em>in</em></strong></span> <span class='ocrx_word' id='word_1_361' title='bbox 325 2712 468 2763; x_wconf 81' lang='lat' dir='ltr'><strong><em>libris</em></strong></span> <span class='ocrx_word' id='word_1_362' title='bbox 503 2712 608 2762; x_wconf 77' lang='lat' dir='ltr'><strong><em>fere</em></strong></span> <span class='ocrx_word' id='word_1_363' title='bbox 643 2715 832 2765; x_wconf 70' lang='lat' dir='ltr'><strong><em>nostris</em></strong></span> <span class='ocrx_word' id='word_1_364' title='bbox 865 2716 950 2774; x_wconf 90' lang='lat' dir='ltr'><strong><em>sit,</em></strong></span> <span class='ocrx_word' id='word_1_365' title='bbox 987 2717 1146 2766; x_wconf 77' lang='lat' dir='ltr'><strong><em>nostis</em></strong></span> <span class='ocrx_word' id='word_1_366' title='bbox 1168 2717 1272 2765; x_wconf 85' lang='lat' dir='ltr'><strong><em>veri</em></strong></span> <span class='ocrx_word' id='word_1_367' title='bbox 1298 2716 1609 2765; x_wconf 85' lang='lat' dir='ltr'><strong><em>simillimum</em></strong></span> <span class='ocrx_word' id='word_1_368' title='bbox 1634 2724 1713 2764; x_wconf 89' lang='lat' dir='ltr'><strong><em>est</em></strong></span> <span class='ocrx_word' id='word_1_369' title='bbox 1751 2713 1837 2764; x_wconf 90' lang='lat' dir='ltr'><strong><em>hic</em></strong></span> <span class='ocrx_word' id='word_1_370' title='bbox 1873 2712 1993 2763; x_wconf 90' lang='lat' dir='ltr'><strong><em>olim</em></strong></span> <span class='ocrx_word' id='word_1_371' title='bbox 2022 2712 2187 2762; x_wconf 79' lang='lat' dir='ltr'><strong><em>fuisse</em></strong></span> <span class='ocrx_word' id='word_1_372' title='bbox 2212 2712 2337 2760; x_wconf 88' lang='lat' dir='ltr'><strong><em>scri·</em></strong></span> 
     </span>
     <span class='ocr_line' id='line_1_35' title="bbox 232 2779 2336 2847; baseline -0.001 -18"><span class='ocrx_word' id='word_1_373' title='bbox 232 2790 399 2847; x_wconf 88' lang='lat' dir='ltr'><strong><em>ptum,</em></strong></span> <span class='ocrx_word' id='word_1_374' title='bbox 435 2779 490 2830; x_wconf 85' lang='lat' dir='ltr'><strong><em>id</em></strong></span> <span class='ocrx_word' id='word_1_375' title='bbox 531 2780 671 2843; x_wconf 88' lang='lat' dir='ltr'><strong><em>quod</em></strong></span> <span class='ocrx_word' id='word_1_376' title='bbox 704 2782 935 2847; x_wconf 88' lang='lat' dir='ltr'><strong><em>reposui.</em></strong></span> <span class='ocrx_word' id='word_1_377' title='bbox 1018 2780 1243 2847; x_wconf 76' lang='lat' dir='ltr'><strong><em>Cap.25‚</em></strong></span> <span class='ocrx_word' id='word_1_378' title='bbox 1281 2784 1327 2844; x_wconf 65' lang='grc' dir='ltr'><strong><em>ξ.</em></strong></span> <span class='ocrx_word' id='word_1_379' title='bbox 1356 2784 1436 2833; x_wconf 86' lang='grc'><strong><em>61.</em></strong></span> <span class='ocrx_word' id='word_1_380' title='bbox 1480 2784 1533 2832; x_wconf 91' lang='lat' dir='ltr'><strong><em>in</em></strong></span> <span class='ocrx_word' id='word_1_381' title='bbox 1578 2782 1691 2832; x_wconf 86' lang='lat' dir='ltr'><strong><em>loco</em></strong></span> <span class='ocrx_word' id='word_1_382' title='bbox 1726 2782 1867 2831; x_wconf 86' lang='lat' dir='ltr'><strong><em>varie</em></strong></span> <span class='ocrx_word' id='word_1_383' title='bbox 1910 2790 2154 2844; x_wconf 81' lang='lat' dir='ltr'><strong><em>temptato</em></strong></span> <span class='ocrx_word' id='word_1_384' title='bbox 2202 2793 2336 2827; x_wconf 91' lang='lat' dir='ltr'><strong><em>nunc</em></strong></span> 
     </span>
     <span class='ocr_line' id='line_1_36' title="bbox 232 2846 2337 2913; baseline -0.002 -14"><span class='ocrx_word' id='word_1_385' title='bbox 232 2848 423 2913; x_wconf 82' lang='lat' dir='ltr'><strong><em>scripsi</em></strong></span> <span class='ocrx_word' id='word_1_386' title='bbox 459 2847 529 2906; x_wconf 84' lang='lat' dir='ltr'><strong><em>id,</em></strong></span> <span class='ocrx_word' id='word_1_387' title='bbox 567 2848 708 2909; x_wconf 90' lang='lat' dir='ltr'><strong><em>quod</em></strong></span> <span class='ocrx_word' id='word_1_388' title='bbox 742 2857 792 2898; x_wconf 88' lang='lat' dir='ltr'><strong><em>et</em></strong></span> <span class='ocrx_word' id='word_1_389' title='bbox 824 2848 1067 2899; x_wconf 86' lang='lat' dir='ltr'><strong><em>librorum</em></strong></span> <span class='ocrx_word' id='word_1_390' title='bbox 1103 2852 1391 2901; x_wconf 85' lang='lat' dir='ltr'><strong><em>auctoritati</em></strong></span> <span class='ocrx_word' id='word_1_391' title='bbox 1427 2850 1636 2899; x_wconf 88' lang='lat' dir='ltr'><strong><em>minime</em></strong></span> <span class='ocrx_word' id='word_1_392' title='bbox 1658 2847 1947 2913; x_wconf 81' lang='lat' dir='ltr'><strong><em>refragatur</em></strong></span> <span class='ocrx_word' id='word_1_393' title='bbox 1972 2856 2021 2895; x_wconf 87' lang='grc' dir='ltr'><strong>ει</strong></span> <span class='ocrx_word' id='word_1_394' title='bbox 2044 2846 2110 2895; x_wconf 87' lang='lat' dir='ltr'><strong><em>ad</em></strong></span> <span class='ocrx_word' id='word_1_395' title='bbox 2134 2857 2337 2896; x_wconf 86' lang='lat' dir='ltr'><strong><em>senten-</em></strong></span> 
     </span>
     <span class='ocr_line' id='line_1_37' title="bbox 232 2914 2333 2980; baseline -0 -15"><span class='ocrx_word' id='word_1_396' title='bbox 232 2917 360 2965; x_wconf 88' lang='lat' dir='ltr'><strong><em>tiam</em></strong></span> <span class='ocrx_word' id='word_1_397' title='bbox 398 2914 496 2964; x_wconf 90' lang='lat' dir='ltr'><strong><em>loci</em></strong></span> <span class='ocrx_word' id='word_1_398' title='bbox 531 2916 856 2979; x_wconf 84' lang='lat' dir='ltr'><strong><em>aptissimum</em></strong></span> <span class='ocrx_word' id='word_1_399' title='bbox 891 2932 1005 2967; x_wconf 88' lang='lat' dir='ltr'><strong><em>esse</em></strong></span> <span class='ocrx_word' id='word_1_400' title='bbox 1040 2917 1263 2967; x_wconf 85' lang='lat' dir='ltr'><strong><em>videtur:</em></strong></span> <span class='ocrx_word' id='word_1_401' title='bbox 1326 2917 1482 2979; x_wconf 71' lang='lat' dir='ltr'><strong><em>Quasi</em></strong></span> <span class='ocrx_word' id='word_1_402' title='bbox 1521 2932 1643 2968; x_wconf 86' lang='lat' dir='ltr'><strong><em>vero</em></strong></span> <span class='ocrx_word' id='word_1_403' title='bbox 1685 2918 1772 2965; x_wconf 78' lang='lat' dir='ltr'><strong><em>isti</em></strong></span> <span class='ocrx_word' id='word_1_404' title='bbox 1805 2930 1930 2980; x_wconf 78' lang='lat' dir='ltr'><strong><em>quos</em></strong></span> <span class='ocrx_word' id='word_1_405' title='bbox 1964 2928 2333 2970; x_wconf 79' lang='lat' dir='ltr'><strong><em>commemoras,</em></strong></span> 
     </span>
     <span class='ocr_line' id='line_1_38' title="bbox 227 2978 2336 3050; baseline -0 -18"><span class='ocrx_word' id='word_1_406' title='bbox 227 2989 520 3048; x_wconf 87' lang='lat' dir='ltr'><strong><em>propterea</em></strong></span> <span class='ocrx_word' id='word_1_407' title='bbox 548 2984 874 3047; x_wconf 61' lang='lat' dir='ltr'><strong><em>magistratus</em></strong></span> <span class='ocrx_word' id='word_1_408' title='bbox 913 2986 1160 3049; x_wconf 85' lang='lat' dir='ltr'><strong><em>ceperint,</em></strong></span> <span class='ocrx_word' id='word_1_409' title='bbox 1192 2987 1332 3050; x_wconf 85' lang='lat' dir='ltr'><strong><em>quod</em></strong></span> <span class='ocrx_word' id='word_1_410' title='bbox 1350 2986 1740 3049; x_wconf 77' lang='lat' dir='ltr'><strong><em>triumpharant,</em></strong></span> <span class='ocrx_word' id='word_1_411' title='bbox 1790 2990 1843 3033; x_wconf 87' lang='lat' dir='ltr'><strong><em>et</em></strong></span> <span class='ocrx_word' id='word_1_412' title='bbox 1883 2996 1985 3033; x_wconf 85' lang='lat' dir='ltr'><strong><em>non</em></strong></span> <span class='ocrx_word' id='word_1_413' title='bbox 2018 2978 2336 3047; x_wconf 84' lang='lat' dir='ltr'><strong><em>[propterea</em></strong></span> 
     </span>
     <span class='ocr_line' id='line_1_39' title="bbox 232 3048 2334 3117; baseline -0.002 -16"><span class='ocrx_word' id='word_1_414' title='bbox 232 3048 644 3114; x_wconf 83' lang='lat' dir='ltr'><strong><em>triumpharintJ,</em></strong></span> <span class='ocrx_word' id='word_1_415' title='bbox 675 3054 791 3116; x_wconf 85' lang='lat' dir='ltr'><strong><em>quia</em></strong></span> <span class='ocrx_word' id='word_1_416' title='bbox 825 3053 1070 3102; x_wconf 75' lang='lat' dir='ltr'><strong><em>commissi</em></strong></span> <span class='ocrx_word' id='word_1_417' title='bbox 1100 3059 1214 3102; x_wconf 77' lang='lat' dir='ltr'><strong><em>sunt</em></strong></span> <span class='ocrx_word' id='word_1_418' title='bbox 1231 3054 1297 3104; x_wconf 74' lang='lat' dir='ltr'><strong><em>iis</em></strong></span> <span class='ocrx_word' id='word_1_419' title='bbox 1313 3054 1651 3117; x_wconf 69' lang='lat' dir='ltr'><strong><em>mayistratus,</em></strong></span> <span class='ocrx_word' id='word_1_420' title='bbox 1671 3052 1724 3099; x_wconf 85' lang='lat' dir='ltr'><strong><em>in</em></strong></span> <span class='ocrx_word' id='word_1_421' title='bbox 1751 3050 1929 3115; x_wconf 74' lang='lat' dir='ltr'><strong><em>quibus</em></strong></span> <span class='ocrx_word' id='word_1_422' title='bbox 1951 3065 2011 3100; x_wconf 88' lang='lat' dir='ltr'><strong><em>re</em></strong></span> <span class='ocrx_word' id='word_1_423' title='bbox 2036 3050 2161 3100; x_wconf 85' lang='lat' dir='ltr'><strong><em>bene</em></strong></span> <span class='ocrx_word' id='word_1_424' title='bbox 2182 3055 2334 3115; x_wconf 74' lang='lat' dir='ltr'><strong><em>qesta</em></strong></span> 
     </span>
     <span class='ocr_line' id='line_1_40' title="bbox 234 3116 2339 3183; baseline -0.001 -16"><span class='ocrx_word' id='word_1_425' title='bbox 234 3118 638 3181; x_wconf 69' lang='lat' dir='ltr'><strong><em>triumpharent.</em></strong></span> <span class='ocrx_word' id='word_1_426' title='bbox 686 3116 858 3167; x_wconf 85' lang='lat' dir='ltr'><strong><em>Cicero</em></strong></span> <span class='ocrx_word' id='word_1_427' title='bbox 898 3118 997 3168; x_wconf 91' lang='lat' dir='ltr'><strong><em>hoc</em></strong></span> <span class='ocrx_word' id='word_1_428' title='bbox 1022 3119 1131 3168; x_wconf 86' lang='lat' dir='ltr'><strong><em>vult</em></strong></span> <span class='ocrx_word' id='word_1_429' title='bbox 1166 3119 1356 3169; x_wconf 83' lang='lat' dir='ltr'><strong><em>dicere:</em></strong></span> <span class='ocrx_word' id='word_1_430' title='bbox 1404 3118 1537 3169; x_wconf 87' lang='lat' dir='ltr'><strong><em>Non</em></strong></span> <span class='ocrx_word' id='word_1_431' title='bbox 1570 3117 1986 3183; x_wconf 84' lang='lat' dir='ltr'><strong><em>magistratus</em></strong></span> <span class='ocrx_word' id='word_1_432' title='bbox 2025 3116 2116 3165; x_wconf 90' lang='lat' dir='ltr'><strong><em>illi</em></strong></span> <span class='ocrx_word' id='word_1_433' title='bbox 2153 3131 2339 3181; x_wconf 89' lang='lat' dir='ltr'><strong><em>cepe-</em></strong></span> 
     </span>
     <span class='ocr_line' id='line_1_41' title="bbox 234 3183 2341 3251; baseline -0.002 -16"><span class='ocrx_word' id='word_1_434' title='bbox 234 3194 414 3244; x_wconf 85' lang='lat' dir='ltr'><strong><em>runt,</em></strong></span> <span class='ocrx_word' id='word_1_435' title='bbox 451 3184 619 3247; x_wconf 93' lang='lat' dir='ltr'><strong><em>quod</em></strong></span> <span class='ocrx_word' id='word_1_436' title='bbox 652 3186 1147 3251; x_wconf 82' lang='lat' dir='ltr'><strong><em>triumpharant,</em></strong></span> <span class='ocrx_word' id='word_1_437' title='bbox 1173 3187 1283 3237; x_wconf 89' lang='lat' dir='ltr'><strong><em>sed</em></strong></span> <span class='ocrx_word' id='word_1_438' title='bbox 1307 3185 1808 3250; x_wconf 85' lang='lat' dir='ltr'><strong><em>triumpharunt,</em></strong></span> <span class='ocrx_word' id='word_1_439' title='bbox 1844 3183 2015 3247; x_wconf 88' lang='lat' dir='ltr'><strong><em>quod</em></strong></span> <span class='ocrx_word' id='word_1_440' title='bbox 2048 3184 2129 3231; x_wconf 89' lang='lat' dir='ltr'><strong><em>iis</em></strong></span> <span class='ocrx_word' id='word_1_441' title='bbox 2162 3190 2341 3231; x_wconf 85' lang='lat' dir='ltr'><strong><em>erant</em></strong></span> 
     </span>
     <span class='ocr_line' id='line_1_42' title="bbox 235 3248 2340 3317; baseline -0.002 -15"><span class='ocrx_word' id='word_1_442' title='bbox 235 3252 559 3302; x_wconf 86' lang='lat' dir='ltr'><strong><em>commissi</em></strong></span> <span class='ocrx_word' id='word_1_443' title='bbox 585 3254 1036 3317; x_wconf 82' lang='lat' dir='ltr'><strong><em>magistratus,</em></strong></span> <span class='ocrx_word' id='word_1_444' title='bbox 1066 3261 1133 3302; x_wconf 88' lang='lat' dir='ltr'><strong><em>ut</em></strong></span> <span class='ocrx_word' id='word_1_445' title='bbox 1163 3253 1562 3317; x_wconf 86' lang='lat' dir='ltr'><strong><em>triumphare</em></strong></span> <span class='ocrx_word' id='word_1_446' title='bbox 1587 3261 1869 3316; x_wconf 85' lang='lat' dir='ltr'><strong><em>possent.</em></strong></span> <span class='ocrx_word' id='word_1_447' title='bbox 1929 3250 1988 3298; x_wconf 91' lang='lat' dir='ltr'><strong><em>In</em></strong></span> <span class='ocrx_word' id='word_1_448' title='bbox 2014 3248 2096 3299; x_wconf 90' lang='lat' dir='ltr'><strong><em>his</em></strong></span> <span class='ocrx_word' id='word_1_449' title='bbox 2125 3257 2340 3314; x_wconf 84' lang='lat' dir='ltr'><strong><em>apparet</em></strong></span> 
     </span>
     <span class='ocr_line' id='line_1_43' title="bbox 233 3314 2339 3384; baseline -0.003 -15"><span class='ocrx_word' id='word_1_450' title='bbox 233 3319 385 3370; x_wconf 78' lang='lat' dir='ltr'><strong><em>facile</em></strong></span> <span class='ocrx_word' id='word_1_451' title='bbox 420 3327 542 3384; x_wconf 90' lang='lat' dir='ltr'><strong><em>post</em></strong></span> <span class='ocrx_word' id='word_1_452' title='bbox 575 3325 627 3368; x_wconf 82' lang='lat' dir='ltr'><strong><em>et</em></strong></span> <span class='ocrx_word' id='word_1_453' title='bbox 659 3335 760 3371; x_wconf 90' lang='lat' dir='ltr'><strong><em>non</em></strong></span> <span class='ocrx_word' id='word_1_454' title='bbox 795 3319 1031 3369; x_wconf 84' lang='lat' dir='ltr'><strong><em>excidere</em></strong></span> <span class='ocrx_word' id='word_1_455' title='bbox 1063 3319 1298 3383; x_wconf 85' lang='lat' dir='ltr'><strong><em>potuisse</em></strong></span> <span class='ocrx_word' id='word_1_456' title='bbox 1332 3319 1710 3383; x_wconf 68' lang='lat' dir='ltr'><strong><em>triumpharint,</em></strong></span> <span class='ocrx_word' id='word_1_457' title='bbox 1756 3317 1879 3379; x_wconf 86' lang='lat' dir='ltr'><strong><em>quia</em></strong></span> <span class='ocrx_word' id='word_1_458' title='bbox 1912 3314 2066 3364; x_wconf 91' lang='lat' dir='ltr'><strong><em>modo</em></strong></span> <span class='ocrx_word' id='word_1_459' title='bbox 2104 3329 2339 3378; x_wconf 84' lang='lat' dir='ltr'><strong><em>praeces·</em></strong></span> 
     </span>
     <span class='ocr_line' id='line_1_44' title="bbox 234 3382 2341 3450; baseline -0.004 -13"><span class='ocrx_word' id='word_1_460' title='bbox 234 3397 378 3437; x_wconf 85' lang='lat' dir='ltr'><strong><em>serat</em></strong></span> <span class='ocrx_word' id='word_1_461' title='bbox 422 3386 799 3450; x_wconf 82' lang='lat' dir='ltr'><strong><em>triumpharant</em></strong></span> <span class='ocrx_word' id='word_1_462' title='bbox 840 3395 890 3436; x_wconf 88' lang='grc' dir='ltr'><strong>ει</strong></span> <span class='ocrx_word' id='word_1_463' title='bbox 933 3399 993 3435; x_wconf 89' lang='lat' dir='ltr'><strong><em>eo</em></strong></span> <span class='ocrx_word' id='word_1_464' title='bbox 1037 3384 1151 3436; x_wconf 89' lang='lat' dir='ltr'><strong><em>loco</em></strong></span> <span class='ocrx_word' id='word_1_465' title='bbox 1197 3387 1314 3436; x_wconf 87' lang='lat' dir='ltr'><strong><em>libri</em></strong></span> <span class='ocrx_word' id='word_1_466' title='bbox 1356 3386 1650 3450; x_wconf 87' lang='lat' dir='ltr'><strong><em>discrepant</em></strong></span> <span class='ocrx_word' id='word_1_467' title='bbox 1698 3385 1830 3433; x_wconf 85' lang='lat' dir='ltr'><strong><em>inter</em></strong></span> <span class='ocrx_word' id='word_1_468' title='bbox 1872 3382 2246 3445; x_wconf 83' lang='lat' dir='ltr'><strong><em>triumpharant</em></strong></span> <span class='ocrx_word' id='word_1_469' title='bbox 2291 3388 2341 3428; x_wconf 88' lang='lat' dir='ltr'><strong><em>et</em></strong></span> 
     </span>
     <span class='ocr_line' id='line_1_45' title="bbox 234 3447 2340 3518; baseline -0.005 -14"><span class='ocrx_word' id='word_1_470' title='bbox 234 3454 618 3517; x_wconf 85' lang='lat' dir='ltr'><strong><em>triumpharunt</em></strong></span> <span class='ocrx_word' id='word_1_471' title='bbox 649 3462 700 3503; x_wconf 89' lang='grc' dir='ltr'><strong>ει</strong></span> <span class='ocrx_word' id='word_1_472' title='bbox 732 3452 1105 3518; x_wconf 83' lang='lat' dir='ltr'><strong><em>triumpharint.</em></strong></span> <span class='ocrx_word' id='word_1_473' title='bbox 1177 3453 1351 3503; x_wconf 82' lang='lat' dir='ltr'><strong><em>Altero</em></strong></span> <span class='ocrx_word' id='word_1_474' title='bbox 1387 3461 1557 3502; x_wconf 85' lang='lat' dir='ltr'><strong><em>autem</em></strong></span> <span class='ocrx_word' id='word_1_475' title='bbox 1591 3451 1704 3501; x_wconf 93' lang='lat' dir='ltr'><strong><em>loco</em></strong></span> <span class='ocrx_word' id='word_1_476' title='bbox 1740 3451 1794 3498; x_wconf 89' lang='lat' dir='ltr'><strong><em>in</em></strong></span> <span class='ocrx_word' id='word_1_477' title='bbox 1827 3448 2022 3498; x_wconf 82' lang='lat' dir='ltr'><strong><em>verbis:</em></strong></span> <span class='ocrx_word' id='word_1_478' title='bbox 2051 3449 2130 3496; x_wconf 65' lang='lat' dir='ltr'><strong><em>&gt;in</em></strong></span> <span class='ocrx_word' id='word_1_479' title='bbox 2166 3447 2340 3512; x_wconf 75' lang='lat' dir='ltr'><strong><em>quibus</em></strong></span> 
     </span>
     <span class='ocr_line' id='line_1_46' title="bbox 234 3511 2334 3586; baseline -0.01 -14"><span class='ocrx_word' id='word_1_480' title='bbox 234 3536 296 3573; x_wconf 81' lang='lat' dir='ltr'><strong><em>re</em></strong></span> <span class='ocrx_word' id='word_1_481' title='bbox 333 3521 461 3571; x_wconf 85' lang='lat' dir='ltr'><strong><em>bene</em></strong></span> <span class='ocrx_word' id='word_1_482' title='bbox 493 3527 640 3584; x_wconf 61' lang='lat' dir='ltr'><strong><em>,qesta</em></strong></span> <span class='ocrx_word' id='word_1_483' title='bbox 677 3520 1057 3583; x_wconf 86' lang='lat' dir='ltr'><strong><em>triumpharent,</em></strong></span> <span class='ocrx_word' id='word_1_484' title='bbox 1095 3519 1229 3569; x_wconf 88' lang='lat' dir='ltr'><strong><em>nulla</em></strong></span> <span class='ocrx_word' id='word_1_485' title='bbox 1264 3519 1369 3570; x_wconf 80' lang='lat' dir='ltr'><strong><em>fere</em></strong></span> <span class='ocrx_word' id='word_1_486' title='bbox 1404 3527 1481 3586; x_wconf 80' lang='lat' dir='ltr'><strong><em>est</em></strong></span> <span class='ocrx_word' id='word_1_487' title='bbox 1514 3517 1757 3567; x_wconf 80' lang='lat' dir='ltr'><strong><em>librorum</em></strong></span> <span class='ocrx_word' id='word_1_488' title='bbox 1780 3512 2141 3574; x_wconf 79' lang='lat' dir='ltr'><strong><em>discrepantia.</em></strong></span> <span class='ocrx_word' id='word_1_489' title='bbox 2177 3512 2225 3565; x_wconf 65' lang='lat'><strong><em>5.</em></strong></span> <span class='ocrx_word' id='word_1_490' title='bbox 2251 3511 2334 3553; x_wconf 82' lang='lat'><strong><em>62.</em></strong></span> 
     </span>
    </p>
   </div>
  </div>
 </body>
</html>
