2514 3928
131 244 247 300 ιιι
756 237 923 296 CAP.
953 244 1184 299 9--12.
1230 241 1282 300 s.
1326 242 1591 297 25—32.
2094 234 2219 297 219

267 383 370 449 29.
400 387 767 459 Moreretur‚
799 385 1071 462 inquies=
1101 401 1246 445 nam
1277 384 1342 446 id
1376 385 1668 462 sequitur.
1722 385 1997 448 Fecisset
2034 395 2218 461 certe,

135 473 191 533 si
236 473 371 533 sine
397 471 678 530 »maximo
703 471 1012 530 dedecore
1054 478 1175 531 tam
1205 468 1515 545 impeditis
1540 469 1671 549 suis
1700 471 1886 531 rebus
1919 471 2221 546 potuisset

132 555 355 616 emori.
441 555 541 616 XI.
565 553 772 614 Nolite
800 551 979 629 igitur
1010 554 1312 615 fortunam
1341 561 1700 614 convertere
1728 553 1787 613 in
1817 555 2075 630 culpam,
2114 569 2216 614 ne-

135 655 269 714 que
316 635 480 711 regis
523 636 800 698 iniuriam
821 637 1018 698 ¹huius
1063 637 1293 697 crimen
1352 644 1565 711 putare
1620 652 1735 697 nec
1775 638 2095 698 consilium
2138 653 2217 696 ex

132 719 514 782 necessitate
541 736 668 781 nee
712 722 1076 782 voluntatem
1118 737 1198 782 ex
1239 720 1298 779 vi
1328 720 1742 796 interpretari,
1771 720 1889 781 nisi
1922 722 2076 781 forte
2106 736 2216 781 eos

132 803 345 878 etiam,
375 802 558 878 quiin
585 804 795 866 hostes
825 806 1008 866 autin
1032 806 1377 881 praedones
1405 802 1744 876 inciderint,
1762 803 2019 863 sialiter
2041 803 2215 878 quip-

59 907 74 913 ‘
134 888 305 963 piam
351 887 556 951 eoacti
604 889 834 950 saciant
887 905 976 950 ac.
1005 888 1209 961 liberi,
1268 887 1710 964 vituperandos
1742 896 1965 962 putes2
2026 886 2215 946 Nemo

135 979 417 1032 nostrum
448 970 703 1046 ignorat,
730 969 908 1034 etiam
931 971 991 1032 =si
1024 971 1260 1047 experti
1291 989 1411 1032 non
1434 989 1674 1043 sumus
1709 971 2214 1032 consuetudinem

134 1054 393 1130 regiam.
478 1055 709 1130 Regum
757 1064 958 1116 autem
989 1063 1131 1115 sunt
1176 1056 1330 1115 haee
1377 1054 1662 1132 imperia:
1709 1056 2115 1116 animadverte
2140 1069 2216 1114 ac

133 1141 300 1201 dicto
320 1155 488 1215 pare,
530 1144 607 1207 et,
623 1145 874 1214 praeter
904 1142 1236 1211 roqitatum,
1259 1143 1316 1198 si
1337 1143 1599 1214 loquare,
1630 1147 1690 1199 et
1717 1140 1855 1199 illae
1882 1139 2101 1209 minae,

350 1222 502 1282 Side
526 1223 784 1282 secundo
818 1223 1036 1281 lumine
1056 1223 1155 1280 hic
1180 1221 1506 1295 offendero,

353 1308 641 1365 moriere.-
809 1345 817 1351 -

138 1405 304 1466 quae
333 1406 452 1449 non
494 1395 559 1448 ut
587 1387 959 1446 delectemur
988 1386 1184 1445 solum
1216 1386 1422 1460 legere
1469 1395 1529 1446 et
1574 1394 1857 1462 spectare
1901 1387 2215 1455 debemus,

139 1474 259 1533 sed
284 1481 348 1532 ut
375 1487 597 1532 cavere
624 1470 803 1531 etiam
835 1478 895 1530 et
927 1471 1138 1545 sugere
1173 1467 1504 1529 discamus.

265 1554 373 1615 30.
404 1558 482 1616 At
510 1572 586 1614 ex
624 1554 744 1615 hoc
784 1553 925 1629 ipso
975 1552 1202 1613 crimen
1233 1551 1525 1613 exoritur.
1614 1550 1717 1612 Ait
1750 1552 1927 1620 enim,
1959 1549 2216 1611 Gabinio

141 1637 811 1714 pecuniam‘Postumus
885 1650 1073 1711 quum
1114 1640 1397 1707 cogeret,
1443 1633 1738 1692 decumas
1782 1633 2215 1708 imperatarum

141 1719 681 1796 pecuniaruszibi
704 1718 1008 1794 coegisse.
1039 1721 1173 1781 Non
1193 1717 1476 1794 intelligo
1506 1719 1626 1780 hoc
1659 1720 1839 1793 quale
1872 1717 1980 1778 sit2
2023 1725 2218 1777 utrum

140 1804 568 1865 accessionem
598 1806 912 1878 decumae,
941 1813 1008 1866 ut
1028 1802 1220 1866 nostri
1245 1806 1459 1863 facere
1487 1811 1811 1864 coactores
1838 1803 2047 1863 ¹solent
2075 1816 2217 1861 cen·

140 1886 418 1962 tesimae,
463 1905 537 1947 an
574 1887 997 1948 decessionem
1030 1889 1107 1948 de
1138 1904 1374 1949 summa
1408 1887 1656 1947 fecerit:
1690 1885 1741 1946 si
1774 1884 2218 1957 accessionem,

141 1969 430 2029 undecim
469 1971 638 2029 milia
665 1971 952 2030 talentum
994 1974 1074 2030 ad
1104 1971 1420 2032 Gabinium
1456 1979 1895 2047 pervenerunt.
1986 1972 2065 2030 At
2093 1985 2216 2029 non

141 2054 330 2113 modo
374 2053 485 2113 abs
531 2062 588 2113 te
619 2052 830 2111 decem
867 2052 1028 2112 milia
1059 2053 1298 2113 obieeta
1328 2062 1499 2126 sunt,
1532 2055 1642 2114 sed
1673 2054 1851 2115 etiam
1881 2054 1958 2113 ab
1988 2053 2085 2113 his
2117 2069 2217 2114 ae-

141 2135 407 2197 stimata.
472 2133 579 2198 ¹31.
611 2135 794 2194 Addo
824 2134 969 2196 illud
995 2136 1205 2198 etiam:
1239 2137 1344 2211 qui
1372 2138 1614 2197 tandem
1650 2139 1940 2198 convenit
1965 2144 2069 2196 aut
2096 2145 2216 2197 tam

142 2219 317 2297 gravi
349 2235 534 2280 onere
563 2218 925 2279 *tributorum
976 2220 1054 2280 ad
1085 2227 1305 2280 tantam
1341 2220 1658 2295 pecuniam
1685 2221 2023 2297 cogendam
2058 2219 2217 2279 mille

144 2305 429 2365 talentum
459 2301 882 2364 accessionem
927 2319 1071 2365 esse
1117 2304 1336 2364 factam
1361 2313 1468 2366 aut
1494 2304 1551 2363 in
1602 2312 1765 2365 tanta
1793 2304 2079 2365 mercede
2108 2304 2216 2363 ho-

140 2386 353 2463 minis,
389 2394 456 2448 ut
490 2386 618 2459 vis,
653 2385 1028 2461 avarissimi,
1075 2388 1236 2448 mille
1272 2391 1560 2449 talentum
1612 2388 2042 2449 decessionem
2076 2401 2219 2447 esse

142 2478 546 2533 concessam?
586 2471 801 2545 Neque
836 2472 1000 2530 enim
1055 2469 1168 2532 fuit
1209 2471 1448 2532 Gabinii
1503 2471 1807 2533 remittere
1858 2478 2092 2531 tantum
2140 2471 2218 2529 de

143 2570 257 2616 suo
287 2571 403 2615 nec
431 2554 596 2629 regis
627 2553 945 2627 imponere
974 2557 1314 2629 tantoplus
1345 2556 1498 2616 suis.
1579 2558 1662 2617 At
1687 2562 1865 2615 erunt
1892 2560 2101 2626 testeS,
2134 2554 2217 2611 le-

143 2638 263 2714 gati
292 2636 709 2699 Alexandrini.
797 2637 845 2695 li
885 2636 1033 2697 nihil
1072 2636 1130 2695 in
1159 2637 1498 2699 Gabinium
1552 2637 1855 2699 dixerunt.
1942 2637 2132 2695 Immo
2175 2636 2217 2693 ii

142 2721 459 2782 Gabinium
490 2721 914 2782 laudaverunt.
999 2718 1117 2781 Ubi
1146 2721 1429 2794 ergoille
1457 2735 1591 2779 mos
1613 2728 1643 2778 ‘3
1683 2721 1788 2782 ubi
1832 2718 2217 2781 consuetudo

142 2804 547 2866 iudiciorum?
596 2803 702 2864 ubi
721 2805 1070 2879 exempla?
1129 2803 1301 2864 Solet
1331 2804 1384 2863 is
1416 2804 1620 2863 dicere
1653 2806 1714 2863 in
1744 2821 1917 2878 eum,
1959 2801 2068 2878 qui
2107 2818 2215 2878 pe-

147 2887 680 2963 cuniamredegit,
713 2888 817 2962 qui
847 2886 905 2946 in
938 2886 1102 2948 illum
1125 2933 1140 2961 ‚
1173 2887 1349 2948 cuius
1380 2884 1627 2946 nomine
1661 2903 1737 2947 ea
1767 2887 2029 2962 pecunia
2057 2886 2217 2946 redi-

147 2981 404 3048 geretur,
426 2987 547 3031 non
565 2970 825 3031 dixerit?
844 2970 947 3031 32.
969 2972 1122 3045 Age,
1148 2969 1203 3030 si
1224 2970 1299 3042 is,
1328 2968 1435 3045 qui
1459 2969 1778 3042 nondixit,
1806 2972 1982 3042 solet,
2008 2970 2212 3031 etiam-

147 3072 225 3116 ne
256 3057 310 3117 is
341 3058 517 3126 solet,
550 3053 654 3132 qui
677 3054 988 3113 laudavit?
1014 3052 1527 3115 iisdem‘testibus
1556 3062 1619 3115 et
1654 3054 1899 3130 quidem
1931 3072 2052 3116 non
2081 3072 2218 3129 pro·

145 3138 366 3213 ductiS,
397 3139 509 3199 sed
544 3137 722 3200 dictis
753 3136 996 3198 testium
1031 3137 1320 3211 recitatiS,
1351 3137 1528 3213 quasi
1558 3138 1976 3213 praeiudicata
2005 3155 2107 3198 res
2137 3138 2217 3198 ad

147 3221 257 3282 has
282 3223 505 3283 'causas
538 3220 987 3281 deferrisolet?
1015 3220 1250 3281 Χ1[.τΕι
1278 3221 1361 3281 ait
1393 3221 1570 3282 etiam
1604 3240 1778 3284 meus
1802 3221 2129 3283 ¹familiaris
2158 3228 2220 3281 et

153 3304 537 3366 necessarius
567 3306 842 3364 eamdem
886 3320 1134 3364 causam
1163 3304 1598 3365 Alexandrinis
1631 3305 1825 3366 l'uisse
1867 3321 1975 3364 cur
2009 3303 2219 3363 lauda-

155 3395 284 3464 rent
322 3387 672 3460 Gabinium,
726 3403 884 3462 quae
927 3387 1067 3446 mihi
1114 3389 1294 3447 fuerit
1332 3404 1441 3448 cur
1480 3391 1763 3448 eumdem
1806 3387 2198 3447 defenderem

156 3466 325 3543 Mihi,
360 3470 423 3529 C.
449 3470 722 3544 Memmi,
768 3486 953 3530 causa
986 3471 1357 3531 defendendi
1390 3471 1623 3531 Gabinii
1660 3471 1771 3530 fuit
1802 3462 2220 3527 reconciliatio
