2514 3928
201 236 231 292 π
573 190 574 193 ¹
960 229 1535 308 ARGUMENTUM.
2154 230 2285 294 231.

202 384 398 444 equites
455 381 918 429 condemnaverunt
972 378 1115 438 XIII,
1176 378 1498 429 absolverunt
1527 382 1624 430 lv:
1688 382 1876 431 tribuni
1922 385 2102 433 aerarii
2156 401 2276 435 con-

201 451 564 499 demnaverunt
594 448 737 506 xm,
786 447 1106 497 absolverunt
1153 447 1237 496 111.
1305 449 1618 499 Videbantur
1645 464 1746 500 non
1784 450 2043 515 ignorasse
2084 454 2283 505 iudices

202 521 363 568 inscio
402 516 587 565 Milone
622 517 768 565 initio
804 515 1122 565 vulneratum
1158 530 1272 564 esse
1307 516 1565 581 Clodium,
1598 519 1687 568 sed
1722 530 2100 583 compererant,
2135 535 2275 588 post-

198 603 353 650 quam
389 585 678 635 vulneratus
713 593 876 643 esset,
913 586 1057 635 iussn
1094 583 1298 635 Milonis
1329 586 1572 635 occisum.
1644 588 1864 636 Fuerunt
1899 591 1984 651 qni
2016 592 2275 641 crederent

204 659 267 707 M.
305 655 509 705 Catonis
558 656 805 704 sententia
856 669 968 703 enm
1007 669 1121 703 esse
1169 652 1484 711 absolutum:
1535 668 1648 717 nam
1693 668 1742 703 st
1779 657 1906 711 bene
1939 672 2055 706 cum
2092 674 2145 710 re
2180 675 2274 724 pn·

202 724 338 773 blica
385 732 552 777 actum
596 738 709 772 esse
760 731 917 772 morte
945 724 1001 772 Ρ.
1036 723 1200 785 Clodii
1247 737 1347 777 non
1384 723 1817 785 dissimulaverat,
1854 735 1907 779 ,et
1948 728 2181 779 studebat
2222 730 2274 778 in

202 792 443 856 petitione
481 793 772 842 consulatus
811 791 984 841 Miloni
1037 801 1085 842 et
1116 807 1202 841 reo
1227 791 1480 842 adfuerat.
1533 791 1889 855 Nominaveiat
1924 808 2124 856 quoque
2158 813 2274 845 eum

201 861 374 911 Cicero
408 869 725 925 praesentem
758 868 806 909 et
836 868 1045 910 testatus
1075 869 1178 911 erat
1209 862 1416 910 audisse
1443 875 1474 911 a
1506 860 1575 915 M.
1609 861 1849 922 Favonio,
1881 860 2150 913 antediem
2177 872 2275 914 ter·

201 933 329 980 tium
377 944 527 992 quam
569 931 748 980 caedes
786 930 919 979 facta
966 937 1073 980 erat
1103 929 1334 980 Clodium
1387 931 1581 980 dixisse
1612 931 1896 995 periturum
1933 945 2048 980 esse
2091 948 2152 982 eo
2189 935 2276 982 tri-

199 1001 301 1049 duo
348 999 605 1055 Milonem.
690 999 791 1051 Sed
841 999 1041 1048 Milonis
1092 1014 1293 1062 quoque
1341 1007 1508 1051 notam
1566 1001 1832 1055 audaciam
1865 1001 2114 1052 amoveri
2147 1016 2178 1050 a
2220 1018 2276 1052 re

197 1069 398 1134 publica
430 1069 553 1123 utile
589 1071 754 1119 visum
794 1077 904 1116 est:
944 1069 1075 1119 scire
1106 1081 1271 1119 tamen
1294 1083 1442 1129 nemo
1476 1082 1713 1131 umquam
1739 1070 1923 1134 potuit,
1957 1077 2122 1120 utram
2159 1086 2274 1121 sen-

199 1141 404 1193 teutiam
442 1138 668 1186 tulisset:
720 1137 1008 1185 damnatum
1054 1144 1216 1187 autern
1269 1152 1422 1202 opera
1459 1139 1677 1186 maxime
1708 1139 1869 1203 Appii
1914 1137 2114 1190 Claudii
2158 1156 2274 1206 pro-

201 1208 480 1254 nuntiatum
535 1216 628 1254 est.
702 1205 824 1252 Milo
874 1212 1078 1267 postero
1112 1204 1193 1253 die
1230 1204 1395 1254 factus
1430 1220 1546 1253 reus
1595 1207 1813 1255 ambitus
1855 1208 1991 1271 apud
2030 1208 2270 1259 Manlium

198 1276 508 1334 Torquatum
548 1275 731 1322 absens
769 1275 1034 1322 damnatus
1067 1280 1160 1319 est.
1233 1273 1325 1321 llla
1361 1288 1560 1334 quoqne
1590 1272 1703 1336 lege
1739 1284 1999 1324 accusator
2032 1277 2128 1326 fuit
2164 1279 2274 1327 eius

200 1343 399 1405 Appius
433 1340 703 1399 Claudius.
752 1350 801 1389 et
847 1355 1001 1402 quum
1048 1340 1092 1388 ei
1130 1342 1407 1402 praemium
1459 1340 1581 1406 lege.
1604 1342 1826 1399 daretur,
1875 1346 2078 1407 negavit
2122 1361 2176 1392 se
2215 1363 2275 1396 eo

201 1413 292 1462 uti.
368 1408 779 1474 Subscripserunt
827 1417 876 1458 et
922 1410 973 1457 in
1011 1408 1227 1457 ambitus
1255 1409 1444 1458 iudicio
1475 1410 1531 1457 P.
1568 1409 1804 1458 Valerius
1829 1410 1931 1459 Leo
1963 1422 2011 1459 et
2046 1412 2139 1463 Cu.
2181 1415 2276 1462 Do-

200 1481 403 1536 mitius,
449 1480 538 1531 Cn.
576 1479 629 1532 F.
696 1479 815 1529 Post
846 1491 1035 1542 paucos
1083 1477 1193 1528 dies
1230 1492 1432 1540 quoque
1461 1476 1583 1526 Milo
1624 1478 1761 1542 apud
1796 1479 2073 1528 Favonium
2121 1496 2272 1542 quae·

198 1550 407 1598 sitorem
447 1549 511 1597 de
549 1545 808 1597 sodaliciis
858 1548 1125 1595 damnatus
1174 1554 1277 1611 cst,
1326 1555 1592 1596 accusante
1622 1546 1678 1600 P.
1721 1547 1895 1596 Fulvio
1932 1546 2143 1609 Nerato,
2193 1551 2272 1598 cui

202 1619 315 1681 lege
350 1618 627 1680 praemium
664 1619 833 1669 datum
870 1626 964 1668 est.
1009 1615 1202 1667 Deinde
1232 1616 1371 1679 apud
1403 1617 1463 1669 L.
1499 1615 1704 1665 Fabium
1732 1619 2065 1678 quaesitorem
2096 1619 2289 1666 iterum·

198 1689 382 1736 absens
416 1685 684 1735 damnatus
722 1694 797 1733 est
834 1685 897 1734 de
930 1687 997 1733 vi.
1068 1685 1338 1734 Accusavit
1375 1685 1436 1736 L.
1481 1684 1778 1734 Cornificius
1817 1693 1866 1733 et
1899 1684 1958 1742 Q.
1994 1685 2272 1739 Patulcius.

163 1772 170 1777 “
199 1756 321 1805 Milo
358 1757 410 1805 in
443 1755 674 1805 exsilium
715 1755 844 1804 intra
863 1754 1216 1818 paucissimos
1248 1753 1358 1803 dies
1393 1753 1657 1818 profectus
1689 1762 1785 1807 est.
1830 1752 1971 1803 Bona
2008 1756 2118 1804 eius
2153 1769 2273 1820 pro-

201 1836 314 1889 pter
347 1823 500 1873 alieni
532 1825 669 1873 aeris
698 1823 1100 1888 magnitudinem
1138 1823 1413 1874 semiuncia
1444 1822 1727 1877 venierunt.

330 1894 447 1942 Post
482 1892 720 1943 Milonem
763 1892 941 1940 eadem
969 1892 1085 1956 lege
1119 1892 1360 1955 Pompeia
1403 1893 1599 1957 primus
1637 1901 1713 1940 est
1743 1900 2008 1943 accusatus
2040 1892 2105 1943 M.
2145 1891 2273 1942 Sau'-

202 1961 362 2019 (eius,
397 1961 465 2014 Μ.
503 1962 590 2019 F„
629 1961 716 2023 qui
751 1962 853 2010 dux
889 1961 1055 2010 tuerat
1088 1959 1138 2009 in
1170 1960 1509 2026 expugnanda
1535 1962 1742 2011 taberna
1777 1961 1985 2012 Bovillis
2018 1971 2066 2013 et
2099 1961 2273 2013 Clodio

200 2029 494 2079 occidendo.
550 2031 926 2079 Accusaverunt
957 2044 1073 2077 eum
1107 2030 1167 2082 L.
1205 2029 1425 2088 Cassius,
1461 2030 1520 2082 L.
1557 2030 1852 2094 Fulcinius„
1888 2031 1942 2083 C.
1979 2032 2055 2092 F„
2090 2030 2144 2081 C.
2173 2034 2270 2080 Va-

203 2100 390 2149 leriusz
424 2096 758 2146 defenderunt
785 2098 854 2146 M.
892 2095 1093 2155 Cicero,
1132 2100 1198 2151 Μ.
1231 2096 1448 2158 Caelius,
1478 2099 1901 2161 obtinueruntque
1931 2108 1986 2148 ut
2023 2115 2123 2149 una
2161 2115 2275 2150 sen-

201 2168 361 2217 tentia
398 2165 763 2218 absolveretur.
831 2164 1298 2217 condemnaverunt
1343 2174 1596 2217 senatores
1638 2168 1714 2230 X,
1759 2167 2081 2220 absolverunt
2125 2170 2273 2220 vm:

204 2235 663 2285 condemnaverunt
702 2236 896 2298 equites
930 2234 1145 2283 Romani
1180 2235 1279 2296 lx,
1316 2234 1641 2286 absolverunt
1675 2237 1806 2286 VIII.
1863 2236 1962 2287 Sed
2002 2252 2068 2286 ex
2112 2238 2273 2287 tribu-

204 2307 284 2353 nis
313 2303 519 2353 aerariis
548 2303 595 2352 X
625 2303 964 2367 absolverunt,
1002 2304 1071 2352 VI
1104 2304 1483 2360 damnaverunt.
1516 2304 1940 2368 manifestumque
1967 2306 2138 2355 odium
2160 2305 2274 2357 Clo·

201 2375 273 2423 dii
324 2373 477 2422 saluti
510 2369 717 2421 Saufeio
765 2372 884 2430 fuit,
936 2386 1089 2433 quum
1118 2374 1225 2421 eius
1246 2373 1328 2423 vel
1362 2375 1505 2439 peior
1541 2388 1694 2424 causa
1729 2389 1880 2436 quam
1919 2375 2120 2425 Milonis
2149 2376 2274 2425 fuis-

201 2453 295 2501 set,
339 2442 475 2505 quod
512 2450 684 2505 aperte
734 2442 838 2490 dux
877 2440 1036 2490 fuerat
1075 2444 1444 2507 expugnandae
1486 2444 1742 2493 tabernae.
1792 2444 2052 2508 Repetitus
2089 2445 2274 2494 deinde

201 2523 319 2576 post
368 2523 555 2575 paucos
600 2510 711 2559 dies
749 2510 885 2574 apud
918 2508 1208 2559 Considium
1230 2512 1566 2571 quaesitorem
1600 2519 1677 2559 est
1724 2511 1836 2577 lege
1872 2512 2070 2561 Plautia
2109 2513 2173 2561 de
2207 2515 2277 2570 vi,

200 2581 567 2644 subscriptione
603 2594 690 2643 ea,
740 2578 877 2640 quod
918 2576 1028 2627 loca
1058 2581 1324 2643 superiora
1357 2588 1656 2643 occupasset
1685 2588 1735 2628 et
1771 2596 1888 2629 cum
1923 2580 2026 2630 telo
2059 2580 2272 2630 fuisset:

201 2663 317 2697 nam
351 2682 561 2701 ......
600 2662 866 2711 operarum
891 2646 1109 2698 Milonis.
1146 2649 1522 2706 Accusaverunt
1550 2645 1605 2700 G.
1646 2649 1839 2711 Fidius,
1892 2647 1984 2699 Cn.
2023 2647 2272 2711 Aponius,

196 2717 291 2767 Cn.
330 2718 401 2777 F..
440 2716 506 2765 Μ.
545 2714 708 2774 Seius,
740 2713 859 2766 Sex.
892 2715 973 2766 R:
1012 2716 1343 2767 defenderunt
1377 2716 1444 2770 M.
1484 2714 1670 2779 Cicero,
1704 2716 1770 2765 M.
1802 2717 2068 2766 Terentius
2112 2718 2272 2766 Varro

201 2786 380 2839 Gibba.
453 2784 727 2834 Absolutus
775 2793 852 2834 est
899 2786 1159 2834 sententiis
1203 2784 1407 2852 plenius
1453 2798 1604 2845 quam
1645 2786 1819 2847 prius:
1867 2799 2047 2849 graves
2095 2785 2273 2835 habuit

200 2854 353 2911 XIX,
392 2852 730 2904 absolutorias
767 2852 811 2903 ΙΙ
852 2860 900 2902 et
934 2852 1105 2910 XXX,
1150 2854 1242 2903 sed
1289 2869 1317 2901 c
1362 2853 1612 2903 contrario
1663 2852 1759 2901 boc
1789 2867 1819 2901 a
1867 2853 2038 2917 priore
2084 2854 2274 2905 iudicio

197 2924 411 2973 accidit:
457 2924 652 2985 equites
710 2923 843 2971 enim
886 2936 947 2971 ac
1011 2930 1269 2973 senatores
1306 2937 1423 2971 eum
1469 2922 1819 2982 absolverunt,
1857 2923 2047 2972 tribuni
2093 2924 2275 2974 aerarii

197 2996 581 3042 damnaverunt.

347 3062 465 3112 Sex.
489 3071 655 3110 autem
675 3060 903 3120 ClodiuS,
929 3072 1026 3121 quo
1046 3066 1246 3106 auctore
1275 3071 1458 3121 corpus
1476 3056 1635 3107 Clodii
1660 3058 1712 3105 in
1733 3058 1920 3106 curi-im
1949 3057 2141 3108 illatum
2162 3058 2277 3119 fuit,

207 3131 566 3183 accusantibus
596 3130 650 3179 O.
676 3129 954 3179 Caesennio
980 3125 1208 3187 Philone,
1235 3126 1300 3177 Μ.
1331 3124 1553 3184 Aufidio,
1583 3124 1884 3175 defendente
1908 3126 1966 3183 T.
1992 3127 2281 3189 FlacconiO,

206 3214 391 3263 magno
433 3210 680 3246 consensu
712 3196 979 3243 damnatus
1013 3202 1105 3251 est,
1143 3195 1406 3244 sententiis
1433 3195 1501 3243 Vl
1541 3203 1589 3243 et
1631 3194 1745 3243 XLz
1777 3194 2112 3244 absolutorias
2135 3194 2280 3253 quiu-

204 3283 303 3329 que
342 3268 546 3317 omnino
583 3264 776 3324 habuit,
810 3265 936 3312 duas
970 3270 1273 3327 senatorum,
1307 3271 1410 3313 tres
1446 3264 1687 3326 equitum.
1760 3263 1903 3313 Multi
1939 3271 2201 3327 praeterea
2233 3270 2282 3307 et

205 3347 497 3401 praesentes
523 3341 601 3393 et,
644 3347 797 3394 quum
828 3331 963 3383 citati
992 3345 1093 3381 non
1130 3334 1538 3399 respondissent,
1577 3332 1800 3386 damnati
1834 3339 1967 3390 sunt,
2005 3346 2070 3379 ex
2099 3328 2289 3390 quibus

208 3406 431 3454 maxima
465 3418 582 3470 pars
616 3401 712 3452 fuit
744 3400 1115 3453 Clodianorum.
