2514 3928
279 256 406 319 206
840 254 987 316 PRO
1026 256 1137 316 CN.
1178 254 1505 316 PLANCIO
1540 254 1845 315 ORATIO.
2267 262 2393 319 loo

281 407 701 468 mortalitatem
746 407 1079 469 adsecutos
1128 405 1356 482 putavi.
1438 405 1570 482 Ego
1625 421 1774 466 vero
1828 403 1882 466 si
1939 413 2065 467 tum
2118 403 2384 469 illorum

281 490 604 565 impiorum
639 493 798 551 ferro
833 507 907 550 ac
930 507 1112 552 manu
1141 488 1551 550 concidissem
1575 536 1591 564 ,
1632 488 1690 548 in
1724 497 2085 564 perpetuum
2110 506 2219 550 res
2253 507 2380 566 pu·

279 574 438 634 blica
469 573 646 634 civite
691 574 1063 651 praesidium
1094 574 1309 635 salutis
1338 590 1488 633 suae
1513 571 1905 648 perdidisset.
1993 572 2145 646 Quin
2177 575 2378 634 etiam

283 657 333 718 si
366 674 463 717 me
494 659 589 718 vis
614 658 819 734 aliqua
841 657 1036 718 morbi
1062 666 1167 718 aut
1195 667 1412 718 natura
1439 655 1578 731 ipsa
1607 655 2117 733 consumpsisset,
2152 665 2375 717 tamen

279 742 504 802 auxilia
529 742 901 817 posteritatis
930 748 1142 802 essent
1169 740 1512 814 imminuta,
1559 740 1727 815 quod
1769 747 2146 815 peremptum
2194 749 2383 803 esset

280 842 416 886 mea
439 833 631 886 morte
659 827 723 887 id
751 826 1115 900 exemplum,
1151 825 1351 901 qualis
1382 824 1617 885 futurus
1653 823 1714 883 in
1747 840 1841 884 me
1863 823 2182 884 retinendo
2217 823 2378 884 fuis-

279 918 374 970 set
409 918 660 970 senatus
689 911 1085 986 populusque
1114 908 1445 969 Romanus.
1532 909 1630 966 An
1663 907 1714 966 si
1743 923 2035 983 umquam
2064 905 2226 967 vitae
2257 916 2376 967 cu-

285 992 510 1069 piditas
553 993 612 1052 in
645 1009 738 1052 me
770 994 1016 1066 fuisset,
1057 1007 1174 1067 ego
1219 1007 1434 1052 mense
1478 978 1799 1052 Decembri
1843 990 1961 1050 mei
2002 991 2377 1052 consulatus

283 1075 549 1136 omnium
581 1075 1019 1151 parricidarum
1039 1076 1157 1136 tela
1182 1081 1637 1136 commossem?
1660 1091 1839 1150 quae,
1864 1091 1916 1135 si
1930 1073 2139 1149 viginti
2153 1072 2373 1150 quies·

281 1175 409 1219 sem
441 1159 605 1231 dies,
654 1158 713 1218 in
745 1159 1002 1220 aliorum
1034 1158 1298 1234 vigiliam
1340 1160 1663 1220 consulum
1693 1158 2076 1219 recidissent.
2166 1157 2374 1231 Quam

282 1243 364 1304 ob
406 1259 535 1302 rem
586 1243 636 1302 si
684 1244 842 1304 vitae
879 1242 1180 1318 cupiditas
1224 1250 1439 1304 contra
1481 1258 1611 1303 rem
1649 1240 1953 1316 publicam
1989 1247 2087 1301 cst
2138 1240 2367 1317 turpiS,

279 1335 444 1387 certe
474 1328 661 1388 multo
691 1327 900 1388 mortis
926 1325 1229 1402 cupiditas
1281 1342 1415 1386 mea
1458 1325 1691 1401 turpior
1730 1323 1949 1386 ruisset
1978 1341 2115 1385 cum
2151 1323 2365 1401 perni-

291 1409 372 1471 tie
404 1409 686 1471 civitatis.

403 1493 504 1555 91.
546 1495 696 1554 Nam
735 1494 899 1570 quod
930 1503 988 1555 te
1018 1511 1160 1556 esse
1192 1493 1249 1554 in
1287 1510 1354 1553 re
1385 1493 1630 1568 publica
1659 1494 1915 1554 liberum
1946 1507 2015 1552 es
2044 1490 2367 1567 gloriatuS,

280 1578 340 1636 id
373 1594 488 1652 ego
522 1587 582 1640 et
612 1580 806 1639 fateor
836 1587 896 1639 et
928 1580 1119 1644 laetor
1149 1587 1210 1639 et
1242 1578 1347 1638 tibi
1379 1577 1557 1638 etiam
1589 1578 1649 1638 in
1690 1578 1811 1637 hoc
1845 1578 2145 1652 gratulor=
2189 1577 2367 1651 quod

278 1677 377 1721 me
406 1671 606 1722 autem
637 1662 902 1736 negasti,
948 1661 1007 1720 in
1053 1678 1128 1721 eo
1160 1678 1360 1738 neque
1393 1669 1449 1721 te
1491 1677 1694 1737 neque
1729 1676 2097 1737 quemquam
2128 1659 2362 1720 diutius

280 1743 477 1820 patiar
504 1761 726 1805 errare.
815 1744 1136 1804 XXXVIII.
1179 1745 1330 1804 Nam
1366 1745 1419 1804 si
1464 1745 1603 1820 quis
1645 1740 1875 1806 idcirco
1918 1742 2151 1819 aliquid
2180 1744 2261 1803 de
2288 1743 2362 1802 li-

277 1829 510 1887 bertate
539 1843 676 1888 mea
703 1828 1078 1888 deminutum
1111 1837 1301 1902 putat,
1326 1830 1496 1904 quod
1531 1845 1652 1890 non
1681 1829 1759 1888 ab
1784 1829 2065 1888 omnibus
2096 1826 2356 1900 eisdem,

276 1929 314 1972 a
346 1911 570 1987 quibus
598 1918 779 1973 antea
810 1912 1027 1973 solitus
1058 1929 1192 1973 sum
1236 1911 1589 1989 dissenti1·,e
1635 1912 2026 1986 dissentiam,
2075 1911 2360 1987 primum,

279 1995 331 2055 si
359 1996 518 2055 bene
552 1997 629 2057 de
670 2012 767 2056 me
802 1994 1031 2057 meritis
1057 2005 1292 2093 gratum
1324 2013 1420 2057 me
1450 1998 1738 2080 praebeo,
1768 2014 1888 2057 non
1913 1995 2129 2057 desino
2155 1994 2357 2071 incur-

276 2095 410 2139 rere
453 2078 514 2140 in
550 2079 778 2141 crImen
819 2079 1080 2139 hominis
1136 2080 1384 2142 nimium
1428 2080 1715 2141 memoris
1759 2080 2130 2154 nimiumque
2170 2078 2356 2154 grati.

280 2162 374 2223 sin
401 2172 602 2226 autem
638 2163 970 2239 aliquando
1001 2163 1135 2225 sine
1166 2166 1289 2225 ullo
1323 2164 1412 2225 rei
1444 2164 1726 2239 publicae
1774 2165 2130 2225 detrimento
2160 2162 2357 2237 respi-

279 2246 376 2307 cio
410 2248 589 2309 etiam
614 2248 871 2309 salutem
904 2266 1091 2323 quum
1121 2264 1315 2308 meam
1354 2257 1475 2309 tum
1500 2264 1793 2321 meorum,
1828 2256 1990 2308 certe
2015 2264 2134 2307 non
2166 2247 2354 2307 modo

278 2348 401 2390 non
446 2325 580 2391 sum
621 2331 1197 2405 reprehendenduS,
1251 2333 1365 2392 sed
1408 2331 1587 2392 etiam
1618 2332 1670 2392 si
1702 2347 1880 2391 ruere
1909 2332 2161 2405 veliem,
2207 2328 2353 2389 boni

280 2412 392 2472 viri
417 2429 513 2474 me
540 2423 604 2476 ut
627 2414 689 2474 id
715 2431 792 2475 ne
816 2416 1080 2475 facerem
1105 2422 1411 2491 rogarent.
1457 2414 1557 2475 92.
1588 2417 1714 2475 Res
1747 2431 1894 2475 vero
1923 2414 2062 2489 ipsa
2093 2413 2353 2489 publica,

277 2495 332 2556 si
378 2497 546 2573 ioqui
581 2506 827 2574 posset,
867 2507 1075 2573 ageret
1101 2516 1371 2573 mecum,
1408 2508 1503 2573 ut,
1553 2498 1838 2573 quoniam
1874 2497 1992 2559 sibi
2022 2498 2352 2558 servissem

275 2598 537 2658 semper,
569 2599 899 2657 numquam
928 2581 1101 2657 mihi,
1133 2584 1365 2645 fructus
1393 2591 1595 2644 autem
1626 2599 1705 2642 ex
1734 2597 1877 2642 sese
1905 2597 2047 2655 non,
2076 2588 2144 2643 ut
2172 2597 2352 2656 opor·

274 2667 510 2742 tuisset,
541 2668 734 2728 laetos
766 2676 826 2729 et
847 2667 1092 2743 uberes,
1133 2670 1245 2729 sed
1272 2683 1491 2743 magna
1522 2666 1851 2727 acerbitate
1892 2664 2228 2741 permixtos
2259 2671 2349 2725 tu-

275 2749 505 2828 lissem,
528 2760 594 2812 ut
626 2751 743 2811 iam
772 2751 917 2813 mihi
951 2750 1264 2825 servirem,
1300 2752 1685 2812 consulerem
1713 2749 1895 2809 meisa
1926 2764 1997 2811 se
2019 2765 2143 2810 non
2168 2748 2351 2809 modo

275 2833 423 2894 satis
457 2834 685 2895 habere
716 2853 753 2900 a
785 2852 914 2908 me,
961 2837 1073 2896 sed
1118 2835 1299 2896 etiam
1343 2833 1539 2895 vereri
1585 2850 1663 2893 ne
1696 2850 1909 2908 parum
1938 2832 2083 2893 mihi
2111 2849 2225 2908 pro
2255 2848 2346 2904 eo,

274 2924 562 2989 quantum
605 2935 641 2976 a
687 2935 782 2978 me
823 2920 1102 2990 haberet,
1148 2916 1539 2979 reddidisset.
1628 2916 1728 2977 93.
1776 2916 1974 2990 Quid?
2027 2915 2082 2977 si
2133 2915 2347 2977 horum

272 3015 389 3073 ego
424 2998 569 3058 nihil
601 3001 831 3074 cogito,
864 3010 925 3061 et
959 2999 1120 3059 idem
1158 3017 1291 3060 sum
1323 3000 1383 3059 in
1415 3017 1481 3060 re
1517 3000 1791 3077 publica,
1840 3001 1944 3075 qui
1975 3001 2058 3061 fui
2091 3013 2344 3074 semper,

273 3090 555 3142 tamenne
584 3083 919 3143 libertatem
943 3082 1220 3157 requires
1252 3092 1491 3145 meam?
1536 3102 1718 3159 quam
1763 3093 1827 3145 tu
1858 3083 2040 3159 ponis
2070 3083 2131 3143 in
2157 3098 2264 3155 eo,
2294 3079 2347 3142 si

275 3182 520 3239 semper
541 3180 678 3224 cum
703 3164 798 3238 iis,
825 3165 1190 3240 quibuscum
1214 3167 1545 3244 aliquando
1569 3168 2010 3239 contendimus,
2040 3166 2347 3243 depugne-

274 3264 428 3308 mus.
476 3247 652 3321 Quod
682 3256 778 3308 est
799 3248 981 3324 longe
1012 3266 1216 3311 secus,
1263 3251 1437 3313 Stare
1461 3254 1622 3312 enim
1648 3267 1862 3312 omnes
1886 3251 2184 3312 debemus
2207 3259 2343 3311 tam-

275 3347 452 3402 quam
469 3330 527 3388 in
545 3329 694 3389 orbo
711 3330 916 3408 aliquo
929 3334 1016 3394 rei
1033 3334 1333 3410 publicae,
1352 3335 1457 3413 qui
1474 3334 1763 3411 quoniam
1778 3343 2076 3407 versatur,
2090 3350 2224 3395 eam
2246 3334 2345 3393 de·

271 3414 460 3488 ligere
489 3424 741 3487 partein,
771 3417 850 3476 ad
876 3434 1059 3491 quam
1084 3436 1202 3481 nos
1226 3419 1390 3481 illius
1405 3419 1632 3481 utilitas
1650 3420 1948 3495 salusque
1962 3415 2346 3479 converterit.

396 3496 658 3556 XXXIX.
705 3497 837 3575 Ego
874 3510 1074 3563 autem
1109 3504 1214 3564 Cn.
1242 3502 1628 3579 Pompeium,
1675 3517 1797 3563 non
1839 3500 1982 3565 dico
2018 3508 2344 3576 auctorem,
