2514 3928
206 205 342 244 xvm
487 213 501 227 ·
895 185 1271 240 PROOEMIUM
1299 185 1612 238 EDITORIS.

209 347 326 383 cum
361 328 592 393 sequenti
628 343 749 379 voce
777 329 856 378 vir
891 328 1294 392 coniungeretur.
1359 325 1523 380 Etiam
1553 339 1665 389 cap.
1704 323 1785 378 11.
1822 325 1872 386 5.
1914 325 1999 377 28.
2040 327 2092 376 in
2127 329 2289 378 verbis

210 397 577 451 constituendis
635 397 863 447 eiusdem
914 395 1132 445 hominis
1180 393 1464 444 doctissimi
1510 394 1859 442 auctoritatem
1906 403 2113 446 secutus
2158 400 2315 459 sum,'

210 482 516 533 quamquam
557 467 610 516 in
651 481 709 515 eo
746 466 859 516 loco
894 465 1117 515 nondum
1154 463 1326 512 omnia
1362 463 1489 511 satis
1525 468 1660 512 certa
1692 476 1805 512 esse
1846 463 2095 520 videntur.
2170 464 2283 531 Cap.

212 540 292 588 12.
326 540 376 598 5.
406 536 490 586 29.
525 535 710 599 scripsi
736 549 869 584 nunc
894 535 957 584 de
983 532 1202 581 Weiskii
1223 533 1528 592 coniectura,
1557 545 1707 593 quam
1735 532 2108 582 commendavit
2143 535 2287 584 etiam

209 606 523 670 Madvigius:
572 603 701 653 Nam
734 619 875 669 quum
912 618 982 652 ex
1015 600 1233 652 omnibus
1274 599 1552 659 civitatibus
1584 601 1664 650 via
1696 602 1765 650 sit
1798 601 1849 649 in
1879 609 2177 651 nostram-
2196 609 2287 652 tunt

208 690 354 739 vero,
406 682 462 724 ut
505 687 726 738 quaeque
773 671 1016 723 nobiseum
1050 671 1263 720 maxime
1297 670 1534 719 societate
1560 694 1629 704 —
1652 669 1869 733 foedere
1904 677 1981 721 est
2014 671 2287 732 coniza-eta,

209 749 284 795 ita
307 743 422 793 mihi
448 743 659 792 maxime
689 741 1110 792 communione
1139 738 1497 800 beneficiariam
1517 739 1866 804 praemiorum,
1897 740 2112 791 civitatib
2145 754 2289 790 con-

207 813 412 862 tineri
452 811 646 861 videtur
690 824 797 874 pro
818 809 1050 875 vulgato:
1083 809 1451 857 communionem
1480 833 1544 844 —
1575 807 1827 857 continere
1862 809 2072 858 videtur.
2147 807 2288 868 Quod

211 887 379 930 autem
415 879 706 944 Madvigius
742 879 813 927 ita
848 878 911 927 de
946 877 1045 927 hoc
1073 883 1178 926 toto
1216 874 1328 925 loco
1366 876 1675 939 disputavit,
1724 884 1779 924 ut
1797 877 2001 926 diceret
2041 877 2137 926 sibi
2181 892 2289 926 mo·

211 949 393 998 lestum
432 948 624 1012 videri,
673 946 810 1010 quod
845 944 1019 996 Cicero
1068 953 1115 994 et
1159 944 1259 994 hoc
1293 945 1406 1008 ipso
1455 944 1566 994 loco
1600 951 1649 994 et
1686 944 1855 1009 paullo
1887 953 2002 1010 post
2038 946 2090 994 in
2125 946 2287 996 verbis

209 1017 320 1066 his:
360 1015 521 1082 Atqui
587 1021 788 1065 ceterae
835 1015 1034 1064 civita
1048 1021 1144 1063 tes
1190 1027 1355 1063 omnes
1396 1027 1494 1063 non
1531 1012 1818 1064 dubitarent
1849 1021 2047 1065 nostros
2079 1014 2288 1064 hanzines

213 1084 375 1151 (hanc
408 1085 542 1134 enim
573 1082 828 1134 Garatonii
866 1084 1109 1132 rationem
1140 1081 1292 1131 etiam
1331 1095 1460 1130 nunc
1491 1082 1812 1132 othnendam
1848 1085 2040 1142 censui,
2078 1083 2195 1145 quia
2230 1083 2290 1131 li·

208 1155 314 1205 bris
350 1153 713 1209 Beruensibus‚
747 1152 833 1216 qui
868 1153 1092 1202 civitates
1125 1164 1374 1200 onmee—
1395 1157 1592 1201 nostros
1622 1166 1785 1202 onmes
1819 1152 2051 1201 dicuntur
2085 1150 2290 1217 habere,

210 1219 557 1286 confirmatur)
589 1223 818 1286 recipere
854 1223 903 1270 in
933 1235 1054 1271 suas
1083 1220 1418 1279 civitates,
1453 1220 1503 1269 et·
1534 1227 1629 1272 eto.
1670 1220 1804 1269 idem
1840 1219 2136 1270 vocabulum
2170 1221 2290 1270 civi-

208 1293 328 1344 tatis
358 1291 557 1342 diverso
584 1289 872 1356 significatu
896 1288 1273 1355 duplicavisset,
1305 1289 1461 1337 miror
1486 1288 1537 1338 in
1562 1304 1621 1338 eo
1652 1289 1923 1339 offendisse
1958 1290 2120 1338 virum
2147 1304 2289 1355 egre-

209 1362 371 1428 gium,
411 1360 548 1424 quod
585 1375 681 1410 non
718 1359 883 1410 solum
918 1374 950 1408 a
986 1356 1243 1421 Cicerone,
1288 1372 1458 1407 verum
1488 1358 1639 1407 etiam
1674 1359 1738 1407 ab
1771 1359 1975 1422 optimis
2010 1359 2291 1422 quibusque

209 1430 544 1495 scriptoribus
567 1427 763 1479 Latinis
791 1435 905 1480 tam.
923 1440 1078 1491 saepe
1114 1425 1304 1476 factum
1341 1433 1434 1486 est,
1465 1435 1519 1475 ut
1557 1426 1674 1476 iude
1710 1427 2018 1477 consuetudo
2045 1427 2290 1490 quaedam

212 1497 414 1549 dicendi
453 1505 570 1547 nata
603 1513 714 1547 esse
750 1497 999 1546 videatur.
1074 1495 1190 1544 Dixi
1227 1494 1291 1544 de
1323 1494 1421 1544 hac
1449 1509 1503 1544 re
1542 1495 1644 1544 iam
1671 1495 1824 1560 alias,
1863 1495 1957 1546 sed
1992 1496 2231 1559 quoniam
2262 1511 2292 1544 a

212 1567 382 1617 multis
430 1567 482 1616 id
516 1581 627 1616 esse
663 1565 951 1630 neglectum
990 1562 1250 1628 intelligo,
1301 1565 1454 1614 etiam
1486 1561 1585 1613 hoc
1625 1564 1738 1614 loco
1774 1579 1881 1614 rem
1922 1563 2172 1630 exemplis
2209 1564 2292 1614 flr·

211 1636 379 1685 mabo.
456 1635 532 1683 Ac
563 1633 780 1698 primum
817 1633 1019 1697 quidem
1051 1632 1290 1695 procedat
1324 1631 1626 1697 PlautuS,
1664 1633 1751 1697 qui
1785 1634 1835 1683 in
1874 1634 2042 1684 Milite
2072 1635 2302 1698 glorioso*

211 1711 310 1754 act.
342 1703 383 1754 1.
418 1717 492 1751 sc.
537 1701 582 1752 l.
622 1717 667 1752 v.
709 1701 742 1753 3
772 1717 849 1765 sq.
883 1700 1009 1751 haec
1036 1700 1212 1751 habete
1256 1700 1338 1760 Ut,
1372 1700 1459 1750 ubi
1484 1716 1605 1752 usus
1633 1703 1817 1762 veniat,
1852 1708 2029 1752 contra
2064 1710 2294 1753 conserta

210 1787 357 1823 manu
386 1771 732 1835 praesu-inqut
766 1771 1027 1834 (splendor
1059 1769 1248 1834 clupei)
1286 1771 1532 1820 oculor-mn
1566 1773 1762 1821 aciem
1795 1773 1847 1821 in
1882 1772 2020 1822 acie
2053 1770 2292 1822 hostibus.

210 1847 260 1890 et
305 1853 480 1888 rursus
526 1839 579 1888 in
623 1840 798 1901 eadem
844 1838 1012 1889 sabula
1059 1847 1157 1889 act.
1201 1839 1284 1888 111.
1327 1854 1397 1888 sc.
1439 1839 1485 1891 1.
1523 1854 1575 1892 v,
1613 1839 1712 1892 190
1750 1839 1825 1905 (ν.
1868 1839 1989 1891 785.
2025 1838 2293 1904 Ritschl.):

211 1907 378 1975 Aequi
407 1908 534 1958 istuc
558 1908 774 1975 faciam,
813 1908 924 1957 dum
955 1907 1096 1958 modo
1133 1922 1241 1957 eam
1276 1908 1368 1958 des
1401 1922 1531 1973 quae
1564 1908 1635 1958 eit
1668 1916 1986 1975 quaestuosa,
2026 1925 2157 1976 quae
2190 1910 2300 1959 alat

211 1992 446 2041 eorpus
477 1992 758 2041 corpore
784 1982 997 2043 quoique
1024 1980 1405 2040 eapiacpeetus.
1431 1976 1493 2027 cl.
1526 1975 1760 2028 Ovidio
1783 1993 1942 2029 amor.
1962 1978 2048 2029 lib.
2071 1979 2111 2032 ῐ.
2134 1994 2293 2033 carm.

210 2045 258 2098 6.
303 2061 349 2097 v,
389 2046 440 2099 6.
480 2046 684 2111 Longus
718 2062 860 2097 amor
891 2048 1022 2097 tales
1049 2058 1285 2112 corpus
1320 2047 1536 2095 tenuavit
1569 2048 1620 2095 in
1656 2062 1775 2097 usus
1810 2055 2027 2112 aptaque
2060 2047 2299 2099 subducto

210 2129 490 2180 corpore
509 2116 723 2167 membra
747 2116 902 2166 dedit.
943 2112 1271 2165 Martialis
1299 2123 1522 2179 spectac.
1546 2116 1595 2177 7,
1629 2114 1679 2164 6.
1718 2115 1879 2182 Inque
1903 2117 2031 2167 omni
2060 2132 2300 2181 nusquam

210 2198 424 2248 corpore
456 2198 643 2249 eorpus
678 2191 808 2234 erat.
882 2182 1075 2233 Deinde
1106 2182 1180 2234 sic
1214 2182 1415 2232 locutus
1451 2190 1528 2233 est
1564 2184 1714 2232 etiam
1738 2183 2085 2235 Terentius
2126 2186 2300 2235 Heau-

208 2255 390 2306 tonttm,
421 2250 550 2317 prol.
591 2269 636 2303 v.
667 2254 753 2303 41.
795 2251 920 2302 Mea
953 2267 1152 2303 eausa
1184 2267 1438 2302 causam
1468 2250 1599 2302 Itane
1631 2253 1809 2303 iustam
1843 2270 1955 2305 esse
1989 2256 2195 2305 animum
2221 2255 2299 2304 ἰπ-

212 2322 392 2372 ducite.
466 2321 604 2371 [dem
639 2321 877 2383 Hecyrae
911 2321 1040 2385 prol.
1081 2338 1131 2372 v.
1172 2323 1259 2372 47.
1301 2320 1429 2371 Mea
1463 2335 1665 2371 causa
1704 2337 1962 2373 causam
1997 2325 2210 2388 accipite
2247 2331 2300 2374 et

213 2390 332 2441 date
366 2390 624 2441 silentium.
701 2388 863 2454 Saepe
900 2390 951 2438 in
989 2390 1167 2440 eadem
1204 2387 1539 2441 similitudine
1571 2390 1691 2440 lusit
1729 2392 1879 2441 etiam
1912 2391 2100 2456 Cicero,
2141 2392 2301 2441 veluti

210 2458 259 2507 in
307 2460 531 2508 oratione
572 2472 672 2521 pro
705 2457 831 2508 Sex.
872 2458 1020 2508 Rosa.
1063 2459 1232 2510 Amer.
1276 2474 1387 2525 cap.
1421 2460 1472 2511 2.
1507 2461 1556 2520 5.
1599 2460 1649 2510 5.
1696 2460 1793 2510 His
1827 2462 1891 2511 de
1938 2462 2159 2512 causis
2206 2476 2303 2525 eqo

211 2525 318 2577 Mc
353 2541 593 2578 causae
619 2534 871 2590 patronus
904 2527 1092 2578 exstiti.
1154 2528 1293 2579 ldem
1326 2527 1401 2577 ad
1433 2527 1645 2578 Attiemn
1682 2528 1769 2580 lib.
1808 2530 1915 2580 vn.
1954 2544 2034 2595 ep.
2070 2527 2123 2580 3.
2158 2532 2209 2592 5.
2245 2531 2299 2581 5.

186 2595 483 2647 ,Causam
514 2598 670 2647 solam
707 2598 797 2647 illa
841 2610 1041 2646 causa
1085 2611 1181 2646 non
1208 2595 1380 2647 habet.
1432 2596 1493 2647 cl.
1519 2598 1840 2658 Quinctiliani
1871 2601 1985 2650 inst.
2022 2605 2159 2648 orat.
2207 2598 2297 2649 lib.

206 2665 291 2716 ΙΙΙ.
334 2682 380 2716 c.
421 2665 471 2717 6.
513 2665 562 2727 5.
611 2665 723 2718 103.
766 2665 974 2718 Causa
1008 2679 1198 2730 quoque
1241 2672 1293 2716 et
1331 2664 1565 2716 iudicatio
1599 2665 1935 2717 escontinens
1971 2674 2048 2716 ese
2082 2667 2135 2715 in
2172 2669 2307 2717 omni

205 2748 393 2798 ,qenere
430 2750 788 2786 causarum.
864 2732 1038 2783 Cicero
1077 2732 1427 2785 Accusationis
1463 2732 1549 2785 lib.
1600 2735 1663 2785 11.
1701 2751 1814 2802 cap.
1856 2736 1935 2785 14.
1977 2735 2026 2798 5.
2068 2734 2153 2787 36.
2208 2737 2305 2801 Ηί,

209 2810 267 2852 ut
301 2802 440 2864 dico,
472 2803 705 2855 hominem
739 2804 1004 2854 admonent
1035 2817 1160 2853 rem
1202 2817 1314 2854 esse
1345 2805 1667 2866 praeclaram
1695 2807 1941 2870 refertam
1966 2805 2158 2867 optimis
2194 2821 2269 2855 re
2283 2833 2307 2844 -

209 2870 335 2921 bus.
412 2871 495 2921 Id.
535 2871 601 2922 ib.
643 2872 726 2923 lib.
767 2873 830 2923 V.
873 2886 982 2936 cap.
1017 2868 1101 2922 68.
1140 2873 1189 2933 5.
1235 2872 1352 2922 174.
1397 2870 1551 2933 Quam
1586 2872 1646 2923 ob
1683 2889 1786 2924 rem
1819 2880 1869 2924 te
1906 2888 2125 2939 quoque,
2157 2872 2308 2923 Hor-

206 2940 362 2997 tensi,
407 2941 457 2989 εἰ
498 2942 586 3005 qui
616 2942 844 2991 monendi
885 2943 1065 2992 loeus
1098 2955 1172 2991 ex
1201 2939 1475 2991 hocloco
1521 2948 1629 3005 est,
1678 2950 1984 2993 moneoffete.
2058 2943 2199 2992 Idem
2238 2942 2308 2992 de

147 3057 151 3061 ,
207 3014 392 3057 natura
420 3008 622 3058 deorum
657 3009 742 3060 lib.
773 3010 834 3060 11.
870 3024 982 3074 cap.
1011 3007 1096 3059 38.
1131 3008 1181 3070 5.
1215 3007 1299 3060 97.
1342 3008 1481 3071 Quae
1517 3019 1701 3075 quanto
1734 3013 2007 3061 consilio
2031 3017 2307 3075 ⁴parantur,

207 3078 340 3128 nullo
373 3078 643 3127 coneilio
683 3078 896 3143 adsequi
929 3092 1206 3141 possmus.
1283 3078 1424 3128 Idem
1460 3079 1739 3142 Philippica
1776 3090 1902 3130 orat.
1944 3080 2051 3131 VII.
2088 3093 2205 3144 caP.
2248 3081 2301 3131 7.

204 3145 256 3206 S.
297 3145 378 3196 19.
427 3144 595 3209 Turpe
629 3154 707 3197 est
737 3161 916 3199 suanno
951 3148 1230 3198 consilio
1265 3146 1403 3198 orbis
1442 3155 1644 3209 terrae,
1675 3150 1978 3211 praesertim
2013 3150 2064 3200 ia
2105 3165 2167 3199 re
2203 3155 2310 3197 tam

203 3215 504 3280 perspicua,
551 3217 887 3266 consilium
920 3216 1128 3282 incelliai
1173 3215 1411 3280 defuisse.
1486 3218 1578 3267 sed
1620 3217 1671 3265 in
1717 3216 1800 3267 his
1840 3217 1965 3268 locis
2001 3218 2146 3267 lusus
2188 3232 2312 3265 ver·

208 3284 386 3332 borum
422 3284 680 3346 quaesitus
716 3298 828 3333 esse
865 3284 1027 3335 videri
1067 3285 1260 3351 possit,
1311 3283 1448 3348 quod
1489 3301 1790 3350 quamquam
1840 3296 1889 3336 et
1923 3286 2095 3351 ipsum
2129 3300 2312 3336 meam

206 3350 451 3399 rationem
483 3351 718 3413 adiuvat,
756 3360 923 3401 tamen
960 3353 1111 3403 etiam
1147 3352 1279 3403 alius
1308 3354 1507 3420 generis
1544 3355 1682 3406 locos
1719 3370 1987 3421 apponam,
2025 3354 2186 3405 veluti
2220 3352 2314 3405 ci-

203 3419 405 3468 ceronis
440 3418 505 3470 de
539 3418 719 3484 officiis
756 3420 844 3471 lib.
885 3421 945 3471 Π.
985 3436 1097 3487 cap.
1133 3420 1219 3474 23,
1266 3423 1315 3484 5.
1358 3421 1445 3476 89.
1487 3423 1656 3475 Fortis
1700 3438 1818 3475 vero
1855 3425 2045 3476 animi
2090 3432 2143 3475 et
2186 3439 2316 3474 con·-
