2514 3928
101 377 167 431 ³3
694 357 863 424 CAP.
894 372 1159 425 αις-30.
1203 371 1255 429 s.
1289 372 1551 428 77—83.
2043 365 2171 429 257

100 515 253 578 ciaet
300 532 455 592 quas
496 532 597 575 res
628 512 868 575 divinas
899 513 1121 574 talibus
1166 511 1472 574 institutas
1510 516 1685 576 viris!
1737 532 1898 592 quos
1929 527 2173 591 cantuS,

100 616 251 676 quae
281 596 580 659 carminat
624 613 823 673 prope
864 598 940 656 ad
986 594 1450 657 immortalitatis
1486 604 1547 657 et
1572 598 1929 672 religionem
1957 607 2018 660 et
2044 617 2168 661 me-

96 681 341 743 moriam
373 689 830 741 consecrantur.
874 680 1008 740 Vos
1046 678 1189 740 tanti
1221 688 1720 740 conservatorem
1746 680 1992 756 populi,
2023 683 2169 745 tanti

100 764 350 826 sceleris
391 765 647 825 ultorem
688 780 812 824 non
846 762 1029 823 modo
1077 761 1420 822 honoribus
1463 760 1646 822 nullis
1688 763 2021 837 adficieti8‚
2054 767 2169 825 sed

95 847 271 910 etiam
302 847 383 907 ad
418 845 787 923 supplicium
815 845 948 921 rapi
976 843 1333 920 patiemini?
1376 844 1808 920 confiteretur,
1824 812 2168 921 confi’tere·

95 940 205 1004 tur,
238 928 505 1006 inquam,
528 930 580 990 si
609 930 879 1004 fecisset,
909 926 970 990 et
996 943 1218 1002 magno
1250 927 1454 988 animo
1480 936 1542 990 et
1561 927 1821 992 libenter
1850 917 2075 991 recisse
2100 947 2170 990 se

95 1014 381 1075 libertatis
426 1012 692 1074 omnium
745 1029 965 1083 causa,
1028 1013 1196 1087 quod
1254 1019 1426 1072 esset
1478 1011 1537 1072 ei
1582 1028 1707 1074 non
1753 1014 2168 1074 confitendum

93 1098 307 1171 modo,
356 1113 573 1157 verum
605 1096 788 1157 etiam
822 1095 1322 1170 praedicandum.
1408 1095 1590 1155 XXX.
1621 1094 1723 1158 81.
1753 1096 1989 1158 Etenim
2023 1096 2077 1158 si
2108 1097 2169 1158 id

93 1197 213 1241 non
243 1185 441 1255 negat,
474 1196 555 1241 ex
586 1195 710 1254 quo
747 1178 891 1237 nihil
922 1178 1070 1253 petit
1100 1177 1218 1237 nisi
1250 1185 1318 1237 ut
1344 1177 1728 1254 ignoscatur,
1771 1180 2075 1242 dubitaret
2104 1180 2167 1241 id

95 1263 284 1337 lateri,
317 1279 395 1323 ex
422 1278 544 1336 quo
569 1262 748 1321 etiam
774 1259 1043 1343 praemia
1071 1259 1273 1320 laudis
1297 1269 1510 1322 essent
1537 1264 1847 1335 petenda?
1878 1263 1995 1323 nisi
2017 1280 2166 1325 vero
2198 1300 2204 1303 Δ

94 1346 322 1422 gratius
359 1351 532 1420 putat
556 1359 699 1404 esse
727 1343 907 1402 vobis
952 1341 1049 1402 sui
1090 1359 1160 1402 se
1203 1341 1421 1416 capitis
1450 1359 1630 1419 quam
1660 1345 1850 1405 vestri
1879 1347 2171 1407 defenso-⁷

90 1445 217 1488 rem
248 1427 473 1502 fuisse,
504 1442 689 1502 quum
721 1423 1080 1502 praesertim
1110 1424 1171 1485 in
1201 1440 1278 1484 ea
1300 1425 1724 1498 confessione,
1759 1427 1811 1487 si
1842 1427 1996 1502 grati
2027 1444 2170 1490 esse

90 1510 347 1584 velletis,
376 1511 646 1572 honores
678 1511 1123 1584 adsequeretur
1150 1507 1593 1584 amplissimos.‘
1642 1509 1707 1569 Si
1740 1511 1958 1572 sactum
1989 1510 2169 1572 vobis

89 1613 209 1657 non
250 1595 610 1671 probaretur
630 1627 702 1638 —
737 1608 1102 1668 quamquam
1136 1590 1241 1667 qui
1272 1599 1510 1666 poterat
1539 1593 1708 1653 salus
1739 1610 1852 1654 sua
1885 1593 2170 1670 cuiquam

90 1696 213 1741 non
261 1677 553 1754 probari?
590 1712 676 1724 -
714 1675 830 1738 sed
875 1685 1075 1737 tamen
1126 1676 1179 1736 si
1223 1675 1424 1737 minus
1469 1675 1781 1736 fortissimi
1824 1676 1933 1736 viri
1979 1677 2168 1737 virtus

93 1762 336 1824 civibus
366 1771 539 1837 grata
570 1758 931 1833 cecidisset,
974 1775 1195 1835 magno
1228 1759 1432 1819 animo
1464 1759 1892 1835 constantique
1923 1761 2164 1822 cederet

90 1863 175 1907 ex
203 1845 438 1922 ingrata
470 1844 731 1906 civitate.
818 1842 969 1903 Nam
1016 1841 1165 1918 quid
1209 1852 1379 1903 esset
1417 1842 1712 1919 ingratius
1747 1860 1929 1918 quam
1956 1841 2163 1904 laetari

83 1934 363 2003 ceterOS,
405 1932 618 2003 lugere
639 1943 780 1989 eum
808 1928 1024 2000 solum,
1050 1933 1297 2002 propter
1315 1943 1496 2001 quem
1531 1928 1719 1989 ceteri
1761 1927 2161 1988 laetarenturl

93 2012 194 2076 82.
246 2010 621 2085 Quamquam
660 2011 782 2071 hoc
823 2009 1024 2069 animo
1056 2025 1302 2083 semper
1332 2025 1546 2070 omnes
1580 2007 1805 2071 luimus
1836 2010 1894 2070 in
1933 2010 2164 2085 patriae

86 2093 511 2172 proditoribus
553 2090 975 2167 opprimendis
1000 2136 1014 2162 ,
1058 2099 1153 2161 ut,
1203 2091 1490 2165 quoniam
1534 2101 1746 2154 nostra
1777 2094 1972 2153 sutura
2002 2101 2165 2154 esset
2263 2159 2271 2164 ,

90 2177 317 2254 gloria,
365 2176 698 2250 periculum
747 2190 995 2249 quoque
1039 2181 1099 2234 et
1138 2174 1426 2234 invidiam
1473 2182 1745 2237 nostram
1795 2183 2167 2251 putaremus.

88 2262 244 2321 Nam
288 2274 447 2334 quae
491 2255 636 2319 mihi
676 2255 798 2332 ipsi
841 2256 1158 2317 tribuenda
1200 2258 1336 2318 laus
1376 2267 1571 2332 esset,
1615 2276 1797 2333 quum
1840 2267 2071 2320 tantum
2105 2257 2166 2318 in

89 2343 421 2404 consulatu
450 2357 589 2402 meo
614 2357 727 2416 pro
760 2339 940 2401 vobis
974 2356 1048 2400 ac
1078 2339 1286 2401 liberis
1318 2342 1541 2403 vestris
1584 2358 1774 2403 ausus
1816 2359 2020 2404 essem
2046 2390 2062 2419 ,
2110 2341 2167 2406 si

90 2426 179 2500 id,
210 2425 372 2504 quod
428 2424 715 2496 conabar,
746 2422 879 2485 sine
907 2423 1185 2484 maximis
1207 2422 1700 2487 dimicationibus
1721 2425 1873 2486 meis
1895 2443 1993 2486 me
2026 2442 2168 2486 esse

89 2524 384 2570 ausurum
415 2507 781 2568 arbitrarer?
814 2506 981 2580 Quae
1014 2506 1231 2568 mulier
1259 2510 1619 2569 sceleratum
1650 2524 1724 2568 ac
1759 2510 2171 2583 perniciosum

90 2608 298 2653 civem
315 2592 661 2653 interficere
681 2607 805 2653 non
830 2593 1105 2664 auderet,
1116 2590 1168 2651 si
1188 2590 1524 2664 periculum
1557 2608 1679 2651 non
1711 2591 1984 2652 timeret?
2024 2592 2169 2650 Pro-

87 2675 298 2753 posita
338 2669 594 2747 invidia,
639 2682 860 2746 morte,
897 2689 1100 2748 poena
1158 2672 1265 2747 qui
1297 2672 1482 2734 nihilo
1526 2673 1779 2749 segnius
1813 2690 1940 2734 rem
1973 2673 2169 2749 publi-

88 2775 240 2821 cam
278 2757 577 2830 defendit,
629 2756 683 2816 is
731 2757 824 2816 vir
866 2772 1012 2817 vere
1056 2756 1363 2831 putandus
1411 2765 1524 2817 est.
1620 2757 1838 2831 Populi
1880 2756 2033 2854 grati
2078 2764 2175 2817 est

89 2843 386 2919 praemiis
416 2841 683 2901 adficere
712 2841 870 2901 bene
900 2839 1149 2901 meritos
1180 2840 1259 2899 de
1288 2856 1356 2899 re
1394 2838 1639 2915 publica
1673 2840 1874 2915 civeS,
1900 2838 2015 2899 viri
2050 2841 2171 2901 sor-

86 2927 168 2986 tis
197 2942 278 2985 ne
310 2922 629 3000 suppliciis
667 2924 912 2999 quidem
939 2922 1172 2984 moveri
1201 2931 1268 2983 ut
1303 2923 1535 2984 sortiter
1579 2923 1806 2983 fecisse
1845 2924 2171 2998 poeniteat.

85 3006 194 3071 83.
229 3008 418 3082 Quam
451 3006 529 3068 ob
560 3024 687 3067 rem
712 3014 979 3068 uteretur
1004 3008 1217 3067 eadem
1244 3005 1642 3067 consessione
1663 3006 1729 3065 Τ.
1759 3007 2014 3080 Annius,
2049 3023 2173 3082 qua

85 3091 322 3164 Ahala,
373 3108 495 3166 qua
522 3091 771 3164 Nasica,
816 3106 937 3164 qua
970 3088 1276 3164 Opimius,
1319 3107 1443 3165 qua
1474 3088 1735 3163 Marius,
1780 3108 1902 3166 qua
1929 3098 2180 3152 nosmet.

86 3173 248 3249 ipsi,
275 3184 364 3248 et,
395 3175 446 3234 si
476 3182 646 3249 grata
674 3190 776 3233 res
809 3173 1051 3248 publica
1081 3179 1278 3245 esset,
1310 3176 1666 3236 laetaretun
1703 3171 1757 3233 si
1784 3173 2049 3248 ingrata,
2083 3182 2166 3233 ta—

85 3272 234 3317 men
267 3257 325 3316 in
355 3256 527 3333 gravi
559 3258 800 3317 fortuna
828 3255 1205 3317 conscientia
1232 3273 1348 3317 sua
1378 3255 1688 3317 niteretur.
2241 3291 2280 3318 0

225 3338 352 3400 Sed
379 3339 887 3401 huius-beneficii
917 3338 1201 3415 gratiam,
1236 3338 1502 3413 iudiceS,
1536 3341 1776 3400 fortuna
1809 3336 2020 3413 populi
2048 3337 2169 3395 Ro·

84 3420 265 3483 mani
296 3429 357 3483 et
382 3430 588 3484 vestra
624 3421 883 3485 felicitas
916 3432 977 3485 et
1003 3423 1063 3483 di
1104 3423 1478 3485 immortales
1526 3421 1643 3483 sibi
1687 3420 1896 3481 deberi
1941 3423 2180 3492 putant.

45 3506 223 3567 -Nec
268 3520 415 3565 vero
456 3504 777 3581 quisquam
821 3506 996 3569 aliter
1034 3506 1312 3569 arbitrari
1354 3514 1587 3582 potest,
1635 3505 1752 3563 nisi
1797 3500 1902 3575 qui
1945 3497 2182 3557 nullam

84 3589 219 3650 vim
253 3602 400 3730 eslsle
428 3588 594 3650 ducit
623 3607 924 3651 numenxe
965 3589 1268 3665 divinum,
1316 3605 1496 3665 quem
1540 3577 2016 3726 nequle7iml‘ffl’11
2060 3589 2183 3632 ¹¹⁰·

173 3678 563 3734 1:123.⁴
2005 3689 2009 3692 ·
