2514 3928
183 321 249 373 n
803 307 966 367 CAP.
998 315 1265 373 34—36.
1305 315 1356 375 s.
1386 320 1454 373 85
1472 344 1546 355 —
1562 263 1649 373 aa.
2136 309 2263 373 339

187 462 275 521 ire
303 460 557 532 vellent,
587 467 653 518 ut
685 459 765 518 ad
797 458 1247 522 defendendam
1290 476 1417 520 rem
1453 460 1754 536 publicam
1796 471 1857 523 te
1890 463 2265 540 adhortarer‚

191 542 398 620 quoad
419 550 744 615 metueres,
777 540 979 601 omnia
1001 549 1060 602 te
1096 541 1571 618 promissurumz
1606 543 1786 604 simul
1815 560 1890 605 ac
1918 547 2130 607 timere
2158 548 2263 609 de-

189 627 415 698 sisseS,
445 624 704 685 similem
750 632 812 686 te
842 624 1106 685 futurum
1140 624 1246 686 tui.
1328 625 1542 700 Itaque
1572 643 1761 702 quum
1832 628 2015 689 ceteri
2045 645 2265 692 consu·

190 713 350 773 lares
395 706 554 769 irent
612 706 912 783 redirent,
955 706 1017 767 in
1049 708 1352 770 sententIa
1398 710 1627 769 mansit
1669 725 1871 784 neque
1912 720 1974 771 te
2015 711 2119 771 illo
2162 713 2264 774 die

191 808 391 868 neque
435 799 686 867 postero
732 790 859 852 vidi
901 808 1103 868 neque
1132 793 1316 853 ullam
1346 792 1706 855 societatem
1736 792 1983 868 optimis
2026 793 2266 856 civibus

186 894 323 938 cum
350 874 873 950 importunissimo
906 876 1084 937 hoste
1113 877 1366 938 foedere
1395 878 1521 938 ullo
1545 876 1896 938 confirmari
1918 893 2112 952 posse
2136 889 2270 938 cre'-

189 959 331 1021 didi.
429 959 577 1021 Post
623 957 782 1020 diem
828 959 1095 1021 tertium·
1124 960 1268 1021 veni
1301 959 1362 1020 in
1392 962 1609 1022 aedem
1642 960 1900 1022 Telluris
1931 959 2263 1035 etquidem

186 1043 438 1118 invitus,
475 1059 663 1118 quum
694 1059 910 1104 omnes
936 1043 1139 1105 aditus
1171 1045 1386 1106 armati
1422 1045 1792 1106 obsiderent.
1830 1069 1833 1072 ·
1880 1044 1983 1107 90.
2014 1042 2129 1118 Qui
2158 1043 2269 1107 tibi

187 1207 489 1282 exstitisti,
519 1218 718 1271 tamen
742 1224 841 1269 me
877 1211 962 1270 tui
991 1208 1256 1285 miseret,
1291 1212 1456 1287 quod
1488 1209 1597 1272 tibi
1627 1211 1940 1272 invideris.
1995 1212 2266 1272 XXXVI.

188 1292 299 1367 Qui
326 1301 393 1354 tu
422 1292 544 1366 vir,
589 1291 653 1352 di
692 1291 1096 1353 immortales!
1139 1302 1200 1355 et
1242 1302 1506 1369 quantus
1536 1294 1792 1368 suisseS‚
1841 1296 1894 1356 si
1935 1293 2098 1355 illius
2141 1294 2266 1356 diei

189 1386 452 1437 mentem
500 1391 751 1436 servare
773 1374 1121 1451 potuisses!
1163 1377 1381 1436 Pacem
1413 1378 1794 1450 haberemuS,
1828 1393 1988 1451 quae
2015 1373 2149 1439 erat
2178 1380 2264 1437 fa-

189 1468 285 1521 cta
318 1476 430 1536 per
458 1458 770 1531 obsidem,
808 1476 1068 1535 puerum
1101 1459 1387 1535 nobilem,
1415 1459 1497 1520 Μ.
1519 1460 1933 1521 Bambalionis
1957 1468 2262 1535 nepotem.

186 1543 562 1620 Quamquam
595 1545 823 1603 bonum
852 1552 913 1604 te
939 1544 1119 1605 timor
1137 1542 1438 1619 iaciebat,
1471 1559 1596 1603 non
1626 1542 1948 1605 diuturnus
1978 1542 2265 1618 magister

187 1628 403 1689 officii:
441 1625 785 1702 improbum
816 1625 962 1688 fecit
988 1644 1095 1698 ea,
1126 1644 1318 1704 quae,
1351 1629 1495 1688 dum
1525 1628 1705 1688 timor
1732 1627 1937 1701 abest,
1984 1644 2022 1686 a
2051 1633 2110 1686 te
2140 1643 2263 1687 non

185 1709 461 1783 discedit,
495 1711 774 1771 audacia.
859 1709 991 1771 Etsi
1013 1719 1158 1785 tum,
1185 1728 1375 1786 quum
1408 1710 1698 1788 optimum
1730 1719 1789 1771 te
1830 1711 2125 1788 putabant
2169 1725 2266 1770 me

184 1795 428 1873 quidem
461 1794 897 1867 dissentiente,
929 1795 1130 1856 funeri
1172 1794 1434 1873 tyranni,
1475 1794 1528 1856 si
1562 1793 1711 1855 illud
1749 1796 1932 1856 funus
1960 1793 2089 1865 fuit,
2122 1810 2265 1855 sce-

184 1879 546 1941 leratissime
577 1877 913 1955 praefuisti.
999 1878 1127 1940 Tua
1152 1878 1259 1939 illa
1292 1880 1507 1956 pulcra
1540 1877 1841 1951 laudatio,
1879 1886 1979 1938 tua
2008 1876 2260 1938 misera-

182 1962 284 2037 tio,
314 1973 420 2025 tua
452 1962 819 2025 cohortatio:
848 1960 952 2024 91.
984 1973 1076 2035 tu,
1106 1971 1199 2037 tu,
1232 1961 1512 2039 inquam,
1545 1962 1683 2023 illas
1717 1963 1884 2024 iaces
1916 1960 2262 2036 incendisti,

183 2056 247 2108 et
302 2061 441 2119 eae,
502 2046 724 2121 quibus
781 2048 1217 2107 semustulatus
1272 2048 1372 2108 ille
1423 2058 1548 2121 est,
1602 2056 1662 2107 et
1711 2063 1871 2122 eae,
1901 2046 2124 2122 quibus
2174 2045 2266 2105 in-

184 2145 376 2190 censa
440 2129 506 2188 L.
567 2127 822 2188 Bellieni
885 2130 1106 2190 domus
1176 2129 1556 2206 deflagravit.
1671 2131 1760 2191 Tu
1811 2131 1949 2190 illos
1997 2129 2262 2205 impetus

182 2212 564 2290 perditorum
607 2211 917 2273 honfinum
970 2220 1029 2274 et
1072 2229 1153 2274 ex
1190 2213 1454 2275 maxima
1494 2224 1668 2289 parte
1710 2230 2058 2286 servorum,
2105 2229 2265 2288 quos

180 2314 301 2359 nos
352 2295 412 2356 vi
484 2312 790 2372 manuque
859 2295 1240 2372 reppulimus
1273 2343 1288 2369 ,
1363 2296 1424 2357 in
1492 2306 1736 2359 nostras
1801 2299 2020 2358 domos
2074 2296 2265 2356 immi-

179 2380 337 2443 sisti.
446 2381 612 2440 Idem
674 2389 876 2440 tamen
939 2379 1132 2456 quasi
1184 2382 1434 2457 fuligine
1489 2382 1765 2442 abstersa
1830 2380 2086 2456 reliquis
2136 2379 2264 2440 die-

179 2467 300 2543 bus
348 2464 407 2525 in
442 2462 741 2539 Capitolio
784 2466 1101 2539 praeclara
1145 2474 1399 2526 senatus
1446 2467 1729 2527 consulta
1758 2463 1986 2538 fecisti,
2031 2481 2109 2524 ne
2140 2479 2263 2538 qua

180 2559 326 2626 post
356 2549 503 2609 Idus
537 2548 788 2608 Martias
829 2546 1222 2610 immunitatis
1242 2552 1450 2611 tabula
1467 2565 1630 2609 neve
1645 2549 1820 2610 cuius
1837 2547 2262 2622 [quambene—

175 2633 306 2694 ficii
343 2634 657 2709 figeretur.
745 2631 1072 2693 Meministi
1116 2633 1253 2708 ipse
1286 2633 1364 2693 de
1395 2633 1746 2704 exsulibus,
1777 2630 1913 2690 scis·
1939 2631 2017 2690 de
2046 2632 2262 2689 immu—

174 2716 368 2778 nitate
408 2715 559 2792 quid
594 2714 847 2778 dixeris.
938 2714 1242 2792 Optimum
1269 2732 1444 2790 vero,
1478 2716 1645 2792 quod
1677 2713 2009 2774 dictaturae
2041 2729 2263 2772 nomen

173 2802 240 2862 in
287 2809 653 2877 perpetuum
695 2802 776 2860 de
809 2814 884 2861 ‘re
925 2799 1171 2874 publica
1214 2799 1532 2862 sustulisti.
1635 2799 1765 2873 Quo
1814 2796 2060 2873 quidem
2096 2797 2263 2857 facto

171 2893 411 2947 tantum
452 2892 513 2945 te
556 2885 805 2960 cepisse
851 2884 1057 2944 odium
1105 2884 1279 2960 regni
1323 2884 1662 2955 videbatur,
1716 2888 1784 2942 ut
1839 2882 1973 2942 eius
2019 2896 2260 2942 omnem

176 2978 435 3046 propter
474 2969 820 3044 proximum
864 2967 1221 3029 dictatoaem
1259 2976 1486 3029 metum
1525 2967 1793 3028 tolleres.
1876 2963 1993 3026 92.
2028 2964 2264 3026 Consti-

173 3063 309 3114 tuta
346 3069 449 3114 res
507 3053 756 3129 publica
800 3052 1121 3131 videbatur
1148 3050 1317 3128 aliis,
1348 3050 1495 3112 mihi
1524 3067 1670 3111 vero
1703 3050 1869 3110 nullo
1899 3048 2116 3122 modo,
2160 3049 2262 3124 qui

173 3136 387 3200 omnia
429 3145 489 3198 te
534 3137 915 3214 gubernante
963 3137 1281 3212 naufragia
1315 3133 1699 3196 metuebam..
1764 3133 1920 3193 Num
1950 3130 2136 3209 igitur
2164 3147 2263 3191 me

173 3222 439 3283 fefellit?
480 3229 587 3281 aut
624 3222 770 3282 num
812 3218 1039 3281 diutius
1083 3219 1180 3281 sui
1222 3218 1420 3295 potuit
1442 3219 1756 3281 dissimilis
1802 3219 1985 3291 esse?
2047 3216 2262 3290 Inspe-

174 3304 484 3367 ctantibus
528 3304 707 3367 vobis
747 3312 876 3366 toto
908 3300 1205 3379 Capitolio
1250 3303 1497 3364 tabulae
1531 3300 2131 3376 figebantumneque
2163 3312 2261 3389 so-

176 3390 309 3450 lum
350 3388 939 3466 singulisfvenibant
983 3385 1427 3460 immunitateS,
1470 3385 1583 3447 sed
1626 3383 1804 3445 etiam
1844 3377 2091 3471 populis
2133 3391 2262 3436 um·

173 3468 428 3534 versis.‘
503 3472 727 3535 Civitas
761 3491 883 3535 non
912 3471 1033 3533 iam
1066 3469 1435 3547 singillatim,
1469 3468 1582 3529 sed
1618 3460 1957 3541 provinciis
1984 3466 2128 3517 totis
2157 3457 2260 3514 da-

166 3557 377 3621 batur.
476 3558 688 3635 Itaque
718 3557 772 3618 si
799 3558 953 3618 haec
980 3563 1256 3632 manent,
1301 3568 1461 3630 quae
1503 3556 1701 3611 stante
1733 3560 1817 3683 ἐξ
1832 3538 2094 3661 ²'publica
2137 3551 2254 3593 ma-
