2514 3928
681 350 847 410 CAP.
883 321 1147 414 15-417.
1192 357 1246 420 s.
1276 361 1540 415 35--41.
2077 356 2160 419 85

76 499 183 560 filii
217 516 408 561 causa
437 508 534 562 est
562 499 1042 576 expeditissima.
1113 502 1267 577 Quid
1298 503 1456 564 enim
1490 512 1657 566 esset
1684 503 1745 564 in
1779 522 1902 582 quo
1934 523 2004 567 se
2034 526 2160 570 non

77 584 255 644 facile
286 585 682 644 defenderet?
727 585 884 644 Nihil
915 585 1031 646 iam
1063 586 1123 645 in
1158 586 1337 648 istam
1365 587 1682 648 mulierem
1713 589 1885 651 dico:
1929 593 2072 663 sed,
2106 590 2164 653 si

75 676 245 728 esset
283 667 492 747 aliqua
535 667 849 730 dissimilis
889 669 1065 731 istius
1114 687 1274 746 quae
1319 688 1389 731 se
1432 673 1717 733 omnibus
1745 675 2162 750 per-vulgaret,

79 767 241 825 quae
269 750 522 812 haberet
550 751 751 826 palam
785 754 1096 814 decretum
1127 770 1376 830 semper
1405 755 1689 832 aliquem,
1721 757 1895 818 cuius
1924 759 1983 817 in
2016 759 2162 818 hor·

79 841 205 905 toS,
255 834 535 909 domum,
567 834 753 897 Baias
786 837 916 897 iure
953 855 1066 900 suo
1099 837 1387 899 libidines
1422 839 1692 900 omnium
1727 852 2160 917 commearent,

77 933 237 992 quae
283 917 464 978 etiam
509 921 701 981 aleret
727 921 1156 984 adolescentes
1189 932 1250 983 et
1279 924 1717 998 parcimoniam
1760 933 1998 999 patrum
2029 925 2159 986 suis

75 1000 425 1076 sumptibus*
449 1011 846 1082 sustentaret:
892 1004 945 1064 si
987 1005 1170 1067 vidua
1199 1006 1419 1080 libere,
1461 1017 1753 1084 proterva
1802 1011 2163 1083 petulanter,

74 1082 253 1145 dives
286 1085 511 1160 effuse,
563 1086 893 1147 libidinosa
921 1089 1262 1150 meretricio
1296 1108 1465 1151 more
1506 1091 1768 1165 viveret,
1816 1094 2159 1153 adulterum

72 1184 189 1243 ego
224 1176 531 1243 putarem,
565 1170 618 1230 si
652 1170 790 1244 quis
825 1171 980 1232 hane
1010 1174 1216 1248 paullo
1250 1175 1500 1236 liberius
1532 1177 1906 1237 salutasset?

196 1252 381 1314 XVII.
423 1251 528 1315 39.
568 1252 744 1314 Dicet
777 1253 1032 1329 aliquis:
1077 1257 1246 1315 Haec
1290 1267 1385 1318 est
1425 1259 1606 1333 igitur
1644 1268 1748 1320 tua
1790 1259 2159 1336 disciplina?

75 1338 165 1399 sic
190 1346 256 1400 tu
277 1338 548 1398 instituis
583 1339 1058 1397 adolescentes?
1094 1341 1173 1397 ob
1199 1339 1357 1396 hanc
1394 1355 1644 1398 causam
1666 1339 1776 1401 tibi
1810 1339 1973 1399 hunc
2006 1356 2153 1414 pue-

74 1439 213 1482 rum
236 1435 467 1496 parens
491 1420 947 1480 commendavit
970 1427 1031 1480 et
1047 1420 1313 1489 tradidit,
1338 1427 1407 1479 ut
1430 1420 1489 1479 in
1514 1437 1725 1481 amore
1748 1429 1936 1496 atque
1958 1423 2021 1483 in
2047 1439 2150 1483 vo-

81 1505 416 1580 luptatibus
445 1505 924 1566 adolescentiam
955 1522 1128 1566 suam
1159 1507 1490 1565 collocaret
1518 1514 1578 1566 et
1609 1514 1673 1565 ut
1706 1505 1864 1563 hanc
1897 1514 1957 1564 tu
1974 1504 2157 1564 vitam

76 1599 265 1665 atque
295 1589 450 1649 haec
478 1589 679 1651 studia
714 1590 1122 1649 defenderes?
1148 1589 1311 1663 Ego,
1344 1588 1398 1648 si
1429 1587 1562 1664 qui,
1603 1586 1857 1658 iudiceS,
1906 1587 2024 1647 hoc
2061 1604 2155 1646 ro-

75 1675 227 1734 bore
269 1672 455 1734 animi
485 1683 670 1749 atque
699 1674 817 1733 hac
846 1673 1050 1733 indole
1084 1672 1321 1733 virtutis
1357 1689 1430 1733 ae
1464 1670 1869 1733 continentiae
1912 1669 2049 1741 ruit,
2096 1678 2160 1730 ut

74 1766 399 1832 respueret
428 1755 642 1818 ornnes
677 1759 1021 1833 voluptates
1054 1774 1420 1832 omnemque
1452 1757 1610 1817 vitae
1642 1770 1792 1816 suae
1820 1771 2062 1814 cursum
2096 1753 2156 1813 in

74 1840 283 1901 labore
314 1841 592 1917 corporis
621 1852 809 1917 atque
838 1841 897 1901 in
929 1840 1112 1901 animi
1144 1841 1534 1902 contentione
1565 1840 1921 1910 conficeret,
1976 1853 2156 1914 quem

74 1941 194 1985 non
231 1924 437 2001 quies,
483 1943 604 1988 non
652 1925 970 2000 remissio,
1011 1943 1131 1987 non
1177 1925 1525 2003 aequalium
1575 1923 1809 1999 studia,
1842 1939 1963 1984 non
2007 1920 2153 1993 ludi,

73 2026 193 2069 non
223 2008 514 2070 convivia
533 2011 932 2080 delectarent,
954 2012 1059 2083 que·
1074 2008 1219 2068 nihil
1237 2008 1298 2069 in
1316 2007 1441 2069 vita
1461 2009 1877 2085 expetendum
1896 2014 2155 2083 putaret,

72 2090 193 2152 nisi
223 2091 392 2166 quod
422 2100 591 2151 esset
620 2107 755 2151 cum
770 2091 949 2150 laude
975 2100 1036 2151 et
1064 2108 1201 2151 cum
1231 2092 1520 2166 dignitate
1549 2090 1959 2162 coniunctum,
1993 2091 2154 2151 hunc

74 2190 210 2235 mea
246 2174 547 2235 sententia
580 2173 805 2235 divinis
837 2173 1201 2248 quibusdam
1231 2175 1411 2235 bonis
1436 2176 1796 2235 instructum
1838 2184 2025 2250 atque
2058 2190 2152 2233 or-

73 2267 279 2319 natum
312 2265 481 2333 puto.
578 2258 670 2317 Ex
714 2259 833 2318 hoc
862 2274 1088 2331 genere
1118 2258 1257 2318 illos
1290 2257 1604 2318 Fabricios
1653 2260 1845 2319 fuisse
1877 2256 2150 2326 arbitror,

75 2341 394 2414 Camillos,
427 2341 644 2402 Curios
675 2357 1014 2417 omnesque
1046 2358 1214 2438 eogb
1280 2342 1340 2402 ui
1380 2343 1532 2402 haec
1575 2358 1652 2401 ex
1693 2340 1957 2401 minimis
1990 2348 2152 2401 tanta

73 2426 366 2485 lecerunt.
453 2425 556 2487 40.
608 2427 839 2486 Verum
893 2425 1045 2485 haec
1091 2437 1216 2499 gen*
1251 2443 1317 2485 ra
1358 2426 1639 2487 virtutum
1685 2443 1804 2485 non
1851 2426 2048 2485 solum
2092 2425 2149 2482 in

75 2510 344 2569 moribus
376 2509 636 2582 nostris,
677 2509 790 2569 sed
830 2526 885 2567 vt
962 2508 1079 2584 iam
1108 2508 1375 2584 inlibris
1406 2527 1434 2583 r
1478 2509 1809 2585 periuntur.
1898 2508 2153 2568 Chartae

77 2608 357 2667 quoque,
401 2609 560 2669 quae
602 2593 763 2653 illam
779 2525 1124 2737 ὅῗζὲἱῒῆγᾶὶῇ
1156 2527 1543 2663 εδΰὲῇἶΐῆᾓπ
1580 2592 1822 2735 contgqe
1866 2609 1903 2652 a
1948 2598 1999 2661 t,
2046 2592 2150 2650 ob-

76 2676 456 2737 soleverunt:
503 2693 707 2752 neque
743 2693 773 2736 s
842 2696 881 2737 u
972 2675 1138 2749 apud
1172 2693 1315 2749 nos,
1367 2676 1471 2752 qui
1520 2677 1678 2734 hanc
1783 2690 1815 2733 c
1880 2691 1938 2732 m
1971 2673 2148 2733 ratio-

75 2775 339 2835 nemque
368 2759 529 2820 vitae
556 2777 624 2820 re
655 2759 850 2834 magis
884 2774 1062 2833 quam
1095 2758 1299 2818 verbis
1332 2757 1930 2855 seqiissffiiumuffaffissd
1970 2755 2148 2816 etiam

74 2843 239 2917 apud
402 2859 581 2916 ecos,
623 2844 1016 2904 doctissimos
1060 2840 1371 2915 homineS‚
1417 2843 1671 2917 qulbUS,
1720 2857 1904 2916 quum
1948 2841 2151 2901 facere

0 2969 37 3016 ἃ,
76 2942 424 3018 nfflposse
470 2936 520 3000 t,
560 2926 734 3003 loqui
774 2935 975 2987 tamen
1021 2935 1081 2986 et
1123 2924 1395 2986 seribere
1435 2925 1695 2987 honeste
1740 2933 1801 2984 et
1828 2924 2151 3003 magnifice

0 2992 324 3083 Sliaebat,
394 3010 513 3071 alia
556 3012 856 3086 quaedam
916 3009 1159 3070 mutatis
1213 2994 1927 3092 Graeciaeitemporibus
1973 3027 2147 3086 prae-

73 3103 254 3169 cepta
284 3094 664 3156 exstiterunt.
718 3091 820 3158 41.
863 3094 1074 3169 Itaque
1105 3093 1205 3153 alii
1234 3092 1568 3169 voluptatis
1602 3110 1787 3154 causa
1819 3095 2022 3156 omnia
2052 3112 2148 3154 sa·

72 3177 212 3276 pieri
243 3196 314 3254 05
348 3180 552 3240 facere
581 3179 892 3239 dixeruntz
937 3194 1136 3252 neque
1178 3178 1255 3237 ab
1297 3178 1411 3238 hac
1456 3175 1746 3239 orationis
1779 3178 2149 3254 turpitudine

0 3240 247 3330 “eiffeirist
293 3245 639 3339 '‘homines)
658 3264 1042 3337 refugerunt:
1098 3261 1198 3322 alii
1252 3278 1391 3322 cum
1444 3263 1756 3338 voluptate
1798 3262 2174 3340 dignitatemr

71 3346 502 3422 coniungenda
633 3365 676 3418 u
783 3352 975 3424 erunt,
1010 3352 1074 3405 ut
1105 3361 1207 3405 res
1234 3345 1497 3406 maxime
1524 3345 1680 3406 inter
1696 3361 1764 3404 se
1802 3333 2131 3419 repugnant

72 3421 444 3514 tesidicendi
471 3356 1249 3573 rffitaktzei‘eo'hiungerggk
1270 3491 1286 3520 k
1309 3429 1462 3489 Illud
1495 3424 1678 3489 unum
1711 3426 2004 3486 directum
2038 3426 2149 3517 iter

72 3512 151 3571 ad
184 3513 429 3574 laudem
462 3531 598 3575 cum
626 3514 839 3576 labore
884 3512 988 3587 qui
1036 3529 1109 3587 pr
1194 3505 1480 3585 air‘erunt,
1529 3526 1725 3586 prope
1766 3507 1880 3565 soli
1925 3508 2043 3565 iam
2087 3522 2141 3560 m

70 3594 306 3657 scholis
354 3606 498 3659 sunt
537 3597 751 3658 relicti.
837 3596 1026 3657 Multa
1070 3595 1229 3657 enim
1274 3594 1455 3653 nobis
1492 3590 1902 3652 blandimenta
1934 3593 2139 3641 natura

1675 3663 1740 3749 k>
1758 3685 1772 3705 ,a
1789 3669 1826 3704 fr*
1845 3682 1878 3706 „a
1893 3681 1934 3747 nx

2483 2952 2514 3022 Ὗ·
2482 2863 2514 2931 ΙΙ·
2483 2310 2514 2803 nutum-nnn...
