2514 3928
156 306 272 359 ωε,
559 305 642 318 *·
816 295 1605 362 CAP.4-6.s.·13—-19.
1896 291 1902 296 ’
2010 327 2014 336 ·
2127 284 2251 363 403

155 447 341 507 disse
381 448 521 521 plus
555 460 883 519 quam-me.
939 446 1070 521 Ego
1092 446 1153 505 P.
1180 446 1453 508 Clodium
1478 448 1813 511 arbitrabar
1836 450 2249 527 perniciosum

156 530 398 602 civem,
431 528 1268 605 sceleratum,>libidinosum,
1305 530 1573 606 impium,
1606 533 1917 609 audacem,
1952 536 2246 599 facinero-

158 629 338 672 sum=
387 620 449 672 tu
484 620 696 671 contra
727 619 1035 685 sanctum,
1069 621 1539 688 temperantem,
1582 615 1991 691 innocentem,
2037 622 2247 682 mode-

158 702 364 767 stum,
406 695 788 755 retinendum
822 694 1016 755 civem
1047 704 1106 756 et
1134 698 1488 771 optandum.
1576 698 1642 756 In
1674 698 1792 759 hoc
1819 718 1941 762 uno
1970 710 2032 762 te
2065 704 2247 777 pluri·
2270 737 2287 747 .

158 795 333 838 mum
365 779 631 852 vidisse,
675 793 772 837 me
816 778 1066 838 multum
1109 779 1352 840 errasse
1381 781 1678 841 concedo.
1766 782 1916 842 Nam
1951 786 2114 857 quod
2151 802 2248 846 me

163 872 370 922 tecum
405 861 696 922 iracunde
718 877 905 937 agere
929 862 1135 922 dixisti
1159 864 1379 938 solere,
1412 877 1533 924 non
1559 872 1656 924 est
1678 865 1778 925 ita.
1810 867 2249 927 'Vehementer

158 962 265 1005 me
294 960 475 1020 agere
509 944 736 1018 fatcor,
780 943 1073 1006 iracunde
1105 961 1286 1020 nego.
1377 946 1632 1007 Omnino
1666 947 1847 1009 irasci
1877 950 2099 1009 amicis·
2124 968 2245 1011 non

161 1038 393 1089 temere
430 1031 633 1101 soleo,
678 1045 754 1089 ne
786 1028 841 1089 si
869 1031 1473 1106 merentur-quidem.
1561 1029 1660 1094 17.
1704 1033 1919 1108 ltaque
1949 1032 2084 1095 sine
2113 1047 2245 1094 ver-

165 1113 393 1172 borum
428 1113 801 1174 contumelia
835 1131 871 1174 a
908 1124 972 1177 te
1006 1114 1336 1177 dissentire
1362 1133 1650 1192 possum,
1697 1118 1833 1178 sine
1861 1117 2046 1177 animi
2077 1135 2237 1179 sum-

164 1212 273 1255 mo
314 1197 533 1256 dolore
579 1214 704 1258 non
747 1214 1025 1273 possum.
1112 1202 1312 1260 Parva
1354 1209 1452 1260 est
1492 1199 1653 1261 enim
1695 1200 1841 1261 mihi
1881 1209 2085 1263 tecum
2132 1211 2234 1263 aut

167 1295 367 1353 parva
415 1280 496 1339 de
545 1296 615 1339 re
664 1281 1046 1344 dissensio?
1086 1284 1218 1358 Ego
1273 1280 1418 1343 huic
1469 1284 1680 1352 faveo,
1734 1293 1800 1344 tu
1852 1284 1977 1345 illi?
2047 1288 2234 1348 Immo
2318 1319 2323 1322 ,

164 1381 318 1425 vero
350 1381 467 1439 ego
495 1368 567 1427 D.
598 1367 784 1426 Bruto
821 1367 1032 1439 favet),
1062 1376 1126 1427 tu
1155 1366 1236 1425 M.
1266 1368 1565 1427 Antonio=
1610 1381 1726 1441 ego
1759 1368 2111 1428 conservari
2140 1386 2244 1429 co-

166 1448 394 1510 loniam
423 1449 636 1525 populi
661 1450 920 1510 Romani
957 1449 1174 1524 cupi0,
1211 1459 1277 1510 tu
1305 1450 1645 1525 expugnari
1680 1447 1914 1511 studes.
2000 1452 2103 1511 VI.
2148 1456 2243 1511 An

165 1535 290 1592 hoc
323 1548 547 1609 negare
592 1541 798 1607 potes,
845 1532 948 1608 qui
980 1547 1194 1593 omnes
1230 1550 1433 1593 moras
1470 1534 1856 1609 interponaS,
1904 1533 2126 1610 quibus
2157 1534 2246 1594 in·

167 1618 441 1677 firmetur
458 1616 702 1689 Brutus
731 1616 946 1677 melior
975 1616 1079 1677 fiat
1099 1616 1447 1679 Antonius?
1511 1617 1643 1692 Quo
1670 1634 1866 1693 usque
1892 1617 2050 1677 enim
2077 1618 2244 1681 dices

169 1715 387 1774 pacem
417 1702 573 1761 velle
602 1707 707 1762 te?
744 1701 868 1761 Res
904 1701 1161 1775 geritur-2
1194 1702 1535 1762 conductae
1566 1701 1782 1762 vineae
1807 1709 1976 1762 sunt=
2012 1715 2238 1777 pugna-

169 1793 265 1842 tur
294 1785 604 1844 acerrime.
696 1784 808 1857 Qui
837 1782 1328 1857 intercurrerent,
1359 1783 1634 1846 misimus
1664 1792 1790 1846 tres
1822 1784 2134 1861 principes
2164 1782 2247 1844 ci·

170 1867 389 1927 vitatis.
478 1868 609 1928 Hos
660 1866 1053 1943 contempsit,
1105 1866 1344 1941 reiecit,
1393 1867 1741 1944 repudiavit
1789 1867 2126 1930 Antonius:
2178 1875 2248 1928 tu

170 1960 369 2025 tamen
413 1967 737 2026 permanes
778 1949 1311 2013 constantissimus
1352 1952 1646 2015 defensor
1676 1951 1944 2014 Antonii.
2032 1948 2132 2014 18.
2175 1950 2249 2012 Et

141 2030 449 2108 quidem,
496 2052 619 2110 quo
661 2035 875 2096 melior
920 2044 1168 2095 senator
1209 2036 1511 2109 videatur,
1553 2044 1733 2110 negat
1768 2051 1839 2096 se
1894 2035 1949 2098 ei
1983 2034 2273 2096 amicum·

170 2133 316 2177 esse
346 2117 603 2177 debere=
650 2135 836 2193 quum
865 2134 979 2178 suo
1009 2133 1232 2193 magno
1253 2128 1437 2180 -esset
1465 2118 1793 2192 beneficio,
1824 2117 2077 2180 venisse
2104 2134 2244 2178 eum

168 2205 383 2260 contra
425 2217 513 2261 se.
599 2202 759 2262 Vide
800 2207 1027 2276 quanta
1068 2201 1291 2262 caritas
1334 2203 1412 2262 sit
1450 2201 1702 2276 patriae.
1790 2202 1982 2277 Quum
2013 2199 2245 2262 homini

169 2283 250 2344 sit
278 2285 483 2357 iratuS,
519 2294 718 2346 tamen
749 2286 838 2345 rei
874 2284 1152 2359 publicae
1186 2300 1374 2346 causa
1405 2284 1676 2345 defendit
1706 2285 2058 2346 Antonium.
2109 2286 2240 2360 Ego

170 2380 232 2428 te
264 2382 447 2442 quum
469 2366 536 2427 'in
566 2368 986 2429 Massilienses
1016 2378 1135 2429 tam
1170 2384 1244 2428 es
1271 2370 1558 2440 acerbuS,
1597 2367 1664 2440 Q.
1699 2368 1852 2439 Fufi,
1886 2386 2005 2430 non
2039 2370 2241 2428 animo

171 2466 370 2526 aequo
402 2453 606 2514 audio.
698 2452 829 2525 Quo
860 2469 1062 2526 usque
1089 2451 1251 2511 enim
1286 2450 1619 2512 Massiliam
1656 2451 2089 2528 oppugnabis?
2154 2451 2243 2510 Ne

173 2533 510 2610 triumphus
554 2535 799 2611 quidem
833 2537 1017 2595 finem
1040 2534 1221 2597 faciet
1249 2535 1434 2596 belli?
1463 2552 1787 2611 perquem
1819 2537 1938 2595 lata
1973 2542 2068 2594 est
2095 2534 2244 2593 urbs

172 2635 279 2690 ea,
330 2619 464 2679 sine
517 2636 639 2695 qua
686 2634 1015 2694 numquam
1069 2634 1145 2678 ex
1184 2618 1604 2695 Transalpinis
1654 2615 2244 2692 gentibus-maiores

173 2701 363 2761 nostri
401 2703 943 2778 triumphaverunt.
1021 2702 1162 2775 ¹Quo
1208 2701 1452 2778 quidem
1496 2711 1770 2776 tempore
1812 2699 2081 2774 populus
2121 2699 2241 2763 Ro·

173 2801 383 2845 manus
414 2787 720 2860 ingemuit.
783 2787 1166 2861 Quamquam?
1186 2786 1472 2861 proprios
1499 2784 1748 2845 dolores
1772 2799 2018 2843 suarum
2041 2797 2244 2842 rerum

174 2882 386 2930 omnes
414 2869 747 2942 habebant,
794 2880 990 2932 tamen
1036 2867 1216 2929 huius
1239 2865 1936 2928 civitatis-fidelissimae
1961 2863 2242 2926 miserias

175 2967 347 3013 nemo
397 2962 527 3014 erat
576 2952 729 3014 civis
774 2946 880 3029 qui
919 2969 958 3013 a
997 2969 1066 3012 se
1109 2953 1342 3012 alienas
1383 2950 1789 3011 arbitraretur.
1877 2949 1974 3011 19.
2020 2950 2244 3010 Caesar

175 3051 338 3112 lpse,
389 3035 493 3110 qui
519 3036 639 3098 illis
676 3038 870 3098 fuerat
899 3034 1295 3108 iratissimus,
1340 3043 1539 3095 tamen
1579 3040 1833 3110 propter
1872 3033 2243 3108 singularem

175 3118 308 3179 eius
350 3119 608 3181 civitatis
653 3122 1007 3196 gravitatem
1054 3127 1116 3178 et
1152 3120 1337 3179 fidem
1377 3117 1603 3178 cotidie
1633 3116 1866 3192 aliquid
1893 3117 2244 3178 iracundiae

174 3201 539 3267 remittebat:
578 3211 639 3265 te
673 3205 837 3264 nulla
867 3219 981 3264 sua
1005 3200 1597 3264 -calamitate‘oivitas
1630 3200 1852 3262 satiare
1887 3210 2007 3262 tam
2041 3196 2242 3259 fidelis

177 3290 416 3364 potest?
501 3288 739 3365 Rursus
781 3288 898 3347 iam
945 3299 1042 3346 me
1080 3284 1265 3346 irasci
1308 3288 1571 3346 sortasse
1603 3285 1792 3345 dices.
1880 3285 2008 3357 Ego
2039 3288 2243 3341 autem

83 3416 87 3419 Α
180 3370 309 3431 sine
358 3369 672 3432 iracundia
720 3369 861 3432 dico
914 3366 1117 3431 omnia
1166 3386 1284 3430 nec
1332 3375 1531 3429 tamen
1579 3367 1714 3429 sine
1763 3366 1978 3427 dolore
2026 3360 2235 3420 animi:

181 3452 477 3514 neminem
507 3453 591 3515 illi
625 3452 852 3516 civitati
876 3450 1184 3514 inimicum
1216 3466 1359 3514 esse
1391 3450 1666 3524 arbitror,
1701 3448 1805 3522 qui
1838 3445 2070 3505 amicus
2098 3440 2244 3501 huic

178 3538 256 3599 sit
284 3535 526 3599 civitati.
599 3536 978 3623 Excogitare
1005 3536 1169 3612 'quae
1197 3542 1302 3597 tua
1331 3534 1484 3595 ratio
1515 3533 1624 3605 sit,
1660 3530 1910 3670 Οιὲιέῐὶο,
1939 3540 2060 3584 non
2092 3538 2235 3598 pos-
