2514 3928
32 377 106 432 2⁷
602 387 607 392 ’
654 369 818 428 CAP.
854 376 1085 430 9—13.
1126 374 1177 436 S.
1208 375 1475 430 24—30.
2010 370 2133 433 125

35 536 259 596 magna
291 527 569 595 potestas
603 518 683 580 sit
707 529 917 582 nostro
951 519 1071 580 civi
1097 521 1424 582 mutandae
1450 519 1711 585 civitatis
1740 538 1856 583 nec
1880 523 2132 595 foedere

32 604 404 681 impediatur
436 620 560 679 quo
597 603 796 665 minus
831 621 911 665 ex
941 603 1077 665 cive
1106 606 1386 667 Romano
1421 604 1573 667 civis
1604 605 1943 668 Gaditanus
1985 624 2132 683 pos-

29 690 114 750 sit
143 704 306 751 esse.
395 687 498 752 28.
543 689 810 751 Duarum
853 687 1161 750 civitatum
1193 688 1349 750 civis
1380 699 1591 751 noster
1619 707 1763 752 esse
1804 690 1938 751 iure
1969 690 2134 752 civili

35 788 225 834 nemo
254 780 488 847 potest·
521 787 642 833 non
675 789 820 835 esse
852 773 1036 835 huius
1065 773 1370 846 civitatiS,
1405 773 1510 850 qui
1540 791 1611 835 se
1646 773 1749 834 alii
1784 773 2009 835 civitati
2042 775 2130 835 di·

33 855 207 930 carit,
239 865 476 955 potest·
527 874 730 933 neque
762 859 960 921 solum
993 848 1322 933 dicatione,
1359 859 1566 934 quod
1551 858 1610 918 1'n
1648 860 1988 921 calamitate
2012 859 2133 922 cla-

30 941 297 1002 rissimis
342 942 494 1003 viris
531 942 598 1017 Ω.
630 942 932 1016 Maximo,
977 943 1038 1004 C.
1066 942 1353 1016 Laenati,
1400 942 1469 1018 Ω.
1502 941 1785 1019 Philippo
1814 942 2129 1017 Nuceriae,

32 1025 99 1086 C.
139 1025 353 1089 Catoni
380 1027 763 1101 Tarracone,
798 1026 864 1102 Ω.
904 1026 1228 1104 Caepioni,
1268 1027 1335 1086 Ρ.
1363 1026 1591 1089 Rutilio
1628 1025 1929 1107 Zmyrnae
1962 1028 2131 1087 vide-

32 1126 171 1172 mus
202 1110 542 1182 accidisse,
587 1117 654 1170 ut
688 1127 897 1172 earum
929 1111 1240 1174 civitatum
1280 1111 1498 1173 fierent
1528 1111 1720 1185 cives,
1750 1128 1939 1187 quum
1971 1111 2131 1172 hanc

29 1203 175 1256 ante
206 1195 485 1261 amittere
527 1210 654 1254 non
694 1195 1049 1270 potuissent
1091 1213 1275 1271 quam
1318 1195 1437 1257 hoc
1469 1198 1671 1258 solum
1702 1196 1967 1257 civitatis
1998 1212 2129 1256 mu-

31 1277 266 1341 tatione
294 1277 669 1350 vertissent,
705 1278 818 1338 sed
855 1280 1036 1339 etiam
1066 1279 1440 1354 postliminio
1473 1289 1675 1355 potest
1704 1278 1967 1342 civitatis
1997 1278 2132 1339 fieri

31 1360 306 1427 mutatio,
392 1361 612 1434 Neque
641 1360 804 1420 enim
832 1361 968 1420 sine
998 1377 1189 1422 causa
1223 1362 1303 1421 de
1333 1362 1439 1431 Cn.
1469 1362 1742 1424 Publicio
1772 1365 2132 1437 Menandr0‚

34 1443 323 1506 libertino
355 1441 644 1515 homine,
692 1458 875 1517 quem
920 1445 1088 1517 apud
1114 1445 1381 1505 maiores
1413 1446 1596 1519 legati
1625 1446 1820 1506 nostri
1850 1447 1913 1506 in
1948 1447 2131 1507 Grae-

3 1527 199 1588 »ciam
229 1525 702 1602 profi01scentes
731 1526 1127 1602 interpretem
1155 1520 1366 1588 secum
1396 1528 1627 1588 habere
1656 1530 1983 1589 voluerunt
2004 1574 2020 1602 ,
2054 1530 2133 1588 ad

37 1611 337 1687 populum
364 1612 552 1679 latum
568 1616 682 1682 est,
709 1615 776 1669 ut
789 1608 841 1670 is
855 1609 1182 1677 Publicius,
1208 1610 1262 1670 si
1279 1611 1527 1673 domum
1542 1611 1889 1675 revenisset
1902 1620 1963 1673 et
1993 1611 2134 1671 inde

35 1697 295 1759 Romam
327 1693 612 1768 red-isset,
644 1710 722 1763 ne
755 1695 956 1757 minus
989 1692 1141 1755 civis
1174 1702 1363 1756 esset.
1402 1694 1575 1756 Multi
1599 1694 2134 1773 etiamsuperiore

34 1778 332 1845 memoria
354 1777 526 1843 cives
550 1777 808 1840 Romani
831 1796 947 1840 sua
969 1780 1300 1851 voluntate,
1329 1778 1665 1841 indemnati
1690 1788 1751 1841 et
1772 1778 2136 1855 incolumeS,

32 1863 135 1925 his
165 1864 351 1924 rebus
382 1861 610 1929 relictis
650 1862 814 1931 'alias
850 1880 920 1926 se
948 1864 1010 1925 in
1043 1863 1324 1929 civitates
1354 1865 1762 1926 contulerunt.

156 1948 284 2010 XII.
318 1946 420 2015 29.
455 1947 638 2023 Quod
677 1947 731 2009 si
773 1947 892 2010 civi
919 1949 1200 2024 Romano
1245 1947 1389 2012 licet
1417 1966 1562 2022 esse
1595 1947 1961 2014 Gaditanum
1999 1946 2133 2010 sive

35 2032 260 2097 exsilio
305 2032 439 2094 sive
493 2031 868 2107 postliminio
914 2033 1048 2095 sive
1077 2032 1412 2116 reiectione
1453 2034 1637 2100 huius
1667 2032 1930 2096 civitatis
1962 2041 2136 2094 —ut

34 2119 160 2182 iam
192 2118 275 2182 ad
300 2117 528 2182 foedus
559 2118 819 2192 veniam,
853 2118 1019 2193 quod
1044 2118 1123 2184 ad
1157 2133 1409 2184 causam
1439 2118 1588 2184 nihil
1618 2119 1909 2194 pertinet:
1942 2118 2020 2178 de
2050 2115 2134 2176 ci-

35 2203 247 2267 vitatis
275 2200 436 2264 enim
472 2201 623 2276 iure,
651 2217 776 2263 non
807 2202 886 2264 de
909 2201 1266 2270 foederibus
1288 2201 1711 2278 disceptamus
1735 2236 1834 2275 —-,
1869 2201 2016 2277 quid
2040 2207 2136 2261 est

39 2304 226 2363 quam
269 2286 350 2347 ob
384 2302 514 2349 rem
551 2284 669 2345 civi
699 2285 1000 2348 Gaditano
1036 2284 1097 2346 in
1136 2284 1297 2346 hanc
1327 2284 1631 2347 civitatem
1663 2286 1875 2347 venire
1906 2301 2028 2345 non
2063 2282 2131 2343 li-

40 2378 180 2434 ceat
199 2378 230 2431 ‘3
268 2370 571 2446 Equidem
597 2371 780 2446 longe
807 2386 994 2438 secus
1025 2368 1247 2431 sentio.
1332 2371 1483 2430 Nam
1519 2388 1705 2447 quum
1735 2387 1814 2431 ex
1846 2369 2131 2432 omnibus

39 2454 388 2517 civitatibus
416 2454 520 2514 via
547 2452 628 2517 sit
653 2453 715 2514 in
746 2463 1020 2516 nostram
1051 2470 1367 2531 quumque
1397 2453 1625 2516 nostris
1656 2454 1896 2517 civibus
1926 2460 2134 2529 pateat

39 2541 123 2604 ad
200 2546 435 2602 ceteras
475 2538 590 2601 iter
632 2537 940 2611 civitateS,
987 2547 1112 2601 tum
1154 2555 1337 2613 vero,
1369 2547 1439 2599 ut
1483 2555 1770 2615 quaeque
1811 2538 2133 2600 nobiscum

40 2622 307 2686 maxime
338 2623 650 2695 societate,
687 2621 972 2698 amicitia,
1002 2622 1364 2699 sponsione,
1402 2625 1717 2698 pactione,
1749 2623 2004 2683 foedere
2033 2628 2130 2680 est

41 2707 390 2781 coniuncta,
422 2707 506 2768 ita
536 2706 681 2767 mihi
711 2706 976 2768 maxime
1006 2706 1436 2772 communione
1457 2704 1918 2778 beneficiorum,
1956 2720 2134 2779 prae-

40 2791 321 2865 miorum,
355 2790 618 2853 civitatis
651 2790 948 2853 contineri
980 2790 1238 2851 videtur.
1325 2790 1509 2866 Atqui
1580 2797 1824 2851 ceterae
1855 2787 2133 2858 civitates

41 2892 261 2938 omnes
292 2893 413 2939 non
446 2876 791 2938 dubita-rent
833 2884 1082 2938 nostros
1126 2871 1409 2935 homines
1450 2873 1729 2949 recipere
1767 2873 1827 2933 in
1874 2889 2020 2935 suas
2053 2871 2134 2931 ci-

44 2960 287 3037 vitates,
316 2960 371 3022 si
400 2960 562 3022 idem
598 2976 714 3020 nos
743 2959 894 3024 iuris
925 2959 1293 3021 haberemus
1324 2958 1493 3033 quod
1568 2955 1770 3019 ceteri.
1861 2956 1987 3018 Sed
2018 2974 2133 3020 nos

43 3043 170 3106 noh
216 3062 555 3121 possumus
595 3053 655 3106 et
683 3043 865 3106 huius
895 3061 1041 3105 esse
1078 3041 1342 3104 civitatis
1379 3051 1440 3103 et
1470 3041 1744 3103 cuiusvis
1787 3050 2134 3119 praeterea=

44 3129 273 3191 ceteris
336 3145 704 3193 concessum
733 3137 846 3192 est.
914 3127 1016 3192 30.
1049 3130 1264 3204 ltaque
1294 3125 1355 3186 in
1383 3126 1635 3189 Graecis
1672 3126 2020 3190 civitatibus
2051 3126 2137 3184 vi-

47 3216 294 3290 demuS,
324 3212 583 3275 Athenis
615 3212 925 3287 Rhodios,
955 3211 1510 3286 Lacedaemonios,
1591 3222 1831 3278 ceteros
1862 3211 2136 3286 undique

45 3298 271 3359 ascribi
312 3300 763 3374 multarumque
809 3313 952 3359 esse
981 3298 1235 3370 eosdem
1268 3296 1549 3359 homines
1582 3296 1912 3359 civitatum.
2002 3294 2133 3369 Quo

48 3383 511 3446 errore'ductos
545 3383 672 3443 vidi
700 3390 945 3458 egomet
965 3399 1088 3442 non
1112 3383 1315 3443 nullos
1343 3380 1661 3458 imperitos
1690 3381 1991 3451 homineS,
2026 3394 2135 3437 no-

47 3477 212 3528 stros
238 3468 426 3541 civeS,
452 3467 713 3530 Athenis
746 3465 808 3527 in
831 3482 1086 3530 numero
1109 3464 1377 3533 iudicum
1405 3475 1591 3540 atque
1604 3460 2135 3538 Areopagitarum,

49 3560 218 3615 certa
246 3551 436 3626 tribu,
481 3559 649 3615 certo
684 3568 967 3627 numero,
1004 3567 1190 3626 quum
1219 3546 1605 3625 ignorarent,
1649 3545 1703 3606 si
1732 3546 1896 3604 illam
1926 3541 2135 3599 civita-

50 3645 168 3698 tem
198 3645 413 3698 essent
443 3635 670 3715 adepti.
700 3636 862 3699 hanc
891 3653 962 3699 se
997 3633 1367 3712 perdidisse,
1400 3631 1520 3691 nisi
1551 3622 1926 3703 postliminio
1957 3632 2108 3675 recu

2411 2843 2512 3014 17¹5.
2411 2304 2514 2796 nnuman
2413 2143 2514 2239 of
2414 1657 2514 2083 mmmm
2355 1238 2514 1607 mahna-
2415 1152 2514 1219 ε
