<?xml version="1.0" encoding="UTF-8"?>
<!DOCTYPE html PUBLIC "-//W3C//DTD XHTML 1.0 Transitional//EN"
    "http://www.w3.org/TR/xhtml1/DTD/xhtml1-transitional.dtd">
<html xmlns="http://www.w3.org/1999/xhtml" xml:lang="en" lang="en">
 <head>
  <title>
</title>
<meta http-equiv="Content-Type" content="text/html;charset=utf-8" />
  <meta name='ocr-system' content='tesseract 3.04.00' />
  <meta name='ocr-capabilities' content='ocr_page ocr_carea ocr_par ocr_line ocrx_word'/>
</head>
<body>
  <div class='ocr_page' id='page_1' title='image "./scriptaquaemans02cicegoog_0510.png"; bbox 0 0 2514 3928; ppageno 0'>
   <div class='ocr_carea' id='block_1_1' title="bbox 281 214 2441 297">
    <p class='ocr_par' dir='ltr' id='par_1_1' title="bbox 281 214 2441 297">
     <span class='ocr_line' id='line_1_1' title="bbox 281 214 2441 297; baseline 0.001 -17"><span class='ocrx_word' id='word_1_1' title='bbox 281 217 422 286; x_wconf 77' lang='lat'><strong>448</strong></span> <span class='ocrx_word' id='word_1_2' title='bbox 544 217 620 277; x_wconf 91' lang='lat' dir='ltr'><strong>IN</strong></span> <span class='ocrx_word' id='word_1_3' title='bbox 642 216 721 276; x_wconf 92' lang='lat' dir='ltr'><strong>M.</strong></span> <span class='ocrx_word' id='word_1_4' title='bbox 756 214 1159 278; x_wconf 86' lang='lat' dir='ltr'><strong>ANTONIUM</strong></span> <span class='ocrx_word' id='word_1_5' title='bbox 1195 215 1479 280; x_wconf 78' lang='lat' dir='ltr'><strong>ORATIO</strong></span> <span class='ocrx_word' id='word_1_6' title='bbox 1519 216 1945 297; x_wconf 67' lang='lat' dir='ltr'><strong>PHtLlpptcA</strong></span> <span class='ocrx_word' id='word_1_7' title='bbox 1963 216 2129 276; x_wconf 85' lang='lat' dir='ltr'><strong>x111.</strong></span> <span class='ocrx_word' id='word_1_8' title='bbox 2315 229 2441 282; x_wconf 77' lang='lat'><strong>1⁵0</strong></span> 
     </span>
    </p>
   </div>
   <div class='ocr_carea' id='block_1_2' title="bbox 280 368 2435 1699">
    <p class='ocr_par' dir='ltr' id='par_1_2' title="bbox 280 368 2435 1699">
     <span class='ocr_line' id='line_1_2' title="bbox 280 368 2435 446; baseline 0 -17"><span class='ocrx_word' id='word_1_9' title='bbox 280 368 640 445; x_wconf 81' lang='lat' dir='ltr'><strong>gitationem</strong></span> <span class='ocrx_word' id='word_1_10' title='bbox 672 386 792 429; x_wconf 90' lang='lat' dir='ltr'><strong>non</strong></span> <span class='ocrx_word' id='word_1_11' title='bbox 829 384 1076 429; x_wconf 73' lang='lat' dir='ltr'><strong>vereor-2</strong></span> <span class='ocrx_word' id='word_1_12' title='bbox 1120 370 1412 446; x_wconf 85' lang='lat' dir='ltr'><strong>impetum</strong></span> <span class='ocrx_word' id='word_1_13' title='bbox 1444 368 1836 445; x_wconf 77' lang='lat' dir='ltr'><strong>pertimesco.</strong></span> <span class='ocrx_word' id='word_1_14' title='bbox 1922 369 2097 430; x_wconf 86' lang='lat' dir='ltr'><strong>Haec</strong></span> <span class='ocrx_word' id='word_1_15' title='bbox 2131 385 2435 444; x_wconf 87' lang='lat' dir='ltr'><strong>quoque</strong></span> 
     </span>
     <span class='ocr_line' id='line_1_3' title="bbox 297 449 2433 529; baseline -0 -17"><span class='ocrx_word' id='word_1_16' title='bbox 297 460 464 512; x_wconf 86' lang='lat' dir='ltr'><strong>tanta</strong></span> <span class='ocrx_word' id='word_1_17' title='bbox 493 449 769 528; x_wconf 87' lang='lat' dir='ltr'><strong>pericula</strong></span> <span class='ocrx_word' id='word_1_18' title='bbox 786 451 840 514; x_wconf 89' lang='lat' dir='ltr'><strong>si</strong></span> <span class='ocrx_word' id='word_1_19' title='bbox 863 451 1157 528; x_wconf 82' lang='lat' dir='ltr'><strong>effugero,</strong></span> <span class='ocrx_word' id='word_1_20' title='bbox 1191 452 1425 514; x_wconf 83' lang='lat' dir='ltr'><strong>satisne</strong></span> <span class='ocrx_word' id='word_1_21' title='bbox 1451 461 1641 514; x_wconf 88' lang='lat' dir='ltr'><strong>tutum</strong></span> <span class='ocrx_word' id='word_1_22' title='bbox 1666 452 1924 514; x_wconf 89' lang='lat' dir='ltr'><strong>reditum</strong></span> <span class='ocrx_word' id='word_1_23' title='bbox 1949 451 2192 529; x_wconf 78' lang='lat' dir='ltr'><strong>putatis</strong></span> <span class='ocrx_word' id='word_1_24' title='bbox 2221 454 2433 514; x_wconf 69' lang='lat' dir='ltr'><strong>rore?</strong></span> 
     </span>
     <span class='ocr_line' id='line_1_4' title="bbox 281 536 2431 608; baseline 0.001 -13"><span class='ocrx_word' id='word_1_25' title='bbox 281 536 484 608; x_wconf 70' lang='lat' dir='ltr'><strong>Quum</strong></span> <span class='ocrx_word' id='word_1_26' title='bbox 521 536 681 596; x_wconf 89' lang='lat' dir='ltr'><strong>enim</strong></span> <span class='ocrx_word' id='word_1_27' title='bbox 707 545 768 598; x_wconf 90' lang='lat' dir='ltr'><strong>et</strong></span> <span class='ocrx_word' id='word_1_28' title='bbox 796 544 1063 596; x_wconf 86' lang='lat' dir='ltr'><strong>vestram</strong></span> <span class='ocrx_word' id='word_1_29' title='bbox 1091 536 1512 598; x_wconf 83' lang='lat' dir='ltr'><strong>auctoritatem</strong></span> <span class='ocrx_word' id='word_1_30' title='bbox 1544 553 1681 597; x_wconf 89' lang='lat' dir='ltr'><strong>meo</strong></span> <span class='ocrx_word' id='word_1_31' title='bbox 1725 546 1895 597; x_wconf 88' lang='lat' dir='ltr'><strong>more</strong></span> <span class='ocrx_word' id='word_1_32' title='bbox 1938 536 2323 608; x_wconf 77' lang='lat' dir='ltr'><strong>defendero</strong></span> <span class='ocrx_word' id='word_1_33' title='bbox 2367 545 2431 597; x_wconf 89' lang='lat' dir='ltr'><strong>et</strong></span> 
     </span>
     <span class='ocr_line' id='line_1_5' title="bbox 290 618 2427 696; baseline 0 -18"><span class='ocrx_word' id='word_1_34' title='bbox 290 636 488 679; x_wconf 84' lang='lat' dir='ltr'><strong>meam</strong></span> <span class='ocrx_word' id='word_1_35' title='bbox 540 620 724 680; x_wconf 85' lang='lat' dir='ltr'><strong>fidem</strong></span> <span class='ocrx_word' id='word_1_36' title='bbox 774 618 863 679; x_wconf 90' lang='lat' dir='ltr'><strong>rei</strong></span> <span class='ocrx_word' id='word_1_37' title='bbox 905 619 1188 695; x_wconf 84' lang='lat' dir='ltr'><strong>publicae</strong></span> <span class='ocrx_word' id='word_1_38' title='bbox 1232 619 1761 695; x_wconf 73' lang='lat' dir='ltr'>constantiamque</span> <span class='ocrx_word' id='word_1_39' title='bbox 1809 620 2224 696; x_wconf 75' lang='lat' dir='ltr'><strong>praestitero,</strong></span> <span class='ocrx_word' id='word_1_40' title='bbox 2282 627 2427 681; x_wconf 85' lang='lat' dir='ltr'><strong>tum</strong></span> 
     </span>
     <span class='ocr_line' id='line_1_6' title="bbox 281 701 2426 779; baseline 0.001 -18"><span class='ocrx_word' id='word_1_41' title='bbox 281 712 469 764; x_wconf 83' lang='lat' dir='ltr'><strong>erunt</strong></span> <span class='ocrx_word' id='word_1_42' title='bbox 498 703 791 765; x_wconf 43' lang='lat' dir='ltr'><strong>milii‘non</strong></span> <span class='ocrx_word' id='word_1_43' title='bbox 823 701 884 762; x_wconf 90' lang='lat' dir='ltr'><strong>hi</strong></span> <span class='ocrx_word' id='word_1_44' title='bbox 916 704 1144 778; x_wconf 86' lang='lat' dir='ltr'><strong>solum,</strong></span> <span class='ocrx_word' id='word_1_45' title='bbox 1180 704 1285 779; x_wconf 93' lang='lat' dir='ltr'><strong>qui</strong></span> <span class='ocrx_word' id='word_1_46' title='bbox 1318 720 1413 764; x_wconf 91' lang='lat' dir='ltr'><strong>me</strong></span> <span class='ocrx_word' id='word_1_47' title='bbox 1443 704 1733 777; x_wconf 90' lang='lat' dir='ltr'><strong>oderunt,</strong></span> <span class='ocrx_word' id='word_1_48' title='bbox 1771 704 1881 765; x_wconf 90' lang='lat' dir='ltr'><strong>sed</strong></span> <span class='ocrx_word' id='word_1_49' title='bbox 1913 702 1998 762; x_wconf 82' lang='lat' dir='ltr'><strong>ini</strong></span> <span class='ocrx_word' id='word_1_50' title='bbox 2024 702 2225 763; x_wconf 85' lang='lat' dir='ltr'><strong>etiam</strong></span> <span class='ocrx_word' id='word_1_51' title='bbox 2250 749 2268 778; x_wconf 87' lang='lat'><strong>,</strong></span> <span class='ocrx_word' id='word_1_52' title='bbox 2309 703 2426 779; x_wconf 86' lang='lat' dir='ltr'><strong>qui</strong></span> 
     </span>
     <span class='ocr_line' id='line_1_7' title="bbox 292 785 2423 863; baseline 0 -18"><span class='ocrx_word' id='word_1_53' title='bbox 292 785 605 863; x_wconf 90' lang='lat' dir='ltr'><strong>invident,</strong></span> <span class='ocrx_word' id='word_1_54' title='bbox 670 786 1132 848; x_wconf 85' lang='lat' dir='ltr'><strong>extimescendi.</strong></span> <span class='ocrx_word' id='word_1_55' title='bbox 1233 786 1623 848; x_wconf 86' lang='lat' dir='ltr'><strong>Custodiatur</strong></span> <span class='ocrx_word' id='word_1_56' title='bbox 1680 786 1863 863; x_wconf 74' lang='lat' dir='ltr'><strong>igitur</strong></span> <span class='ocrx_word' id='word_1_57' title='bbox 1919 801 2059 846; x_wconf 87' lang='lat' dir='ltr'><strong>mea</strong></span> <span class='ocrx_word' id='word_1_58' title='bbox 2114 786 2256 847; x_wconf 84' lang='lat' dir='ltr'><strong>vita</strong></span> <span class='ocrx_word' id='word_1_59' title='bbox 2327 786 2423 847; x_wconf 83' lang='lat' dir='ltr'><strong>rei</strong></span> 
     </span>
     <span class='ocr_line' id='line_1_8' title="bbox 289 868 2420 946; baseline 0.001 -17"><span class='ocrx_word' id='word_1_60' title='bbox 289 870 578 945; x_wconf 83' lang='lat' dir='ltr'><strong>publicae</strong></span> <span class='ocrx_word' id='word_1_61' title='bbox 607 886 838 945; x_wconf 85' lang='lat' dir='ltr'><strong>eaque,</strong></span> <span class='ocrx_word' id='word_1_62' title='bbox 884 871 1086 946; x_wconf 85' lang='lat' dir='ltr'><strong>quoad</strong></span> <span class='ocrx_word' id='word_1_63' title='bbox 1125 872 1219 930; x_wconf 83' lang='lat' dir='ltr'><strong>vel</strong></span> <span class='ocrx_word' id='word_1_64' title='bbox 1253 870 1515 945; x_wconf 76' lang='lat' dir='ltr'>dignitas</span> <span class='ocrx_word' id='word_1_65' title='bbox 1552 873 1644 930; x_wconf 84' lang='lat' dir='ltr'><strong>vei</strong></span> <span class='ocrx_word' id='word_1_66' title='bbox 1694 880 1906 933; x_wconf 86' lang='lat' dir='ltr'><strong>natura</strong></span> <span class='ocrx_word' id='word_1_67' title='bbox 1933 868 2260 944; x_wconf 83' lang='lat' dir='ltr'><strong>patietur,</strong></span> <span class='ocrx_word' id='word_1_68' title='bbox 2304 888 2420 946; x_wconf 84' lang='lat' dir='ltr'><strong>pa·</strong></span> 
     </span>
     <span class='ocr_line' id='line_1_9' title="bbox 285 951 2417 1034; baseline -0.001 -20"><span class='ocrx_word' id='word_1_69' title='bbox 285 955 441 1016; x_wconf 83' lang='lat' dir='ltr'><strong>triae</strong></span> <span class='ocrx_word' id='word_1_70' title='bbox 506 960 890 1022; x_wconf 83' lang='lat' dir='ltr'><strong>reservetur,</strong></span> <span class='ocrx_word' id='word_1_71' title='bbox 936 967 1103 1034; x_wconf 89' lang='lat' dir='ltr'><strong>mors</strong></span> <span class='ocrx_word' id='word_1_72' title='bbox 1134 959 1241 1013; x_wconf 83' lang='lat' dir='ltr'><strong>aut</strong></span> <span class='ocrx_word' id='word_1_73' title='bbox 1280 955 1711 1022; x_wconf 83' lang='lat' dir='ltr'><strong>necessitatem</strong></span> <span class='ocrx_word' id='word_1_74' title='bbox 1750 953 1973 1014; x_wconf 82' lang='lat' dir='ltr'><strong>habeat</strong></span> <span class='ocrx_word' id='word_1_75' title='bbox 2021 951 2135 1013; x_wconf 84' lang='lat' dir='ltr'><strong>fati</strong></span> <span class='ocrx_word' id='word_1_76' title='bbox 2169 965 2329 1026; x_wconf 82' lang='lat' dir='ltr'><strong>aut,</strong></span> <span class='ocrx_word' id='word_1_77' title='bbox 2364 954 2417 1014; x_wconf 88' lang='lat' dir='ltr'><strong>si</strong></span> 
     </span>
     <span class='ocr_line' id='line_1_10' title="bbox 285 1036 2414 1115; baseline 0.001 -20"><span class='ocrx_word' id='word_1_78' title='bbox 285 1045 431 1098; x_wconf 84' lang='lat' dir='ltr'><strong>ante</strong></span> <span class='ocrx_word' id='word_1_79' title='bbox 462 1038 812 1112; x_wconf 87' lang='lat' dir='ltr'><strong>oppetenda</strong></span> <span class='ocrx_word' id='word_1_80' title='bbox 856 1044 981 1110; x_wconf 88' lang='lat' dir='ltr'><strong>est,</strong></span> <span class='ocrx_word' id='word_1_81' title='bbox 1030 1046 1357 1115; x_wconf 86' lang='lat' dir='ltr'><strong>oppetatur</strong></span> <span class='ocrx_word' id='word_1_82' title='bbox 1387 1053 1524 1098; x_wconf 89' lang='lat' dir='ltr'><strong>cum</strong></span> <span class='ocrx_word' id='word_1_83' title='bbox 1553 1036 1764 1113; x_wconf 82' lang='lat' dir='ltr'><strong>gioria.</strong></span> <span class='ocrx_word' id='word_1_84' title='bbox 1850 1038 2020 1097; x_wconf 87' lang='lat' dir='ltr'><strong>Haec</strong></span> <span class='ocrx_word' id='word_1_85' title='bbox 2065 1055 2284 1112; x_wconf 88' lang='lat' dir='ltr'><strong>quum</strong></span> <span class='ocrx_word' id='word_1_86' title='bbox 2334 1038 2414 1099; x_wconf 83' lang='lat' dir='ltr'><strong>ita</strong></span> 
     </span>
     <span class='ocr_line' id='line_1_11' title="bbox 285 1118 2410 1197; baseline 0.001 -18"><span class='ocrx_word' id='word_1_87' title='bbox 285 1118 439 1196; x_wconf 85' lang='lat' dir='ltr'><strong>sint,</strong></span> <span class='ocrx_word' id='word_1_88' title='bbox 485 1121 600 1182; x_wconf 87' lang='lat' dir='ltr'><strong>etsi</strong></span> <span class='ocrx_word' id='word_1_89' title='bbox 632 1120 791 1181; x_wconf 86' lang='lat' dir='ltr'><strong>hanc</strong></span> <span class='ocrx_word' id='word_1_90' title='bbox 832 1119 1197 1195; x_wconf 78' lang='lat' dir='ltr'><strong>legationem</strong></span> <span class='ocrx_word' id='word_1_91' title='bbox 1236 1138 1338 1181; x_wconf 89' lang='lat' dir='ltr'><strong>res</strong></span> <span class='ocrx_word' id='word_1_92' title='bbox 1376 1121 1647 1197; x_wconf 84' lang='lat' dir='ltr'><strong>publica,</strong></span> <span class='ocrx_word' id='word_1_93' title='bbox 1695 1129 1760 1182; x_wconf 86' lang='lat' dir='ltr'><strong>ut</strong></span> <span class='ocrx_word' id='word_1_94' title='bbox 1804 1119 2132 1182; x_wconf 87' lang='lat' dir='ltr'><strong>levissime</strong></span> <span class='ocrx_word' id='word_1_95' title='bbox 2168 1121 2410 1193; x_wconf 82' lang='lat' dir='ltr'><strong>dicam,</strong></span> 
     </span>
     <span class='ocr_line' id='line_1_12' title="bbox 290 1202 2411 1281; baseline 0.002 -20"><span class='ocrx_word' id='word_1_96' title='bbox 290 1219 410 1263; x_wconf 93' lang='lat' dir='ltr'><strong>non</strong></span> <span class='ocrx_word' id='word_1_97' title='bbox 443 1202 781 1275; x_wconf 72' lang='lat' dir='ltr'><strong>desiderat,</strong></span> <span class='ocrx_word' id='word_1_98' title='bbox 815 1213 1013 1266; x_wconf 86' lang='lat' dir='ltr'><strong>tamen</strong></span> <span class='ocrx_word' id='word_1_99' title='bbox 1049 1203 1102 1264; x_wconf 89' lang='lat' dir='ltr'><strong>si</strong></span> <span class='ocrx_word' id='word_1_100' title='bbox 1133 1212 1260 1265; x_wconf 86' lang='lat' dir='ltr'><strong>tuto</strong></span> <span class='ocrx_word' id='word_1_101' title='bbox 1294 1204 1497 1267; x_wconf 87' lang='lat' dir='ltr'><strong>licebit</strong></span> <span class='ocrx_word' id='word_1_102' title='bbox 1526 1204 1653 1280; x_wconf 81' lang='lat' dir='ltr'><strong>ire,</strong></span> <span class='ocrx_word' id='word_1_103' title='bbox 1663 1204 2050 1280; x_wconf 83' lang='lat' dir='ltr'><strong>proficiscar.</strong></span> <span class='ocrx_word' id='word_1_104' title='bbox 2098 1203 2411 1281; x_wconf 87' lang='lat' dir='ltr'><strong>Omnino,</strong></span> 
     </span>
     <span class='ocr_line' id='line_1_13' title="bbox 292 1286 2406 1363; baseline 0.001 -16"><span class='ocrx_word' id='word_1_105' title='bbox 292 1296 497 1363; x_wconf 81' lang='lat' dir='ltr'><strong>patros</strong></span> <span class='ocrx_word' id='word_1_106' title='bbox 532 1286 896 1363; x_wconf 85' lang='lat' dir='ltr'><strong>conscripti,</strong></span> <span class='ocrx_word' id='word_1_107' title='bbox 941 1295 1133 1350; x_wconf 83' lang='lat' dir='ltr'><strong>totum</strong></span> <span class='ocrx_word' id='word_1_108' title='bbox 1164 1288 1423 1349; x_wconf 87' lang='lat' dir='ltr'><strong>huiusce</strong></span> <span class='ocrx_word' id='word_1_109' title='bbox 1462 1288 1549 1350; x_wconf 89' lang='lat' dir='ltr'><strong>rei</strong></span> <span class='ocrx_word' id='word_1_110' title='bbox 1582 1289 1902 1351; x_wconf 88' lang='lat' dir='ltr'><strong>consilium</strong></span> <span class='ocrx_word' id='word_1_111' title='bbox 1940 1304 2069 1348; x_wconf 92' lang='lat' dir='ltr'><strong>non</strong></span> <span class='ocrx_word' id='word_1_112' title='bbox 2102 1288 2406 1363; x_wconf 80' lang='lat' dir='ltr'><strong>periculo</strong></span> 
     </span>
     <span class='ocr_line' id='line_1_14' title="bbox 291 1370 2406 1449; baseline 0 -19"><span class='ocrx_word' id='word_1_113' title='bbox 291 1387 449 1444; x_wconf 90' lang='lat' dir='ltr'><strong>meo,</strong></span> <span class='ocrx_word' id='word_1_114' title='bbox 477 1373 586 1432; x_wconf 89' lang='lat' dir='ltr'><strong>scd</strong></span> <span class='ocrx_word' id='word_1_115' title='bbox 613 1372 865 1434; x_wconf 79' lang='lat' dir='ltr'><strong>utilitate</strong></span> <span class='ocrx_word' id='word_1_116' title='bbox 900 1371 987 1431; x_wconf 89' lang='lat' dir='ltr'><strong>rei</strong></span> <span class='ocrx_word' id='word_1_117' title='bbox 1024 1371 1308 1449; x_wconf 86' lang='lat' dir='ltr'><strong>publicae</strong></span> <span class='ocrx_word' id='word_1_118' title='bbox 1338 1371 1568 1433; x_wconf 87' lang='lat' dir='ltr'><strong>metiar.</strong></span> <span class='ocrx_word' id='word_1_119' title='bbox 1630 1374 1722 1433; x_wconf 88' lang='lat' dir='ltr'><strong>De</strong></span> <span class='ocrx_word' id='word_1_120' title='bbox 1755 1390 1877 1449; x_wconf 89' lang='lat' dir='ltr'><strong>qua</strong></span> <span class='ocrx_word' id='word_1_121' title='bbox 1901 1370 2052 1433; x_wconf 81' lang='lat' dir='ltr'><strong>mihi</strong></span> <span class='ocrx_word' id='word_1_122' title='bbox 2087 1372 2406 1449; x_wconf 83' lang='lat' dir='ltr'><strong>quoniam</strong></span> 
     </span>
     <span class='ocr_line' id='line_1_15' title="bbox 289 1454 2393 1533; baseline 0.001 -20"><span class='ocrx_word' id='word_1_123' title='bbox 289 1455 543 1516; x_wconf 77' lang='lat' dir='ltr'><strong>liberum</strong></span> <span class='ocrx_word' id='word_1_124' title='bbox 576 1465 671 1517; x_wconf 90' lang='lat' dir='ltr'><strong>est</strong></span> <span class='ocrx_word' id='word_1_125' title='bbox 704 1454 997 1533; x_wconf 86' lang='lat' dir='ltr'><strong>spatium,</strong></span> <span class='ocrx_word' id='word_1_126' title='bbox 1043 1457 1293 1517; x_wconf 87' lang='lat' dir='ltr'><strong>multum</strong></span> <span class='ocrx_word' id='word_1_127' title='bbox 1332 1456 1509 1517; x_wconf 85' lang='lat' dir='ltr'><strong>etiam</strong></span> <span class='ocrx_word' id='word_1_128' title='bbox 1540 1464 1724 1532; x_wconf 87' lang='lat' dir='ltr'><strong>atque</strong></span> <span class='ocrx_word' id='word_1_129' title='bbox 1755 1457 1935 1518; x_wconf 85' lang='lat' dir='ltr'><strong>etiam</strong></span> <span class='ocrx_word' id='word_1_130' title='bbox 1966 1456 2393 1517; x_wconf 87' lang='lat' dir='ltr'><strong>consideran-</strong></span> 
     </span>
     <span class='ocr_line' id='line_1_16' title="bbox 283 1538 2401 1616; baseline 0.001 -19"><span class='ocrx_word' id='word_1_131' title='bbox 283 1539 434 1598; x_wconf 89' lang='lat' dir='ltr'><strong>dum</strong></span> <span class='ocrx_word' id='word_1_132' title='bbox 464 1548 610 1615; x_wconf 87' lang='lat' dir='ltr'><strong>puto</strong></span> <span class='ocrx_word' id='word_1_133' title='bbox 649 1538 837 1615; x_wconf 88' lang='lat' dir='ltr'><strong>idque</strong></span> <span class='ocrx_word' id='word_1_134' title='bbox 866 1538 1248 1614; x_wconf 88' lang='lat' dir='ltr'><strong>potissimum</strong></span> <span class='ocrx_word' id='word_1_135' title='bbox 1276 1540 1651 1615; x_wconf 77' lang='lat' dir='ltr'><strong>faciendum,</strong></span> <span class='ocrx_word' id='word_1_136' title='bbox 1687 1541 1857 1616; x_wconf 90' lang='lat' dir='ltr'><strong>quod</strong></span> <span class='ocrx_word' id='word_1_137' title='bbox 1892 1539 2175 1601; x_wconf 80' lang='lat' dir='ltr'><strong>maxime</strong></span> <span class='ocrx_word' id='word_1_138' title='bbox 2213 1541 2401 1602; x_wconf 85' lang='lat' dir='ltr'><strong>inter·</strong></span> 
     </span>
     <span class='ocr_line' id='line_1_17' title="bbox 281 1621 1167 1699; baseline 0.002 -19"><span class='ocrx_word' id='word_1_139' title='bbox 281 1637 433 1682; x_wconf 79' lang='lat' dir='ltr'><strong>esse</strong></span> <span class='ocrx_word' id='word_1_140' title='bbox 453 1621 541 1683; x_wconf 87' lang='lat' dir='ltr'><strong>rei</strong></span> <span class='ocrx_word' id='word_1_141' title='bbox 565 1623 846 1699; x_wconf 86' lang='lat' dir='ltr'><strong>publicae</strong></span> <span class='ocrx_word' id='word_1_142' title='bbox 870 1621 1167 1683; x_wconf 79' lang='lat' dir='ltr'><strong>iudicato.</strong></span> 
     </span>
    </p>
   </div>
   <div class='ocr_carea' id='block_1_3' title="bbox 1134 1828 1516 1839">
    <p class='ocr_par' dir='ltr' id='par_1_3' title="bbox 1134 1828 1516 1839">
     <span class='ocr_line' id='line_1_18' title="bbox 1134 1828 1516 1839; baseline 0 2089"><span class='ocrx_word' id='word_1_143' title='bbox 1134 1828 1516 1839; x_wconf 95' lang='lat' dir='ltr'><strong> </strong></span> 
     </span>
    </p>
   </div>
   <div class='ocr_carea' id='block_1_4' title="bbox 883 2012 1782 2097">
    <p class='ocr_par' dir='ltr' id='par_1_4' title="bbox 883 2012 1782 2097">
     <span class='ocr_line' id='line_1_19' title="bbox 883 2012 1782 2097; baseline -0.001 0"><span class='ocrx_word' id='word_1_144' title='bbox 883 2015 969 2097; x_wconf 82' lang='lat' dir='ltr'><strong>M.</strong></span> <span class='ocrx_word' id='word_1_145' title='bbox 1032 2013 1305 2096; x_wconf 73' lang='lat' dir='ltr'><strong>Tum!</strong></span> <span class='ocrx_word' id='word_1_146' title='bbox 1358 2012 1782 2096; x_wconf 77' lang='lat' dir='ltr'><strong>CICERONIS</strong></span> 
     </span>
    </p>
   </div>
   <div class='ocr_carea' id='block_1_5' title="bbox 337 2179 2262 2424">
    <p class='ocr_par' dir='ltr' id='par_1_5' title="bbox 337 2179 2262 2424">
     <span class='ocr_line' id='line_1_20' title="bbox 337 2179 2262 2317; baseline 0.002 -41"><span class='ocrx_word' id='word_1_147' title='bbox 337 2312 342 2317; x_wconf 8' lang='grc' dir='ltr'><strong><em>ἱ</em></strong></span> <span class='ocrx_word' id='word_1_148' title='bbox 397 2181 498 2276; x_wconf 80' lang='grc' dir='ltr'><strong>ἸΝ</strong></span> <span class='ocrx_word' id='word_1_149' title='bbox 558 2182 661 2275; x_wconf 86' lang='grc' dir='ltr'><strong>Μ.</strong></span> <span class='ocrx_word' id='word_1_150' title='bbox 720 2179 1218 2281; x_wconf 80' lang='lat' dir='ltr'><strong>ANToNnJM</strong></span> <span class='ocrx_word' id='word_1_151' title='bbox 1282 2181 1642 2279; x_wconf 72' lang='lat' dir='ltr'><strong>ORATIO</strong></span> <span class='ocrx_word' id='word_1_152' title='bbox 1703 2183 2262 2316; x_wconf 62' lang='lat' dir='ltr'>PHILIPPICA</span> 
     </span>
     <span class='ocr_line' id='line_1_21' title="bbox 914 2327 1753 2424; baseline -0.001 -2"><span class='ocrx_word' id='word_1_153' title='bbox 914 2327 1278 2424; x_wconf 78' lang='grc' dir='ltr'><strong>ΤΕΡιΤΙΑ</strong></span> <span class='ocrx_word' id='word_1_154' title='bbox 1352 2327 1753 2424; x_wconf 78' lang='lat' dir='ltr'><strong>DECIMA.</strong></span> 
     </span>
    </p>
   </div>
   <div class='ocr_carea' id='block_1_6' title="bbox 1159 2537 1494 2552">
    <p class='ocr_par' dir='ltr' id='par_1_6' title="bbox 1159 2537 1494 2552">
     <span class='ocr_line' id='line_1_22' title="bbox 1159 2537 1494 2552; baseline 0 0"><span class='ocrx_word' id='word_1_155' title='bbox 1159 2537 1494 2552; x_wconf 95' lang='lat' dir='ltr'><strong> </strong></span> 
     </span>
    </p>
   </div>
   <div class='ocr_carea' id='block_1_7' title="bbox 996 2661 1669 2722">
    <p class='ocr_par' dir='ltr' id='par_1_7' title="bbox 996 2661 1669 2722">
     <span class='ocr_line' id='line_1_23' title="bbox 996 2661 1669 2722; baseline -0.003 -1"><span class='ocrx_word' id='word_1_156' title='bbox 996 2661 1669 2722; x_wconf 86' lang='lat' dir='ltr'><strong>ARGUMENTUM.</strong></span> 
     </span>
    </p>
   </div>
   <div class='ocr_carea' id='block_1_8' title="bbox 290 2786 2378 3393">
    <p class='ocr_par' dir='ltr' id='par_1_8' title="bbox 290 2786 2378 3393">
     <span class='ocr_line' id='line_1_24' title="bbox 430 2786 2378 2852; baseline -0.001 -13"><span class='ocrx_word' id='word_1_157' title='bbox 430 2790 703 2852; x_wconf 83' lang='lat' dir='ltr'><strong>Postquam</strong></span> <span class='ocrx_word' id='word_1_158' title='bbox 760 2786 1018 2852; x_wconf 83' lang='lat' dir='ltr'><strong>cognitum</strong></span> <span class='ocrx_word' id='word_1_159' title='bbox 1076 2795 1181 2836; x_wconf 87' lang='lat' dir='ltr'><strong>erat</strong></span> <span class='ocrx_word' id='word_1_160' title='bbox 1230 2787 1359 2850; x_wconf 87' lang='lat' dir='ltr'><strong>quid</strong></span> <span class='ocrx_word' id='word_1_161' title='bbox 1415 2787 1515 2850; x_wconf 88' lang='lat' dir='ltr'><strong>illi,</strong></span> <span class='ocrx_word' id='word_1_162' title='bbox 1581 2788 1669 2850; x_wconf 89' lang='lat' dir='ltr'><strong>qui</strong></span> <span class='ocrx_word' id='word_1_163' title='bbox 1715 2786 1784 2836; x_wconf 94' lang='grc' dir='ltr'><strong>Μ.</strong></span> <span class='ocrx_word' id='word_1_164' title='bbox 1832 2788 2055 2837; x_wconf 81' lang='lat' dir='ltr'><strong>Antonio</strong></span> <span class='ocrx_word' id='word_1_165' title='bbox 2117 2786 2378 2849; x_wconf 72' lang='lat' dir='ltr'><strong>favebant,</strong></span> 
     </span>
     <span class='ocr_line' id='line_1_25' title="bbox 291 2853 2377 2922; baseline -0 -14"><span class='ocrx_word' id='word_1_166' title='bbox 291 2861 475 2910; x_wconf 82' lang='lat' dir='ltr'><strong>iterum</strong></span> <span class='ocrx_word' id='word_1_167' title='bbox 514 2857 773 2907; x_wconf 78' lang='lat' dir='ltr'><strong>mittendis</strong></span> <span class='ocrx_word' id='word_1_168' title='bbox 809 2854 991 2921; x_wconf 78' lang='lat' dir='ltr'><strong>legatis</strong></span> <span class='ocrx_word' id='word_1_169' title='bbox 1024 2857 1265 2920; x_wconf 74' lang='lat' dir='ltr'><strong>consequi</strong></span> <span class='ocrx_word' id='word_1_170' title='bbox 1296 2853 1510 2916; x_wconf 80' lang='lat' dir='ltr'><strong>veiient,</strong></span> <span class='ocrx_word' id='word_1_171' title='bbox 1546 2856 1635 2906; x_wconf 81' lang='lat' dir='ltr'><strong>vix</strong></span> <span class='ocrx_word' id='word_1_172' title='bbox 1680 2856 1781 2904; x_wconf 84' lang='lat' dir='ltr'><strong>iam</strong></span> <span class='ocrx_word' id='word_1_173' title='bbox 1822 2857 1922 2905; x_wconf 85' lang='lat' dir='ltr'><strong>ista</strong></span> <span class='ocrx_word' id='word_1_174' title='bbox 1953 2855 2145 2921; x_wconf 77' lang='lat' dir='ltr'><strong>legatio</strong></span> <span class='ocrx_word' id='word_1_175' title='bbox 2181 2859 2377 2922; x_wconf 80' lang='lat' dir='ltr'><strong>suscipi</strong></span> 
     </span>
     <span class='ocr_line' id='line_1_26' title="bbox 292 2922 2375 2992; baseline -0.001 -15"><span class='ocrx_word' id='word_1_176' title='bbox 292 2935 518 2992; x_wconf 78' lang='lat' dir='ltr'><strong>poterat,</strong></span> <span class='ocrx_word' id='word_1_177' title='bbox 556 2926 674 2976; x_wconf 85' lang='lat' dir='ltr'><strong>vide</strong></span> <span class='ocrx_word' id='word_1_178' title='bbox 703 2924 871 2977; x_wconf 68' lang='lat' dir='ltr'><strong>Gauii</strong></span> <span class='ocrx_word' id='word_1_179' title='bbox 900 2924 1081 2975; x_wconf 68' lang='lat' dir='ltr'><strong>Dionis</strong></span> <span class='ocrx_word' id='word_1_180' title='bbox 1107 2924 1193 2974; x_wconf 84' lang='lat' dir='ltr'><strong>lib.</strong></span> <span class='ocrx_word' id='word_1_181' title='bbox 1232 2925 1412 2974; x_wconf 86' lang='lat' dir='ltr'><strong>XLVI.</strong></span> <span class='ocrx_word' id='word_1_182' title='bbox 1453 2941 1495 2975; x_wconf 88' lang='lat' dir='ltr'><strong>c.</strong></span> <span class='ocrx_word' id='word_1_183' title='bbox 1536 2923 1624 2978; x_wconf 83' lang='lat'><strong>32.</strong></span> <span class='ocrx_word' id='word_1_184' title='bbox 1696 2925 1872 2987; x_wconf 85' lang='lat' dir='ltr'><strong>Itaque</strong></span> <span class='ocrx_word' id='word_1_185' title='bbox 1927 2922 1984 2976; x_wconf 82' lang='lat' dir='ltr'><strong>O.</strong></span> <span class='ocrx_word' id='word_1_186' title='bbox 2037 2924 2207 2974; x_wconf 83' lang='lat' dir='ltr'><strong>Pansa</strong></span> <span class='ocrx_word' id='word_1_187' title='bbox 2260 2940 2375 2975; x_wconf 79' lang='lat' dir='ltr'><strong>cum</strong></span> 
     </span>
     <span class='ocr_line' id='line_1_27' title="bbox 290 2991 2373 3058; baseline 0 -14"><span class='ocrx_word' id='word_1_188' title='bbox 290 2997 521 3045; x_wconf 86' lang='lat' dir='ltr'><strong>exercitu</strong></span> <span class='ocrx_word' id='word_1_189' title='bbox 574 3009 669 3044; x_wconf 83' lang='lat' dir='ltr'><strong>suo</strong></span> <span class='ocrx_word' id='word_1_190' title='bbox 720 2994 881 3044; x_wconf 83' lang='lat' dir='ltr'><strong>Roma</strong></span> <span class='ocrx_word' id='word_1_191' title='bbox 933 2991 1191 3057; x_wconf 77' lang='lat' dir='ltr'><strong>profectus</strong></span> <span class='ocrx_word' id='word_1_192' title='bbox 1237 3002 1330 3043; x_wconf 89' lang='lat' dir='ltr'><strong>est.</strong></span> <span class='ocrx_word' id='word_1_193' title='bbox 1396 2994 1566 3054; x_wconf 55' lang='lat' dir='ltr'><strong>,Quum</strong></span> <span class='ocrx_word' id='word_1_194' title='bbox 1612 2995 1770 3058; x_wconf 78' lang='lat' dir='ltr'><strong>igitur</strong></span> <span class='ocrx_word' id='word_1_195' title='bbox 1814 2992 2001 3043; x_wconf 84' lang='lat' dir='ltr'><strong>bellum</strong></span> <span class='ocrx_word' id='word_1_196' title='bbox 2048 2993 2184 3042; x_wconf 86' lang='lat' dir='ltr'><strong>omni</strong></span> <span class='ocrx_word' id='word_1_197' title='bbox 2221 2995 2373 3044; x_wconf 84' lang='lat' dir='ltr'><strong>modo</strong></span> 
     </span>
     <span class='ocr_line' id='line_1_28' title="bbox 297 3061 2371 3127; baseline 0.001 -15"><span class='ocrx_word' id='word_1_198' title='bbox 297 3071 528 3127; x_wconf 86' lang='lat' dir='ltr'><strong>paratum</strong></span> <span class='ocrx_word' id='word_1_199' title='bbox 564 3062 850 3121; x_wconf 81' lang='lat' dir='ltr'><strong>videretur,</strong></span> <span class='ocrx_word' id='word_1_200' title='bbox 896 3068 1062 3111; x_wconf 88' lang='lat' dir='ltr'><strong>tamen</strong></span> <span class='ocrx_word' id='word_1_201' title='bbox 1099 3063 1305 3112; x_wconf 85' lang='lat' dir='ltr'><strong>Antonii</strong></span> <span class='ocrx_word' id='word_1_202' title='bbox 1355 3063 1502 3112; x_wconf 88' lang='lat' dir='ltr'><strong>amici</strong></span> <span class='ocrx_word' id='word_1_203' title='bbox 1541 3063 1605 3113; x_wconf 83' lang='lat' dir='ltr'><strong>de</strong></span> <span class='ocrx_word' id='word_1_204' title='bbox 1642 3077 1768 3127; x_wconf 83' lang='lat' dir='ltr'><strong>pace</strong></span> <span class='ocrx_word' id='word_1_205' title='bbox 1806 3061 2029 3112; x_wconf 86' lang='lat' dir='ltr'><strong>nondum</strong></span> <span class='ocrx_word' id='word_1_206' title='bbox 2062 3061 2371 3126; x_wconf 76' lang='lat' dir='ltr'><strong>desperave-</strong></span> 
     </span>
     <span class='ocr_line' id='line_1_29' title="bbox 297 3128 2368 3196; baseline 0.001 -18"><span class='ocrx_word' id='word_1_207' title='bbox 297 3138 438 3191; x_wconf 89' lang='lat' dir='ltr'><strong>runt,</strong></span> <span class='ocrx_word' id='word_1_208' title='bbox 493 3138 543 3178; x_wconf 88' lang='lat' dir='ltr'><strong>et</strong></span> <span class='ocrx_word' id='word_1_209' title='bbox 583 3144 739 3191; x_wconf 83' lang='lat' dir='ltr'><strong>quum</strong></span> <span class='ocrx_word' id='word_1_210' title='bbox 777 3128 830 3178; x_wconf 88' lang='lat' dir='ltr'><strong>C.</strong></span> <span class='ocrx_word' id='word_1_211' title='bbox 870 3128 1086 3179; x_wconf 78' lang='lat' dir='ltr'><strong>Plancus</strong></span> <span class='ocrx_word' id='word_1_212' title='bbox 1138 3141 1187 3180; x_wconf 87' lang='lat' dir='ltr'><strong>et</strong></span> <span class='ocrx_word' id='word_1_213' title='bbox 1224 3131 1293 3180; x_wconf 89' lang='grc' dir='ltr'><strong>Μ.</strong></span> <span class='ocrx_word' id='word_1_214' title='bbox 1335 3131 1559 3196; x_wconf 82' lang='lat' dir='ltr'><strong>Lepidus</strong></span> <span class='ocrx_word' id='word_1_215' title='bbox 1593 3131 1785 3182; x_wconf 77' lang='lat' dir='ltr'><strong>litteras</strong></span> <span class='ocrx_word' id='word_1_216' title='bbox 1822 3132 1892 3181; x_wconf 82' lang='lat' dir='ltr'><strong>ad</strong></span> <span class='ocrx_word' id='word_1_217' title='bbox 1926 3138 2157 3179; x_wconf 85' lang='lat' dir='ltr'><strong>senatum</strong></span> <span class='ocrx_word' id='word_1_218' title='bbox 2198 3133 2368 3181; x_wconf 79' lang='lat' dir='ltr'><strong>misis-</strong></span> 
     </span>
     <span class='ocr_line' id='line_1_30' title="bbox 295 3196 2365 3260; baseline 0.002 -15"><span class='ocrx_word' id='word_1_219' title='bbox 295 3204 426 3259; x_wconf 82' lang='lat' dir='ltr'><strong>sent,</strong></span> <span class='ocrx_word' id='word_1_220' title='bbox 452 3196 637 3258; x_wconf 89' lang='lat' dir='ltr'><strong>quibus</strong></span> <span class='ocrx_word' id='word_1_221' title='bbox 671 3210 849 3259; x_wconf 83' lang='lat' dir='ltr'><strong>pacem</strong></span> <span class='ocrx_word' id='word_1_222' title='bbox 880 3206 1092 3260; x_wconf 85' lang='lat' dir='ltr'><strong>uterque</strong></span> <span class='ocrx_word' id='word_1_223' title='bbox 1122 3199 1376 3256; x_wconf 76' lang='lat' dir='ltr'><strong>suaderet,</strong></span> <span class='ocrx_word' id='word_1_224' title='bbox 1405 3199 1480 3250; x_wconf 86' lang='lat' dir='ltr'><strong>illi</strong></span> <span class='ocrx_word' id='word_1_225' title='bbox 1514 3201 1781 3250; x_wconf 79' lang='lat' dir='ltr'><strong>occasione</strong></span> <span class='ocrx_word' id='word_1_226' title='bbox 1810 3199 1910 3250; x_wconf 88' lang='lat' dir='ltr'><strong>hac</strong></span> <span class='ocrx_word' id='word_1_227' title='bbox 1945 3199 2061 3247; x_wconf 78' lang='lat' dir='ltr'><strong>data</strong></span> <span class='ocrx_word' id='word_1_228' title='bbox 2095 3212 2275 3249; x_wconf 80' lang='lat' dir='ltr'><strong>rursus</strong></span> <span class='ocrx_word' id='word_1_229' title='bbox 2303 3201 2365 3250; x_wconf 81' lang='lat' dir='ltr'><strong>de</strong></span> 
     </span>
     <span class='ocr_line' id='line_1_31' title="bbox 297 3262 2363 3334; baseline 0.002 -23"><span class='ocrx_word' id='word_1_230' title='bbox 297 3277 426 3326; x_wconf 85' lang='lat' dir='ltr'><strong>pace</strong></span> <span class='ocrx_word' id='word_1_231' title='bbox 463 3277 578 3311; x_wconf 89' lang='lat' dir='ltr'><strong>cum</strong></span> <span class='ocrx_word' id='word_1_232' title='bbox 628 3262 696 3310; x_wconf 82' lang='lat' dir='ltr'><strong>M.</strong></span> <span class='ocrx_word' id='word_1_233' title='bbox 737 3262 958 3313; x_wconf 86' lang='lat' dir='ltr'><strong>Antonio</strong></span> <span class='ocrx_word' id='word_1_234' title='bbox 995 3280 1148 3330; x_wconf 80' lang='lat' dir='ltr'><strong>agere</strong></span> <span class='ocrx_word' id='word_1_235' title='bbox 1191 3275 1466 3334; x_wconf 82' lang='lat' dir='ltr'><strong>coeperunt</strong></span> <span class='ocrx_word' id='word_1_236' title='bbox 1496 3285 1556 3319; x_wconf 88' lang='lat' dir='ltr'><strong>eo</strong></span> <span class='ocrx_word' id='word_1_237' title='bbox 1595 3270 1678 3320; x_wconf 86' lang='lat' dir='ltr'><strong>die</strong></span> <span class='ocrx_word' id='word_1_238' title='bbox 1699 3305 1712 3328; x_wconf 92' lang='lat'><strong>,</strong></span> <span class='ocrx_word' id='word_1_239' title='bbox 1761 3283 1862 3331; x_wconf 81' lang='lat' dir='ltr'><strong>quo</strong></span> <span class='ocrx_word' id='word_1_240' title='bbox 1920 3266 2036 3316; x_wconf 80' lang='lat' dir='ltr'><strong>illae</strong></span> <span class='ocrx_word' id='word_1_241' title='bbox 2088 3266 2288 3323; x_wconf 66' lang='lat' dir='ltr'><strong>litterae</strong></span> <span class='ocrx_word' id='word_1_242' title='bbox 2331 3282 2363 3316; x_wconf 83' lang='lat' dir='ltr'><strong>a</strong></span> 
     </span>
     <span class='ocr_line' id='line_1_32' title="bbox 298 3328 2364 3393; baseline 0.004 -16"><span class='ocrx_word' id='word_1_243' title='bbox 298 3331 364 3381; x_wconf 90' lang='grc' dir='ltr'><strong>Μ.</strong></span> <span class='ocrx_word' id='word_1_244' title='bbox 404 3328 621 3378; x_wconf 82' lang='lat' dir='ltr'><strong>Cornuto</strong></span> <span class='ocrx_word' id='word_1_245' title='bbox 651 3336 884 3393; x_wconf 78' lang='lat' dir='ltr'><strong>praetore</strong></span> <span class='ocrx_word' id='word_1_246' title='bbox 913 3333 1107 3384; x_wconf 80' lang='lat' dir='ltr'><strong>urbano</strong></span> <span class='ocrx_word' id='word_1_247' title='bbox 1140 3336 1193 3386; x_wconf 85' lang='lat' dir='ltr'><strong>in</strong></span> <span class='ocrx_word' id='word_1_248' title='bbox 1228 3345 1409 3386; x_wconf 83' lang='lat' dir='ltr'><strong>senatu</strong></span> <span class='ocrx_word' id='word_1_249' title='bbox 1444 3339 1801 3388; x_wconf 83' lang='lat' dir='ltr'><strong>recitabantur.</strong></span> <span class='ocrx_word' id='word_1_250' title='bbox 1873 3334 2055 3387; x_wconf 78' lang='lat' dir='ltr'><strong>Contra</strong></span> <span class='ocrx_word' id='word_1_251' title='bbox 2091 3336 2161 3388; x_wconf 86' lang='grc' dir='ltr'><strong>Μ.</strong></span> <span class='ocrx_word' id='word_1_252' title='bbox 2191 3334 2364 3387; x_wconf 68' lang='lat' dir='ltr'><strong>ciem</strong></span> 
     </span>
    </p>
   </div>
   <div class='ocr_carea' id='block_1_9' title="bbox 297 3395 2365 3527">
    <p class='ocr_par' dir='ltr' id='par_1_9' title="bbox 297 3395 2365 3527">
     <span class='ocr_line' id='line_1_33' title="bbox 297 3395 2365 3470; baseline 0.005 -25"><span class='ocrx_word' id='word_1_253' title='bbox 297 3395 477 3445; x_wconf 81' lang='lat' dir='ltr'><strong>eodem</strong></span> <span class='ocrx_word' id='word_1_254' title='bbox 500 3411 601 3459; x_wconf 87' lang='lat' dir='ltr'><strong>quo</strong></span> <span class='ocrx_word' id='word_1_255' title='bbox 641 3405 789 3446; x_wconf 83' lang='lat' dir='ltr'><strong>antea</strong></span> <span class='ocrx_word' id='word_1_256' title='bbox 823 3399 994 3450; x_wconf 77' lang='lat' dir='ltr'><strong>animo</strong></span> <span class='ocrx_word' id='word_1_257' title='bbox 1027 3403 1179 3454; x_wconf 71' lang='lat' dir='ltr'><strong>etiam</strong></span> <span class='ocrx_word' id='word_1_258' title='bbox 1213 3419 1349 3455; x_wconf 89' lang='lat' dir='ltr'><strong>nunc</strong></span> <span class='ocrx_word' id='word_1_259' title='bbox 1386 3405 1498 3467; x_wconf 83' lang='lat' dir='ltr'><strong>hac,</strong></span> <span class='ocrx_word' id='word_1_260' title='bbox 1532 3422 1663 3469; x_wconf 83' lang='lat' dir='ltr'><strong>quae</strong></span> <span class='ocrx_word' id='word_1_261' title='bbox 1703 3405 1836 3456; x_wconf 73' lang='lat' dir='ltr'><strong>infra</strong></span> <span class='ocrx_word' id='word_1_262' title='bbox 1880 3403 2092 3470; x_wconf 67' lang='lat' dir='ltr'><strong>iegitur,</strong></span> <span class='ocrx_word' id='word_1_263' title='bbox 2141 3405 2365 3459; x_wconf 53' lang='lat' dir='ltr'><strong>orale&amp;</strong></span> 
     </span>
     <span class='ocr_line' id='line_1_34' title="bbox 303 3463 774 3527; baseline 0.006 -16"><span class='ocrx_word' id='word_1_264' title='bbox 303 3476 485 3527; x_wconf 71' lang='lat' dir='ltr'><strong>pacem</strong></span> <span class='ocrx_word' id='word_1_265' title='bbox 512 3463 774 3514; x_wconf 82' lang='lat' dir='ltr'><strong>dissuasit.</strong></span> 
     </span>
    </p>
   </div>
  </div>
 </body>
</html>
