2514 3928
188 255 252 316 ’.Ἰ
611 281 618 294 =
844 252 1009 312 CAP.
1038 262 1071 313 2
1098 287 1165 300 -
1185 261 1234 314 4.
1280 259 1334 319 S.
1368 262 1595 315 5—11.
1762 261 1769 264 ’
1940 271 1947 276 ’
2136 252 2262 315 369

193 404 538 465 Possumne
593 403 708 463 hae
759 403 928 477 leges
979 419 1123 464 esse
1175 411 1344 464 ratae
1395 404 1527 464 sine
1577 404 1840 466 interitu·
1871 406 2074 479 legum
2119 404 2258 465 reli-

89 539 92 544 ,
193 494 491 562 quarum?
556 486 744 547 Eccui
799 494 1075 561 potestas
1127 488 1185 546 in
1232 486 1817 547 sorum-insinuandi
1869 486 2022 549 suit?
2091 488 2260 561 Quae

192 586 375 645 porro
405 568 507 629 illa
534 568 826 631 tonitrua!
863 586 1021 645 quae
1053 575 1388 644 tempestas
1404 578 1423 628 t
1449 578 1543 643 ut,
1577 568 1630 628 si
1659 570 1933 645 auspicia
1959 572 2040 631 M.
2069 574 2258 634 Anto-

194 653 356 713 nium
399 669 520 713 non
569 661 913 725 moverent,
971 654 1272 714 sustinere
1321 660 1517 713 tamen
1564 668 1702 712 eum
1747 668 1819 713 ac
1864 655 2022 715 ferre
2067 671 2255 729 posse

192 744 415 797 tantam
437 735 562 795 vim
587 735 982 811 tempestatiS,
1012 735 1219 797 imbris
1245 752 1318 795 ac
1342 734 1662 809 turbinum,
1695 735 1909 796 mirum
1937 736 2259 799 videretur.

195 820 382 894 Quam
422 820 618 895 legem
643 819 843 895 igitur
884 836 954 880 se
992 836 1187 896 augur
1219 818 1364 879 dicit
1393 820 1610 881 tulisse
1642 835 1763 879 non
1795 820 1980 879 modo
2013 826 2259 881 tonante

193 905 365 975 Iove,
412 905 522 964 sed
556 920 749 979 prope
769 902 1028 965 ‘caelesti
1058 906 1321 964 clamore
1357 901 1746 979 prohibente,
1780 902 1938 963 hanc
1968 903 2262 966 dubitabit

192 995 401 1049 contra
432 987 709 1063 auspicia
741 989 920 1048 latam
954 986 1272 1049 confiteri?
1322 987 1380 1048 9.
1417 984 1616 1060 Quid?
1650 987 1820 1062 quod
1851 1002 1990 1048 cum
2020 1003 2095 1047 eo
2132 989 2257 1049 col-

103 1085 112 1090 ’
196 1069 524 1162 lega‘ulit,
568 1086 746 1146 quem
783 1070 920 1146 ipse
949 1071 1091 1131 fecit
1122 1087 1234 1130 sua
1276 1069 1654 1132 nuntiatione
1682 1070 1999 1146 vitiosum,
2031 1068 2259 1132 nihilne

189 1154 270 1214 ad
313 1153 592 1228 auspicia
639 1154 839 1214 bonus
880 1170 1074 1229 augur
1115 1153 1418 1230 pertinere
1458 1154 1779 1223 arbitratus
1812 1162 1950 1216 est?
1992 1157 2095 1215 lv.
2134 1149 2256 1216 Sed

188 1236 604 1313 auspiciorum
634 1253 749 1298 nos
781 1238 1041 1299 fortasse
1070 1238 1295 1297 erimus
1326 1237 1713 1311 interpretes,
1750 1236 1854 1313 qui
1885 1254 2097 1301 sumus
2123 1240 2256 1300 eius

190 1322 483 1396 collegae.
554 1322 708 1381 Num
753 1337 900 1397 ergo
933 1322 1109 1382 etiam
1137 1337 1441 1381 armorum
1471 1320 1832 1395 interpretes
1869 1323 2260 1396 quaerimus?

191 1404 448 1464 Primum
493 1421 707 1465 omnes
753 1405 865 1465 sori
893 1404 1094 1465 aditus
1123 1404 1205 1465 ita
1233 1404 1459 1480 saepti,
1506 1412 1600 1478 ut,
1649 1403 1827 1465 etiam
1859 1404 1911 1463 si
1941 1421 2119 1465 nemo
2152 1406 2259 1466 ob-

187 1496 380 1549 staret
406 1496 705 1559 armatuS‚
753 1496 951 1549 tamen
983 1487 1100 1548 nisi
1130 1486 1361 1562 saeptis
1390 1486 1653 1547 revulsis
1682 1486 1916 1547 introiri
1960 1488 2019 1547 in
2063 1489 2259 1549 lorum

186 1572 355 1632 nullo
382 1572 565 1633 modo
599 1577 832 1644 possen
873 1570 976 1632 Sic
1000 1586 1145 1632 vero
1173 1579 1346 1632 erant
1366 1568 1669 1645 disposita
1691 1570 2017 1644 praesidia,
2048 1579 2114 1631 ut
2135 1589 2257 1647 quo

188 1654 371 1715 modo
391 1656 662 1718 hostium
697 1656 900 1717 aditus
925 1655 1077 1715 urbe
1105 1652 1532 1729 prohibentur,
1559 1652 1641 1713 ita
1672 1654 1937 1713 castellis
1969 1662 2029 1715 et
2061 1654 2262 1730 operi·

190 1738 307 1797 bus
349 1738 426 1798 ab
468 1736 853 1814 ingressione
883 1736 997 1798 sori
1030 1738 1324 1813 poputum
1355 1736 1753 1812 tribunosque
1783 1737 1978 1812 plebis
2010 1738 2259 1813 propul-

189 1820 314 1881 sari
342 1819 604 1882 videres,
695 1820 795 1883 10.
840 1821 1069 1896 Quibus
1103 1822 1181 1883 de
1214 1819 1422 1882 causis
1459 1837 1567 1881 eas
1599 1821 1799 1895 legeS,
1840 1837 1994 1895 quas
2022 1821 2102 1881 Μ.
2133 1824 2265 1881 An-

188 1902 396 1966 tonius
438 1904 652 1967 tulisse
693 1906 935 1978 dicitur,
986 1920 1198 1968 omnes
1247 1920 1474 1967 censeo
1524 1920 1635 1980 per
1670 1902 1791 1964 vim
1825 1911 1885 1966 et
1913 1912 2125 1967 contra
2153 1922 2259 1981 au·

191 1985 388 2062 spicia
427 1988 580 2055 latas
626 1988 827 2063 iisque
866 1988 1105 2064 legibus
1141 1990 1445 2066 populum
1485 2005 1606 2049 non
1655 1986 1864 2049 teneri.
1955 1989 2020 2049 Si
2078 2006 2265 2064 quam

191 2070 389 2146 legem
431 2071 510 2131 de
549 2072 700 2133 actis
733 2071 1007 2133 Caesaris
1051 2072 1484 2135 confirmandis
1514 2072 1670 2132 deve
1709 2070 2005 2133 dictatura
2038 2072 2094 2132 in
2126 2089 2261 2147 per-

189 2153 757 2229 petuumntollenda
798 2156 953 2216 deve
993 2155 1250 2218 coloniis
1296 2156 1356 2216 in
1399 2172 1588 2232 agros·
1625 2154 2004 2216 deducendis
2046 2155 2260 2229 tulisse

189 2237 270 2298 M.
300 2233 608 2303 Antonius
650 2236 897 2312 dicitur,
939 2239 1186 2300 easdem
1227 2240 1398 2316 leges
1441 2241 1519 2300 de
1558 2239 1824 2313 integre,
1867 2248 1934 2301 ut
1966 2242 2267 2314 populum,

190 2327 467 2394 teneant,
524 2318 738 2382 salvis.
766 2319 1057 2396 auspiciis
1110 2322 1252 2383 ferri
1295 2325 1513 2399 placet.
1604 2322 1891 2397 Quamvis
1936 2321 2103 2383 ,enim
2157 2340 2258 2384 res

188 2404 392 2466 bonas
432 2401 654 2487 vitiose
697 2421 807 2479 per
845 2404 1094 2481 yimque
1120 2405 1369 2482 tulerit,
1392 2416 1591 2471 tamen
1625 2423 1741 2467 eae
1768 2407 1936 2482 leges
1966 2424 2086 2467 non
2119 2417 2267 2469 sunt<

188 2487 542 2563 habendae,
592 2486 915 2565 omnisque
954 2489 1211 2553 audacia
1235 2490 1590 2565 gladiatoris
1619 2490 1874 2550 amentis
1903 2490 2262 2550 auctoritate

190 2580 402 2635 nostra
453 2573 835 2649 repudianda
865 2582 993 2636 est.
1081 2572 1182 2636 11.
1225 2574 1334 2633 Illa
1386 2591 1533 2636 vero
1585 2571 1906 2647 dissipatio
1959 2572 2258 2647 pecuniae

191 2655 475 2734 publicae
516 2658 776 2719 ferenda
812 2657 975 2719 nullo
1022 2659 1208 2723 modo
1252 2664 1376 2730 est,
1426 2673 1534 2734 per
1575 2673 1754 2732 quam
1784 2655 2131 2717 sestertium
2162 2671 2256 2717 se-

189 2739 393 2818 pttens
432 2739 669 2805 miliens
715 2740 886 2802 falsis
912 2739 1485 2816 ,perscriptionibus
1505 2737 2058 2814 donationibusque
2085 2755 2256 2801 aver-

191 2825 287 2895 tit,
331 2831 399 2885 ut
439 2823 701 2901 portenti
744 2823 942 2903 simile
974 2825 1251 2887 videatur
1278 2831 1501 2886 tantam
1536 2822 1861 2900 pecuniam
1891 2822 2256 2903 populi-Ro-

187 2906 351 2971 mani
381 2917 501 2970 tam
530 2906 705 2975 brevi
735 2916 1009 2983 tempore
1040 2906 1236 2984 perire
1272 2908 1583 2985 potuisse..
1634 2907 1827 2983 Quid?
1854 2907 1936 2967 illi
1966 2906 2263 2981 immanes

190 2999 490 3066 quaestus
532 2991 876 3065 ferendine,
919 3009 1082 3068 quos
1113 2993 1196 3053 Μ.
1224 2991 1475 3055 Antonii
1503 2993 1640 3053 sola
1675 2990 1965 3053 exhausit·
1992 2992 2258 3057 domus?

186 3077 450 3137 Decreta
483 3076 644 3136 falsa
662 3074 998 3150 vendebat,
1031 3091 1251 3151 regna,
1285 3075 1586 3148 civitateS,
1620 3073 2024 3140 immunitates
2055 3075 2114 3136 in
2147 3090 2262 3135 aes

184 3167 446 3235 accepta
492 3159 753 3234 pecunia
800 3155 1047 3227 iubebat
1083 3159 1287 3220 incidi.
1371 3160 1539 3221 Haec
1579 3176 1649 3220 se
1688 3175 1769 3220 ex
1811 3156 2260 3221 commentariis

178 3240 250 3302 C.
271 3241 570 3312 Caesaris
599 3258 860 3316 quorum
883 3240 1021 3317 ipse
1038 3249 1257 3303 auctor
1282 3250 1428 3315 erat,
1451 3259 1641 3316 agere
1664 3245 1926 3306 dicebat.
1973 3242 2260 3304 calebant

186 3326 252 3388 in
282 3324 567 3394 interiore
589 3325 830 3387 aedium
851 3333 1025 3402 parte
1047 3325 1231 3387 totius
1255 3323 1346 3386 rei
1369 3325 1655 3401 publicae
1675 3325 2013 3386 nundinae:
2044 3323 2260 3385 mulier

188 3408 315 3470 sibi
360 3408 593 3472 felicior
636 3427 817 3487 quam
859 3408 1007 3471 viris
1048 3408 1392 3471 auctionem
1429 3408 1877 3485 provinciarum
1902 3419 2251 3482 regnorum-

185 3507 318 3570 que
365 3491 652 3555 faciebat:
708 3492 1179 3556 restituebantur
1218 3494 1466 3576 exsules
1515 3492 1691 3568 quasi
1740 3493 1875 3630 ¹³25?
1915 3489 2047 3548 sine
2088 3488 2254 3559 lege:

278 3574 492 3638 c1c.⁴11.
525 3585 579 3637 3.
