2514 3928
816 337 980 398 CAP.
1017 344 1278 400 15—17.
1323 343 1372 403 5.
1406 346 1670 400 34—40.
2206 341 2299 403 15

207 491 450 553 tribuno
483 488 712 566 plebis,
764 487 1054 564 vigilante
1088 489 1336 550 homine
1364 499 1426 550 et
1452 489 1514 550 in
1545 507 1734 551 causa
1766 490 2047 567 populari
2078 490 2132 552 si
2161 510 2293 554 non

206 574 555 647 moderate,
585 583 649 634 at
675 581 838 633 certe
871 572 1247 649 populariter
1274 573 1776 649 abstinenterque
1810 584 2074 649 versato.
2138 575 2286 636 Ces-

208 659 316 732 sit,
362 674 442 717 ne
472 665 580 718 aut
621 656 815 717 victus
849 673 888 716 a
919 656 1177 719 fortibus
1214 655 1362 718 viris
1394 674 1531 718 cun:
1564 658 1871 720 dedecore
1901 660 2148 720 caderet
2180 670 2288 723 aut

209 741 404 803 victor
438 740 642 802 multis
681 749 741 801 et
783 740 1042 802 fortibus
1078 739 1319 802 civibus
1358 757 1485 801 rem
1515 741 1823 816 publicam
1853 743 2116 804 orbaret.
2178 740 2287 806 38.

205 825 408 886 Meam
430 840 679 887 causam
701 833 952 886 senatus
977 826 1201 900 palam,
1235 834 1526 900 equester
1547 825 1699 887 ordo
1724 825 2035 899 acerrime,
2063 836 2288 888 cuncta

205 908 377 971 Italia
421 908 695 984 publice,
749 912 966 970 omnes
1014 909 1159 970 boni
1199 908 1451 985 proprie
1502 908 1809 986 enixeque
1858 920 2289 985 susceperant.

205 994 325 1053 Eas
349 1009 453 1053 res
477 1009 812 1068 gesseram,
846 1009 1103 1068 quarum
1125 1010 1248 1053 non
1272 1009 1431 1054 unus
1456 1001 1688 1067 auctor,
1726 994 1839 1054 sed
1864 993 1990 1054 dux
2016 994 2292 1053 omnium

206 1076 532 1138 voluntatis
565 1075 851 1150 fuissem,
888 1093 1173 1153 quaeque
1202 1094 1324 1138 non
1355 1078 1538 1139 modo
1573 1078 1653 1137 ad
1684 1077 2053 1153 singularem
2086 1093 2292 1138 meam
2384 1150 2390 1155 .

204 1160 491 1236 gloriam,
526 1161 638 1221 sed
664 1161 746 1220 ad
759 1176 1149 1222 communem
1178 1169 1439 1222 satutem
1458 1162 1725 1223 omnium
1751 1160 1972 1222 civium
1998 1166 2058 1222 et
2087 1177 2294 1236 prope

204 1245 474 1320 gentium
496 1243 898 1320 pertinerent:
923 1260 1000 1302 ea
1013 1243 1377 1304 condicione
1398 1261 1733 1320 gesseram,
1758 1253 1822 1306 ut
1842 1262 2039 1306 meum
2057 1246 2290 1306 factum

206 1344 457 1402 semper
479 1327 701 1387 'omnes
733 1326 1047 1400 praestare
1077 1325 1355 1400 tuerique
1385 1327 1696 1388 deberent.

162 1416 165 1419 ’
376 1410 566 1468 xvu.
606 1409 750 1467 Erat
781 1416 986 1469 autem
1019 1407 1163 1467 mihi
1193 1409 1499 1468 contentio
1530 1427 1652 1468 non
1683 1427 1817 1471 cum
1846 1413 2076 1474 victore
2107 1429 2289 1474 exer-

211 1492 337 1554 citu
353 1537 370 1565 ,
407 1492 524 1552 sed
547 1506 684 1551 cum
704 1489 925 1566 ,operis
950 1490 1271 1551 conductis
1295 1492 1455 1551 etad
1479 1490 1878 1566 diripiendam
1904 1494 2115 1555 urbem
2138 1513 2293 1556 con·

210 1574 442 1638 citatis:
477 1575 776 1635 habebam
801 1573 1106 1635 inimicum
1135 1590 1253 1633 non
1280 1574 1339 1633 C.
1364 1573 1649 1646 Marium,
1690 1584 1980 1636 terrorem
2001 1577 2294 1653 hostium,

207 1676 384 1737 spem
428 1654 899 1734 subsidiumque
926 1657 1204 1734 patriae,
1240 1656 1370 1718 ‘sed
1422 1654 1544 1719 duo
1600 1659 1948 1735 importuna
1992 1660 2296 1736 prodigia,

210 1761 369 1820 quos
393 1749 659 1819 egestaS,
693 1759 853 1818 quos
877 1741 1039 1803 aeris
1065 1741 1244 1802 alieni
1267 1741 1639 1817 magnitude,
1676 1759 1834 1818 quos
1857 1742 2094 1817 levitas»,
2128 1761 2300 1820 quos>

207 1827 567 1904 improbitas
592 1826 830 1888 tribuno
857 1824 1056 1901 plebis
1083 1826 1448 1887 constrictos
1472 1827 1819 1888 addixerat:
1864 1824 1964 1888 39.
2003 1844 2117 1888 nec
2140 1828 2286 1889 mihi

208 1920 339 1974 erat
377 1927 480 1973 res
516 1926 652 1994 cum
685 1908 1040 1984 Saturnino,
1091 1909 1227 1986 qui,
1271 1911 1439 1987 quod
1480 1927 1520 1971 a
1552 1926 1622 1972 se
1658 1920 1986 1987 quaestore
2016 1910 2290 1974 Ostiensi-

210 2012 323 2072 per
342 1994 734 2072 ignominiam
761 1995 842 2055 ad
864 1993 1202 2072 principem
1224 2003 1287 2056 et
1306 2002 1556 2055 senatus
1580 2003 1641 2055 et
1662 1994 1922 2056 civitatis
1938 2042 1954 2071 ,
1986 1996 2067 2056 M.
2091 1997 2289 2058 Scau-

207 2096 375 2151 rum,
443 2094 575 2138 rem
623 2079 1074 2138 frumentariam
1124 2081 1401 2139 tralatam
1455 2079 1723 2157 sciebat,
1786 2080 2062 2141 dolorem
2104 2096 2290 2141 suum

211 2179 436 2237 magna
461 2159 845 2222 contentione
869 2160 1050 2222 animi
1079 2159 1595 2237 persequebatur,
1629 2163 1740 2222 scd
1770 2179 1904 2224 cum
1937 2181 2291 2225 scurrarum

207 2244 606 2320 locupletium
649 2251 883 2318 scort0,
930 2261 1068 2306 cum
1111 2243 1346 2326 sororis
1394 2246 1700 2319 adultero,
1747 2262 1885 2308 cum
1931 2256 2292 2323 stuprorum·

112 2392 122 2404 ‚
211 2330 565 2401 sacerdote,
614 2343 750 2389 cum
791 2329 1101 2401 venefico,
1148 2345 1287 2389 cum
1327 2330 1810 2399 testamentario,
1857 2346 1994 2391 cum
2038 2328 2282 2400 sicario,

210 2430 347 2474 cum
393 2415 652 2473 latrone=
712 2428 871 2487 quos
909 2411 1189 2473 homiues
1231 2411 1316 2496 si,
1371 2410 1435 2471 id
1474 2414 1641 2487 quod
1682 2413 1860 2475 facile
1891 2416 2052 2475 sactu
2082 2414 2193 2476 fuit
2224 2422 2283 2474 et

211 2497 381 2571 quod
422 2495 552 2556 fieri
598 2496 806 2574 debuit
846 2497 1140 2571 quodque
1178 2513 1217 2556 a
1249 2512 1347 2556 me
1394 2496 1603 2571 optimi
1650 2505 1712 2558 et
1755 2498 2068 2559 fortissimi
2112 2497 2288 2560 cives

211 2579 593 2654 flagitabant,
641 2578 701 2639 vi
734 2580 1042 2655 armisque
1085 2596 1513 2656 superassem,
1565 2598 1684 2641 non
1728 2582 1987 2642 verebar
2020 2598 2097 2642 ne
2142 2580 2292 2656 quis

210 2672 314 2724 aut
352 2662 472 2722 vim
515 2662 573 2724 vi
603 2664 925 2739 depulsam
974 2663 1452 2739 reprehenderet
1493 2673 1598 2725 aut
1637 2664 2011 2739 perditorum
2055 2664 2290 2724 civium

212 2748 309 2807 vel
344 2746 552 2822 potius
583 2746 1058 2807 domesticorum
1086 2746 1355 2808 hostium
1384 2755 1635 2807 mortem
1659 2756 1975 2807 maereret.
2031 2745 2154 2807 Sed
2187 2762 2292 2805 me

210 2830 312 2890 illa
342 2839 696 2901 moverunte
745 2830 1026 2892 omnibus
1057 2830 1116 2891 in
1150 2829 1537 2892 contionibus
1567 2830 1671 2891 illa
1697 2831 1854 2890 furia
1883 2830 2183 2891 clamabat
2211 2846 2294 2891 se·

214 2931 375 2990 quae
418 2916 644 2975 faceret
682 2923 893 2975 contra
932 2915 1186 2994 salutem
1216 2930 1412 2975 meam
1445 2916 1649 2974 facere
1688 2921 1936 2974 auctore
1967 2912 2071 2973 Cn.
2105 2914 2279 2974 Pom-

212 2997 387 3074 peio,
416 2998 755 3059 clarissimo
787 2998 918 3060 viro
947 2997 1219 3073 mihique
1250 3007 1311 3059 et
1339 3013 1500 3058 nunc
1529 3005 1591 3058 et
1614 2998 1819 3073 quoad
1849 2996 2015 3057 licuit
2042 2997 2292 3078 amicis-

212 3082 389 3145 simo.
451 3082 545 3141 M<
566 3081 854 3153 Crassus»,
904 3098 1166 3158 quocum
1208 3079 1356 3141 mihi
1391 3096 1604 3142 omnes
1640 3088 1812 3141 erant
1844 3080 2145 3142 amicitiae
2177 3096 2292 3139 ne·

214 3164 653 3238 cessitudines,
705 3166 797 3226 vir
837 3166 1231 3237 fortissimuS‚
1283 3165 1361 3224 ab
1404 3164 1620 3225 eadem
1663 3164 1765 3225 illa
1804 3174 1981 3239 peste
2014 3163 2290 3241 infestis·

214 3249 407 3310 simus
443 3264 585 3309 esse
625 3248 779 3309 meis
821 3249 1078 3310 fortunis
1122 3247 1603 3323 praedicabatur.
1692 3246 1755 3308 C.
1796 3247 2050 3318 Caesar,
2101 3245 2206 3321 qui
2245 3262 2289 3304 a·

212 3348 309 3392 mc
350 3332 516 3394 nullo
559 3348 695 3392 meo
746 3333 959 3393 merito
1009 3330 1247 3392 alienus
1294 3347 1437 3392 esse
1482 3330 1770 3401 debebat,
1828 3328 2286 3389 inimicissimus

211 3431 355 3476 esse
388 3432 561 3488 meae
594 3415 774 3476 saluti
808 3417 885 3476 ab
918 3413 1138 3475 eodem
1168 3412 1492 3476 cotidianis
1528 3411 1914 3475 contionibus
1946 3410 2292 3470 dicebatur„

211 3497 314 3561 40.
342 3498 453 3560 His
475 3515 546 3559 se
567 3499 760 3559 tribus
784 3498 1136 3559 auctoribus
1160 3498 1218 3557 in
1247 3494 1520 3570 consiliis
1542 3492 1878 3568 capiendiS,
1902 3488 2289 3549 adiutoribus

211 3581 272 3642 in
303 3599 370 3644 re
400 3581 670 3657 gerenda
699 3598 843 3643 esse
871 3597 1127 3641 usurum
1156 3578 1426 3640 diceban
1474 3592 1553 3635 ex
1589 3573 1811 3646 quibus
1845 3583 2029 3625 unum
2057 3564 2294 3617 habere
