2514 3928
243 248 326 302 ‘21
876 238 1040 298 CAP-
1074 248 1338 301 14—-17‹.
1383 246 1436 304 S.
1467 247 1736 301 37—45.
2214 239 2338 302 245

256 386 519 463 invidia,
545 388 627 448 M.
652 404 804 448 vero
835 387 1086 449 Antonii
1114 387 1379 448 maxima
1409 389 1647 464 gloria?
1684 388 1786 452 41.
1836 388 2037 467 Quid?
2077 389 2338 452 comitiis

257 472 320 533 in
364 488 586 547 eampo
630 469 916 546 quotiens
945 479 1224 546 potestas
1254 470 1394 532 fuit!
1434 490 1619 546 quum
1659 474 1761 535 ille
1813 472 1875 535 in
1933 482 2147 550 saepta
2187 474 2338 540 irru-

257 557 489 632 pisset,
531 553 771 630 gladios
810 554 1315 630 destringendos,
1360 554 1598 629 lapides
1629 555 1947 619 iaciendos
1978 556 2338 634 curavisset,

258 636 401 698 dein
456 636 658 699 subito
713 638 882 698 vultu
933 637 1181 700 Milonis
1218 636 1576 713 perterritus
1633 640 1870 714 fugeret
1921 641 2002 700 ad
2057 640 2337 711 Tiberim,

260 737 380 782 vos
424 730 486 782 et
532 737 746 782 omnes
776 720 924 782 boni
963 729 1107 783 vota
1149 721 1462 797 faceretiS,
1505 729 1570 782 ut
1597 721 1809 784 Miloni
1835 722 1923 784 uti
1965 722 2182 785 virtute
2226 740 2340 784 sua

265 804 496 866 liberet.

386 887 547 949 XVI.
582 888 774 962 Quem
804 887 990 964 igitur
1019 905 1156 950 cum
1187 890 1454 951 omnium
1485 887 1681 964 gratia
1715 889 1926 965 noluit,
1960 888 2122 949 hunc
2153 886 2343 950 voluit

258 986 395 1032 cum
424 971 771 1047 aliquorum
794 974 1109 1046 querella?
1151 989 1333 1048 quem
1373 972 1537 1047 iure,
1571 988 1754 1049 quem
1782 973 1948 1050 loco,
1979 988 2162 1048 quem
2195 978 2342 1033 tem-

261 1071 434 1130 pore,
471 1070 655 1131 quem
680 1054 931 1130 impune
960 1071 1083 1116 non
1114 1064 1210 1116 est
1236 1073 1449 1130 ausus,
1481 1055 1640 1116 hunc
1668 1054 1905 1130 iniuria,
1941 1055 2154 1130 iniquo
2179 1055 2345 1131 loco,

261 1137 460 1198 alieno
493 1146 794 1212 tempore,
823 1138 1096 1212 periculo
1133 1137 1349 1213 capitis
1380 1155 1505 1198 non
1536 1137 1836 1201 dubitavit
1866 1140 2194 1203 occidere?
2231 1137 2330 1201 42.
2377 1144 2391 1157 ⁶

259 1219 649 1294 praesertim,
683 1217 953 1295 iudices,
996 1237 1183 1294 quum
1228 1220 1488 1281 honoris
1529 1221 1890 1296 amplissimi
1928 1222 2236 1284 contentio
2281 1230 2341 1284 et

260 1301 392 1361 dies
428 1300 811 1362 comitiorum
842 1303 1146 1374 subesset,
1185 1320 1309 1378 quo
1341 1301 1590 1378 quidem
1621 1304 2149 1379 tempore—scio
2181 1304 2337 1367 enim

273 1397 457 1456 quam
482 1380 693 1442 timida
712 1382 796 1442 sit
816 1382 1066 1443 ambitio
1094 1389 1448 1458 quantaque
1480 1388 1543 1440 et
1564 1397 1747 1455 quam
1771 1381 2034 1441 sollicita
2061 1382 2142 1440 sit
2163 1380 2330 1454 eupi-

270 1464 430 1524 ditas
455 1468 817 1527 consulatus
838 1500 907 1511 —
929 1463 1150 1539 omnia,
1174 1482 1301 1526 non
1325 1465 1510 1525 modo
1537 1480 1698 1539 quae
1719 1463 2087 1539 reprehendi
2111 1463 2330 1538 palam,

270 1548 385 1608 sed
409 1547 589 1608 etiam
614 1549 881 1612 obscure
903 1566 1066 1626 quae
1088 1548 1344 1625 eogitari
1364 1556 1650 1625 possunt,
1674 1547 1976 1616 timemuS,
2001 1561 2330 1616 rumorem,

270 1632 537 1692 fabulam
576 1633 817 1705 falsam,
849 1635 1075 1706 fictam,
1113 1637 1312 1694 levem
1343 1631 1893 1708 perhorrescimuS,
1926 1647 2036 1691 ora
2065 1627 2335 1689 omnium

258 1721 448 1790 atque
470 1714 687 1774 oculos
724 1713 1043 1774 intuemur.
1117 1711 1274 1772 Nihil
1305 1720 1402 1772 est
1431 1710 1592 1771 enim
1620 1718 1745 1771 tam
1777 1710 1986 1784 molle,
2023 1717 2146 1771 tam
2179 1716 2342 1770 tene-

243 1814 423 1871 rum,
472 1805 592 1858 tam
638 1804 745 1856 aut
789 1795 1003 1873 fragile
1046 1804 1151 1857 aut
1189 1794 1462 1856 flexibile
1496 1810 1686 1870 quam
1727 1795 2012 1855 voluntas
2043 1809 2191 1867 erga
2224 1809 2340 1852 nos

260 1896 612 1955 sensusque
635 1878 877 1953 civium,
911 1880 1014 1954 qui
1057 1896 1181 1940 non
1216 1881 1401 1940 modo
1428 1876 1797 1953 improbitati
1819 1876 2166 1938 irascuntur
2199 1892 2341 1936 can-

260 1962 605 2024 didatorum
627 2009 642 2035 ,
686 1963 801 2023 sed
843 1961 1023 2023 etiam
1058 1960 1119 2022 in
1158 1971 1326 2024 recte
1364 1961 1542 2023 factis
1587 1978 1777 2037 saepe
1817 1960 2150 2023 fastidiunt.
2235 1958 2337 2022 43.

262 2047 438 2105 Hunc
472 2044 655 2120 igitur
685 2045 845 2104 diem
878 2045 1076 2120 campi
1112 2052 1420 2119 speratum
1440 2054 1637 2124 fiatque
1662 2053 2017 2120 exoptatum
2047 2043 2165 2105 sibi
2202 2060 2335 2117 pro-

263 2143 505 2205 ponens
536 2128 713 2199 Milo,
759 2127 1026 2189 cruentis
1062 2129 1342 2189 manibus
1371 2130 1578 2189 scelus
1623 2137 1684 2189 et
1714 2130 1952 2190 facinus
1982 2144 2129 2203 prae
2152 2143 2224 2188 se
2255 2128 2335 2187 fe-

265 2228 407 2271 rens
441 2218 501 2271 et
531 2211 861 2286 confitens,
903 2212 982 2271 ad
1022 2212 1125 2271 illa
1166 2220 1428 2287 augusta
1469 2211 1878 2274 centuriarum
1919 2210 2202 2287 auspicia
2238 2227 2337 2271 ve·

264 2292 508 2355 niebat?
550 2293 742 2367 Quam
770 2294 889 2355 hoc
924 2311 1045 2355 non
1074 2295 1365 2356 credibile
1398 2295 1465 2355 in
1497 2295 1646 2357 hoc!
1695 2314 1878 2372 quam
1919 2293 2080 2356 idem
2112 2293 2173 2354 in
2205 2294 2341 2354 Clo-

262 2376 365 2438 dio
391 2395 512 2439 non
540 2376 939 2440 dubitandum
970 2378 1114 2454 quin
1145 2395 1215 2440 se
1252 2379 1686 2441 illeintersecto
1698 2379 1927 2441 Milone
1950 2387 2339 2454 regnaturum

261 2468 532 2537 putaret!
568 2461 765 2534 Quid?
803 2463 969 2538 quod
1001 2472 1187 2538 caput
1226 2470 1342 2533 est,
1357 2463 1684 2539 audaciae,
1713 2462 1970 2536 iudiceS,
2001 2461 2141 2537 quis
2167 2459 2339 2534 igno·

256 2553 352 2606 rat
377 2542 703 2605 maximam
731 2544 1081 2608 illecebram
1111 2562 1256 2607 esse
1280 2546 1579 2621 peccandi
1605 2544 1980 2621 impunitatis
2011 2550 2233 2620 spem?
2272 2545 2336 2601 In

257 2638 395 2691 utro
433 2627 617 2703 igitur
655 2629 812 2689 haec
855 2630 1007 2691 suit?
1044 2628 1107 2689 in
1144 2630 1404 2702 Milone,
1463 2628 1569 2703 qui
1621 2630 1802 2691 etiam
1858 2644 2021 2689 nunc
2059 2642 2206 2686 reus
2247 2634 2342 2686 est

259 2710 403 2773 facti
431 2719 537 2773 aut
562 2711 865 2787 praeclari
894 2721 1004 2776 aut
1028 2720 1193 2773 certe
1225 2712 1599 2786 necessarii,
1637 2729 1721 2772 anf
1750 2711 1810 2771 in
1843 2709 2076 2782 Clodio,
2123 2706 2227 2783 qui
2258 2708 2341 2769 ita

257 2794 491 2857 iudicia
542 2812 935 2872 poenamque
988 2802 1471 2871 contempserat,
1521 2804 1588 2857 ut
1637 2811 1776 2856 eum
1821 2792 1970 2855 nihil
2011 2794 2341 2853 delectaret

259 2879 431 2955 quod
460 2887 567 2941 aut
592 2896 704 2954 per
737 2890 1015 2942 naturam
1046 2881 1138 2941 fas
1168 2888 1338 2941 esset
1364 2887 1469 2940 aut
1499 2895 1611 2954 per
1637 2880 1809 2955 leges
1841 2876 2102 2939 liceret?

380 2960 483 3024 44.
542 2962 667 3023 Sed
700 2963 849 3039 quid
878 2980 993 3039 ego
1029 2970 1462 3039 argumentor?
1506 2961 1656 3038 quid
1689 2964 1865 3037 plura
1893 2959 2188 3036 disputo?
2233 2960 2336 3034 Te,

171 3110 179 3117 ,
260 3047 331 3124 Q.
353 3044 548 3122 Petili,
578 3048 845 3122 appello,
881 3046 1172 3123 optimum
1200 3054 1262 3109 et
1290 3045 1683 3108 fortissimum
1707 3045 1903 3108 civem
1920 3068 1936 3101 a
1967 3054 2044 3122 te,
2066 3046 2146 3106 M.
2174 3045 2341 3118 Cato,

262 3138 485 3204 testor,
533 3146 691 3205 quos
722 3129 868 3191 mihi
897 3129 1105 3191 divina
1136 3132 1436 3205 quaedam
1472 3147 1610 3192 sors
1653 3130 1819 3191 dedit
1860 3128 2119 3192 iudices.
2204 3129 2339 3188 Vos

260 3232 343 3276 ex
367 3214 451 3284 M,
478 3211 754 3275 Favonio
798 3212 1059 3275 audistis
1092 3213 1368 3274 Clodium
1410 3212 1526 3274 sibi
1553 3213 1789 3275 dixisse
1820 3223 1882 3274 et
1907 3210 2166 3274 audistis
2195 3208 2340 3268 vivo

262 3296 476 3359 Clodio
523 3296 849 3372 periturum
877 3297 1165 3359 Milonem
1208 3297 1428 3359 triduo.
1496 3297 1659 3358 Post
1694 3296 1851 3357 diem
1893 3296 2131 3357 tertium
2165 3302 2338 3378 gesta

262 3396 365 3440 res
398 3386 494 3441 est
524 3397 706 3456 quam
736 3380 991 3442 dixerat.
1081 3380 1277 3455 Quum
1305 3379 1407 3441 ille
1436 3398 1558 3442 non
1594 3378 1878 3439 dubitarit
1921 3374 2161 3450 aperire
2195 3370 2339 3443 qutd

264 3460 577 3537 cogitaret,
610 3480 722 3526 vos
745 3463 1006 3540 potestis
1029 3462 1306 3525 dubitare
1343 3463 1490 3539 quid
1527 3461 1777 3523 fecerit?
1802 3459 1990 3518 XVII.
2024 3452 2126 3513 45.
2153 3450 2337 3519 Quem
