2514 3928
225 260 335 318 1⁷5
540 261 545 266 ·
873 253 1043 312 'CAR
1077 261 1112 318 7
1128 279 1203 298 -a-
1228 263 1312 315 10.
1357 259 1408 321 s.
1444 263 1511 318 19
1529 291 1599 301 -—
1619 264 1706 319 27.
2014 303 2019 306 ¹
2199 257 2347 378 473·

221 404 292 463 P.
322 401 572 477 Servili,
607 420 751 465 num
775 403 952 465 misit
978 405 1133 466 ullas
1156 406 1396 482 collega
1426 408 1657 469 litteras
1689 409 1766 469 de
1791 408 1897 470 illa>
1921 411 2320 474 calamitosis·

224 486 383 549 sima
416 503 626 563 pugna
653 486 1010 549 Pharsalia?
1086 506 1231 550 num
1278 498 1337 551 te
1379 492 1458 551 de
1499 491 1951 568 supplicatione
1993 495 2188 560 voluit
2227 513 2321 557 re·

225 572 435 632 ferre?
487 571 769 633 Profecto
799 570 1011 636 noluit.
1097 575 1181 635 At
1214 572 1378 635 misit
1416 584 1637 651 postea
1668 577 1747 636 de
1776 579 2192 652 Alexandrea,
2241 582 2321 643 de

221 655 559 717 Pharnace.
647 655 1005 719 Pharsaliae
1082 674 1229 719 vero
1269 675 1514 734 pugnae
1545 676 1622 720 ne
1664 660 2032 737 triumphum
2072 663 2320 739 quidem

224 739 367 815 egit.
417 740 543 801 Eos
573 739 934 802 enim-cives
962 749 1173 817 pugna
1204 741 1308 803 illa
1329 745 1689 819 sustulerat,
1725 744 2101 820 quibusnon
2133 750 2317 811 modo

221 822 417 899 vivis,
454 824 571 885 sed
599 823 781 885 etiam
811 824 1148 887 victorIbus
1193 825 1519 889 incolumis
1551 838 1612 889 et
1642 826 1879 891 florens
1923 829 2140 892 civitas
2175 848 2319 893 esse

222 916 463 983 posset.
531 905 655 970 24.
702 909 879 983 Quod
908 907 1071 970 idem
1097 908 1434 987 contigerat
1469 911 1895 988 superioribus
1924 913 2100 975 bellis
2134 914 2319 976 civili-

221 992 364 1052 bus,
422 992 578 1053 Nam
605 994 750 1053 mihi
782 994 1024 1055 consuli
1053 994 1424 1071 supplicatio
1456 994 1640 1058 nullis
1674 996 1864 1059 armis
1897 1000 2160 1075 sumptis
2192 1016 2315 1063 non

222 1076 306 1136 ob
343 1076 599 1137 caedem
629 1077 927 1152 hostium,
972 1075 1088 1140 sed
1107 1080 1195 1140 ob
1227 1081 1764 1142 conservationem
1796 1079 2022 1144 civium
2059 1098 2226 1144 novo
2258 1092 2328 1145 et·

219 1158 499 1222 inaudito
536 1176 763 1235 genere
805 1162 1082 1224 decreta
1099 1171 1212 1224 est.
1303 1163 1493 1237 Quam
1525 1166 1605 1226 ob
1642 1182 1769 1226 rem
1805 1175 1929 1227 aut
1942 1167 2314 1243 supplicatio

159 1238 164 1242 ’
225 1247 311 1307 ob
358 1262 460 1307 res
506 1247 782 1343 publicas
833 1248 1243 1323 pulcherrime
1288 1249 1501 1325 gestas
1554 1249 2015 1326 postulantibus
2070 1250 2299 1309 nostris

223 1315 701 1425 imperatoribus
738 1332 1011 1407 publice
1029 1334 1398 1409 deneganda
1443 1342 1564 1403 est,
1611 1336 1781 1409 quod
1826 1342 2073 1410 praeter
2122 1331 2298 1392 Gabi-

226 1412 396 1475 nium
453 1413 710 1491 contigit
769 1416 1025 1487 nemini,
1078 1425 1188 1478 aut
1240 1417 1697 1494 supplicatione
1747 1416 2137 1479 decernenda
2194 1414 2300 1475 ho·

224 1504 375 1560 stes.
400 1514 544 1567 eos,
592 1500 672 1561 de
709 1499 936 1575 quibus
980 1500 1342 1573 decernitis,
1390 1501 1672 1563 iudicetis
1705 1515 1969 1562 necesse
2013 1505 2126 1559 est.
2195 1498 2296 1557 IX.

228 1581 407 1655 Quod
454 1599 603 1659 ergo
649 1582 751 1644 ille
792 1599 890 1660 re,
945 1584 1014 1646 *id
1059 1601 1176 1660 ego
1223 1584 1406 1645 etiam
1451 1585 1679 1656 verbo,
1740 1600 1929 1659 quum
1971 1582 2299 1658 imperato·

69 1650 86 1658 ’
191 1681 329 1727 -res
386 1683 498 1729 eos
553 1669 841 1744 appello:
903 1668 1025 1729 hoe
1078 1667 1220 1745 ipso
1274 1668 1521 1729 nornine
1575 1676 1637 1730 et
1683 1671 1826 1741 eos,
1886 1665 1990 1745 qui
2032 1667 2296 1726 iam'de-

196 1753 367 1816 'victi
394 1765 566 1830 sunt,
604 1762 665 1816 et
693 1773 837 1830 eos,
870 1757 974 1833 qui
1006 1765 1367 1832 supersunt,
1402 1756 1615 1816 hostes
1646 1754 1872 1829 iudico,
1903 1772 2089 1830 quum
2119 1750 2303 1813 victo·

220 1855 322 1901 res
348 1841 599 1915 appello
627 1839 1053 1937 imperatores.
1139 1838 1243 1901 25.
1277 1840 1410 1914 Quo
1437 1839 1622 1900 modo
1648 1836 1808 1899 enim
1832 1838 2039 1913 potius
2052 1838 2310 1898 Pansam

218 1925 572 2000 appeltern?
627 1923 748 1986 etsi
780 1925 963 1987 habet
995 1924 1250 1988 honoris
1283 1937 1504 1986 nomen
1537 1921 1919 1999 amplissimi.
2009 1922 2142 1998 Quo
2180 1919 2311 1980 Hir·-

218 2008 371 2069 tium
390 2014 426 2066 2
504 2009 617 2070 Est
643 2008 744 2069 ille
777 2008 1028 2084 quidem
1059 2011 1310 2080 consul,
1355 2008 1469 2069 sed
1491 2008 1743 2071 alterum
1772 2020 1996 2068 nomen
2027 2003 2311 2067 beneficii

219 2101 321 2152 est
356 2088 569 2168 popul-i
599 2093 889 2169 Romani,
934 2096 1188 2156 alteram
1231 2092 1472 2155 virtutis
1516 2101 1702 2168 atque
1732 2089 2046 2152 victoriae.
2106 2082 2314 2163 Quid?

221 2176 583 2247 Caesarem,
623 2175 876 2238 deorum
906 2178 1210 2259 beneficio
1235 2178 1331 2238 rei
1360 2176 1645 2252 publicae
1676 2183 2096 2252 procreatum,
2137 2170 2311 2233 dubi

221 2267 430 2322 temne
453 2260 786 2335 appel—lare
792 2253 1269 2336 imperatorem-'r
1316 2261 1422 2338 qui
1451 2262 1685 2337 primus
1704 2259 1954 2321 Antonii
1986 2257 2310 2318 immanem

222 2351 287 2404 et
311 2343 559 2404 foedam
582 2342 1012 2407 crudelitatem
1029 2363 1153 2408 non
1176 2348 1376 2408 solum
1398 2362 1437 2406 a
1463 2343 1699 2421 iugulis
1709 2343 1962 2418 nostris,
1996 2343 2110 2403 sed
2133 2338 2312 2402 etiam

221 2443 262 2488 a
296 2427 583 2489 membris
611 2437 676 2490 et
712 2420 1059 2491 visceribus
1101 2431 1336 2492 avertit.
1423 2429 1618 2492 Unius
1661 2436 1860 2490 autem
1900 2391 2020 2490 di’ei
2063 2434 2213 2503 quot
2254 2434 2315 2486 et

224 2520 503 2587 quantae
516 2511 805 2588 virtutes,
839 2513 903 2573 di
928 2513 1334 2588 immortaleS,
1369 2516 1641 2576 ruerunt!
1705 2513 1807 2575 26.
1832 2511 2128 2586 Princeps
2152 2510 2312 2571 enim

225 2593 496 2662 omnium
522 2596 723 2657 Pansa
768 2597 989 2673 proelii
1040 2594 1307 2660 faciendi
1363 2608 1425 2660 et
1465 2614 1602 2660 cum
1633 2595 1903 2658 Antonio
1937 2593 2312 2669 confligendi

223 2679 383 2740 ruite-
378 2678 622 2755 dignus
645 2679 980 2757 imperator
1008 2682 1253 2758 legione
1265 2682 1511 2758 Martia,
1500 2681 1721 2761 digna
1735 2679 1898 2756 legio
1923 2678 2311 2775 imperatore.

224 2760 411 2825 Cuius
446 2763 502 2824 si
535 2763 900 2847 acerrimum
933 2763 1245 2845 impetum
1257 2766 1547 2829 cohibere
1574 2767 1774 2826 Pansa
1817 2761 2152 2839 potuisset,
2189 2776 2312 2821 uno

196 2848 464 2925 proelio
496 2849 777 2911 confecta
806 2866 908 2911 res
938 2858 1127 2912 esset.
1218 2838 1347 2912 Sed
1388 2867 1575 2927 quum
1605 2847 1901 2910 libertatis
1932 2845 2115 2907 avida
2150 2843 2310 2920 legio

225 2929 583 2994 effrenatius
634 2934 698 2992 in
745 2933 941 2994 aciem
986 2934 1256 2998 hostium
1309 2935 1635 3012 irrupisset
1682 2933 1946 3009 ipseque
1993 2928 2055 2990 in
2103 2927 2312 3007 primis

223 3016 425 3077 Pansa
454 3026 783 3094 pugnaret,
818 3019 1063 3080 duobus
1096 3019 1464 3096 periculosis
1483 3017 1837 3093 vulneribus
1868 3015 2141 3091 acceptis
2172 3013 2313 3074 sub-

225 3100 387 3161 latus
419 3100 719 3177 eproeli'o
743 3100 842 3162 'rei
873 3102 1158 3179 publicae
1187 3102 1373 3165 vitam
1401 3104 1761 3164 reservavit.
1825 3102 1955 3176 Ego
1981 3116 2129 3160 vero
2152 3098 2315 3159 hunc

228 3200 350 3244 non
375 3185 577 3246 scium
607 3185 1071 3262 imperatorem,
1106 3189 1219 3249 sed
1239 3187 1425 3248 etiam
1451 3185 1857 3248 clarissimum
1886 3184 2312 3261 imperatorem

226 3266 454 3343 iudico,
479 3269 586 3346 qui
617 3286 803 3346 quum
835 3279 941 3332 aut
969 3278 1164 3334 morte
1191 3279 1297 3334 aut
1324 3270 1578 3333 victoria
1610 3287 1681 3333 se
1708 3269 1865 3333 satis
1899 3272 2198 3330 nacturum
2224 3265 2311 3326 rei

231 3350 514 3428 publicae
541 3353 1026 3430 spopondisset,
1056 3356 1317 3417 alterum
1349 3354 1522 3431 fecit,
1569 3355 1820 3417 alterius
1850 3353 1913 3413 di
1941 3350 2314 3413 immortales

229 3450 409 3497 omen
439 3445 758 3500 avertant!
833 3439 905 3499 X.
937 3436 1041 3501 27.
1074 3439 1232 3515 Quid
1254 3439 1452 3509 dicam
1486 3440 1565 3500 de
1592 3438 1833 3500 Hirtio?
1878 3434 1984 3512 qui
2010 3451 2080 3496 re
2108 3430 2312 3494 audita

225 3534 267 3580 e
297 3520 519 3584 castris
542 3522 700 3584 duas
724 3523 1001 3599 legiones
1025 3523 1239 3586 eduxit
1267 3521 1606 3585 incredibili
1637 3520 1840 3584 studio
1867 3529 2053 3597 atque
2077 3516 2314 3585 virtute,
