2514 3928
175 116 322 180 ‘104
464 117 560 175 DE
589 113 1026 178 PROVINCIIS
1063 113 1655 176 CONSULARIBUS
1691 115 1999 176 ORATIO.
2233 125 2276 180 6

192 271 340 342 dor,
395 276 458 329 at
498 266 785 343 supplicii
834 265 1008 329 timor
1053 275 1165 341 est,
1212 266 1457 342 gravior
1500 284 1699 342 poena
1737 267 2017 328 accidere
2061 269 2277 344 potuit,

201 369 383 429 quam
416 368 538 413 non
574 348 741 413 credi
773 350 986 412 litteris
1037 349 1134 425 iis,
1171 368 1330 426 quae
1361 368 1484 411 rem
1521 353 1824 425 publicam
1852 352 2009 412 bene
2038 361 2278 428 gestam

196 438 256 498 in
286 437 447 497 bello
489 435 879 498 nuntiarent?
906 436 1039 496 Hoc
1064 434 1271 495 statuit
1294 445 1564 509 senatuS,
1595 453 1781 510 quum
1807 437 2099 511 frequens
2130 453 2276 511 sup-

198 519 587 596 plicationcm
629 518 886 580 Gabinio
942 518 1299 594 denegavit=
1355 519 1614 595 primum
1658 519 1889 580 homini
1932 520 2273 580 sceleribus

198 603 572 679 flagitiisque
618 602 1205 665 contaminatissimo
1247 602 1392 663 nihil
1428 620 1570 664 esse
1602 605 2004 664 credendum=
2049 603 2277 663 deinde

197 706 234 749 a
267 686 580 763 proditore
607 695 793 763 atque
823 703 930 760 eo,
973 703 1155 763 quem
1191 695 1575 762 praesentem
1617 687 1854 748 hostem
1877 688 1961 746 rei
1993 686 2279 762 publicae

199 779 549 847 cognosset,
583 772 743 832 bene
772 787 901 832 rem
931 770 1234 846 publicam
1266 773 1393 846 geri
1433 789 1555 831 non
1598 771 1911 846 potuisse=
1961 779 2275 845 postremo

200 872 276 916 ne
307 856 461 917 deos
493 855 738 929 quidem
770 854 1143 916 immortales
1177 856 1333 915 velle
1363 854 1583 930 aperiri
1631 872 1743 914 sua
1783 854 2006 930 templa
2050 863 2111 915 et
2157 853 2277 915 sibi

199 938 535 1016 supplicari
564 937 827 1000 hominis
859 937 1255 1013 impurissimi
1288 947 1349 1001 et
1377 937 1831 1000 sceleratissimi
1854 937 2115 998 nomine.
2160 940 2277 998 lta-

200 1040 322 1101 que
345 1023 444 1082 ille
474 1023 627 1084 alter
655 1029 760 1083 aut
798 1023 933 1098 ipse
966 1031 1062 1083 est
1093 1023 1278 1084 homo
1314 1023 1531 1084 doctus
1556 1032 1616 1083 et
1636 1040 1673 1081 a
1703 1023 1833 1084 suis
1858 1022 2107 1083 Graecis
2133 1022 2274 1083 sub-

200 1107 360 1170 tilius
386 1106 679 1178 erudituS‚
719 1106 1082 1182 quibuscum
1106 1105 1226 1167 iam
1253 1105 1315 1166 in
1344 1115 1591 1168 exostra
1602 1107 2109 1178 helluatur‚antea
2134 1113 2281 1182 post

199 1190 493 1267 siparium
524 1191 795 1262 solebat,
842 1198 948 1252 aut
988 1190 1222 1253 amicos
1265 1191 1449 1252 habet
1490 1190 1917 1266 prudentiores
1952 1207 2130 1266 quam
2163 1189 2277 1249 Ga·

202 1275 434 1348 biniuS,
470 1274 644 1336 cuius
675 1276 878 1336 nullae
912 1275 1148 1337 litterae
1183 1276 1586 1350 proferuntur.

329 1359 458 1429 VII.
510 1356 609 1422 15.
668 1360 874 1421 Hosce
916 1359 1098 1435 igitur
1138 1359 1537 1435 imperatores
1578 1357 1982 1420 habebimus?
2021 1372 2279 1432 quorum

200 1447 352 1506 alter
392 1461 513 1505 non
565 1444 753 1505 audet
791 1460 909 1504 nos
941 1443 1234 1505 certiores
1267 1444 1487 1514 facere,
1509 1460 1617 1505 cur
1646 1443 1974 1518 imperator
2007 1441 2279 1516 appelle-

202 1539 325 1591 tur:
372 1530 646 1600 alterum,
683 1526 737 1587 si
781 1527 1075 1588 tabellarii
1116 1544 1235 1587 non
1269 1527 1598 1600 cessarint,
1642 1542 1903 1587 necesse
1935 1533 2031 1587 cst
2061 1523 2282 1600 paucis

206 1613 420 1673 diebus
456 1610 765 1686 poeniteat
803 1610 1050 1671 audere.
1113 1610 1297 1671 Cuius
1326 1610 1521 1682 amici,
1555 1609 1608 1670 si
1646 1610 1749 1686 qui
1775 1618 1921 1683 sunt
1952 1618 2057 1670 aut
2085 1607 2140 1669 si
2172 1609 2277 1667 be-

211 1695 340 1760 luae
373 1703 489 1754 tam
520 1693 765 1754 immani
795 1701 1038 1769 tamque
1073 1701 1299 1754 taetrae
1331 1702 1591 1769 possunt
1617 1693 1724 1756 ulli
1754 1711 1897 1755 esse
1925 1692 2120 1766 amici,
2164 1692 2283 1751 hac

202 1777 624 1839 consolatione
655 1786 927 1850 utuntur,
972 1776 1149 1839 etiam
1178 1779 1243 1837 T.
1279 1779 1537 1840 Albucio
1573 1778 2083 1854 supplicationem
2118 1776 2284 1836 hunc

205 1860 478 1923 ordinem
512 1862 879 1936 denegasse.
939 1861 1116 1935 Quod
1146 1869 1242 1922 est
1273 1864 1527 1938 primum
1559 1862 1881 1924 dissimile:
1912 1879 2012 1924 res
2046 1861 2105 1920 in
2139 1860 2279 1920 Sar·

211 1944 369 2007 iinia
399 1961 536 2006 cum
570 1944 954 2008 mastrucatis
984 1945 1341 2008 latrunculis
1370 1964 1408 2007 a
1442 1955 1837 2023 propraetore
1872 1963 1994 2008 una
2025 1945 2282 2008 cohorte

203 2029 523 2090 auxiliaria
538 2035 716 2106 gesta
739 2035 800 2088 et
821 2029 1051 2089 bellum
1074 2045 1211 2090 cum
1233 2028 1513 2089 maximis
1529 2027 1748 2104 Syriae
1770 2028 2058 2105 gentibus
2083 2047 2158 2093 ac
2189 2037 2280 2105 ty-

203 2112 411 2174 rannis
448 2112 757 2175 consulari
787 2112 1063 2173 exercitu
1092 2111 1476 2188 imperioque
1512 2115 1875 2174 confectum.
1919 2112 2154 2174 Deinde
2176 2112 2280 2171 Al-

204 2197 442 2270 buciuS,
480 2197 648 2272 quod
681 2214 720 2257 a
754 2204 971 2258 senatu
1000 2197 1266 2271 petebat,
1298 2196 1435 2272 ipse
1465 2197 1582 2257 sibi
1614 2197 1671 2258 in
1700 2197 1981 2258 Sardinia
2010 2205 2150 2258 ante
2178 2196 2282 2256 de-

205 2288 502 2342 creverat.
534 2279 864 2342 Constabat
885 2279 1044 2341 enim
1071 2279 1367 2341 Graecum
1398 2279 1702 2342 hominem
1726 2299 1797 2341 ac
1822 2284 2022 2342 levem
2055 2281 2116 2341 in
2146 2282 2286 2355 ipsa

204 2363 520 2440 provincia
563 2364 740 2440 quasi
768 2364 1201 2439 triumphasse.
1266 2366 1478 2441 Itaque
1524 2366 1679 2425 hanc
1714 2365 1847 2426 eius
1892 2364 2288 2427 temeritatem

202 2456 455 2509 senatus
487 2447 934 2525 supplicatione
959 2448 1261 2523 denegata
1290 2448 1538 2510 notavit.
1596 2447 1694 2512 16.
1729 2448 1853 2511 Sed
1879 2451 2111 2510 fruatur
2133 2464 2289 2509 sane

205 2532 340 2594 hoc·
370 2531 603 2594 solacio
647 2540 833 2607 atque
861 2532 1021 2592 hanc
1049 2530 1350 2607 insignem
1382 2531 1803 2609 ignominiam,
1849 2531 2136 2608 quoniam
2180 2530 2287 2592 uni

203 2625 447 2692 praeter
476 2633 546 2678 se
579 2615 781 2678 inusta
808 2624 920 2687 est,
957 2624 1127 2692 putet
1153 2631 1296 2677 esse
1329 2616 1650 2692 leviorem,
1692 2618 1839 2677 dum
1874 2616 2078 2691 modo,
2108 2616 2285 2677 cuius

204 2701 486 2777 exemplo
540 2718 610 2762 se
662 2701 1036 2774 consolatur,
1079 2699 1213 2761 eius
1260 2700 1490 2761 exitum
1532 2709 1881 2777 exspectet,
1927 2699 2288 2777 praesertim

205 2802 393 2860 quum
430 2786 488 2845 in
519 2784 779 2846 Albucio
826 2800 940 2844 ncc
972 2782 1215 2846 Pisonis
1259 2783 1547 2846 libidines
1591 2801 1707 2845 nec
1754 2786 2016 2845 audacia
2046 2781 2289 2844 Gabinii

208 2868 384 2929 l'uerit
413 2886 486 2930 ac
516 2876 715 2930 tamen
745 2869 863 2930 hac
892 2874 1015 2929 un'a
1047 2869 1229 2944 plaga
1251 2868 1612 2943 conciderit,
1657 2867 1990 2944 ignominia
2013 2875 2316 2929 senatus.-

328 2949 429 3015 17.
472 2951 662 3028 Atqui
703 2954 859 3014 duas
895 2951 1122 3014 Gallias
1164 2951 1270 3027 qui
1313 2954 1587 3014 deceruit
1630 2951 1989 3015 consulibus
2020 2951 2293 3024 duobuS,

204 3036 320 3097 hos
352 3035 566 3097 retinet
596 3036 807 3096 ambo:
867 3036 972 3112 qui
1013 3042 1216 3099 autem
1250 3037 1500 3098 alteram
1533 3036 1784 3098 Galliam
1815 3044 1875 3097 et
1902 3044 2010 3097 aut
2043 3033 2291 3114 Syriam

205 3130 309 3183 aut
338 3118 782 3195 Macedoniam,
821 3127 1023 3182 tamen
1064 3121 1321 3182 alterum
1362 3119 1580 3182 retinet
1619 3129 1680 3182 et
1709 3120 1770 3181 in
1804 3119 2126 3197 utriusque
2156 3116 2290 3194 pari

205 3204 438 3265 scelere
484 3204 795 3280 disparem
838 3203 1263 3266 condicionem
1307 3203 1467 3265 facit.
1554 3204 1826 3277 Faciam,
1875 3202 2104 3280 inquit,
2151 3201 2291 3263 illas

197 3288 561 3363 ·praetoriaS‚
598 3297 664 3349 ut
693 3286 899 3348 Pisoni
929 3296 989 3349 et
1016 3287 1273 3349 Gabinio
1311 3289 1679 3350 succedatur
1710 3286 1928 3349 statim.
1975 3285 2041 3348 Si
2070 3284 2171 3346 hic
2203 3283 2288 3345 si-

204 3381 326 3434 nat.
387 3371 710 3433 Tumenim
739 3372 1014 3433 tribunus
1033 3371 1412 3434 intercedere
1433 3369 1689 3449 poterit=
1722 3388 1885 3434 nunc
1902 3387 2022 3432 non
2056 3377 2289 3447 potest.
