2514 3928
888 249 1051 309 CAP.
1085 257 1318 312 8—10.
1361 255 1412 316 S.
1448 258 1710 311 18—24.
2303 251 2355 311 9

247 397 557 468 incultum
600 397 922 474 videbant,
969 408 1030 460 et
1072 401 1240 475 quod
1282 409 1411 462 erat
1455 417 1529 461 eo
1566 399 1840 473 nomine,
1887 409 1954 462 ut
1992 402 2350 476 ingenerata

252 483 529 543 familiae
561 483 876 558 frugalitas
908 483 1247 557 videretur,
1294 485 1607 558 favebant,
1642 485 2020 559 gaudebant,
2058 485 2225 545 etad
2253 484 2345 544 in-

251 566 604 640 tegritatem
635 566 928 628 maiorum
962 583 1076 642 spe
1105 585 1220 628 sua
1251 568 1557 628 hominem
1608 568 1912 629 vocabant
1958 567 2212 628 materni
2241 585 2345 644 ge-

255 650 436 709 neris
492 649 680 712 obliti.
755 650 857 713 22.
917 650 1049 726 Ego
1103 659 1302 711 autem
1348 685 1437 697 —
1485 668 1630 711 vere
1681 651 1910 724 dicam,
1963 651 2230 725 iudiceS,
2257 685 2349 699 —-

251 740 496 793 tantum
521 749 662 794 esse
684 735 744 794 in
768 735 1012 796 homine
1035 735 1320 808 sceleris,
1352 735 1650 796 audaciae
1667 780 1682 806 ,
1714 734 2086 795 crudelitatis
2104 780 2117 806 ,
2153 752 2342 810 quan-

257 826 390 876 tum
425 817 559 890 ipse
599 833 737 878 cum
775 835 843 878 re
885 818 1129 893 publica
1162 820 1358 892 sensi,
1408 834 1740 893 numquam
1776 819 2010 892 putavi:
2077 835 2350 893 nequam»

253 915 411 960 esse
442 899 744 973 hominem
789 909 850 962 et
890 902 1084 961 levem
1119 910 1181 962 et
1219 904 1375 962 falsa
1417 902 1706 978 opinione
1786 917 1994 965 errore
2033 901 2348 963 hominum

253 983 343 1044 ab
374 984 792 1044 adolescentia
822 986 1310 1048 commendatum
1341 986 1629 1047 sciebam.
1689 983 1922 1045 Etenim
1948 985 2186 1045 animus
2212 986 2350 1046 eius

253 1069 464 1140 vultu,
499 1065 730 1142 flagitia
761 1067 1090 1143 parietibus
1120 1069 1509 1144 tegebantur:
1545 1070 1658 1133 sed
1681 1069 1836 1129 haec
1864 1069 2197 1130 obstructio
2229 1085 2348 1129 nec

255 1151 550 1211 diuturna
592 1160 689 1212 est
733 1168 934 1227 neque
978 1153 1242 1212 obducta
1285 1153 1397 1226 ita,
1441 1161 1509 1214 ut
1538 1153 1799 1216 curiosis
1845 1152 2041 1213 oculis
2074 1153 2346 1228 perspici

257 1251 391 1295 non
426 1234 648 1308 possit.

434 1318 511 1376 X.
540 1315 924 1376 Videbamus
948 1333 1143 1390 genus
1169 1317 1327 1378 vitae
1343 1363 1357 1387 ‚
1384 1317 1714 1392 desidiam,
1735 1316 2041 1379 inertiam=
2070 1320 2352 1380 inclusas

194 1472 197 1473 ⁷
263 1398 410 1458 eius
440 1397 758 1471 libidines,
807 1399 911 1472 qui
942 1401 1147 1472 paullo
1180 1400 1437 1473 propius
1468 1409 1887 1474 accesserant,
1927 1402 2345 1462 intuebantur=

267 1480 544 1555 denique
567 1478 748 1538 etiam
762 1496 966 1541 sermo
980 1483 1157 1543 nobis
1173 1499 1361 1543 ansas
1377 1483 1579 1556 dabat,
1596 1481 1818 1558 quibus
1827 1483 2183 1544 reconditos
2209 1484 2350 1543 eius

264 1579 497 1625 sensus
533 1569 741 1623 tenere
774 1579 1124 1638 possemus.
1202 1562 1304 1625 23.
1346 1564 1666 1625 Laudabat
1692 1564 1875 1623 homo
1908 1565 2124 1625 doctus
2151 1565 2347 1639 philo-

263 1648 508 1723 sophos
544 1646 755 1708 nescio
789 1664 977 1724 qu03,
1015 1663 1217 1723 neque
1246 1664 1457 1709 eorum
1491 1657 1688 1710 tamen
1723 1648 1968 1708 nomina
1997 1655 2234 1723 poterat
2263 1650 2350 1708 di·

262 1748 442 1792 cere:
480 1731 595 1791 sed
631 1742 827 1792 tamen
858 1747 968 1792 eos
1000 1732 1289 1793 laudabat
1321 1730 1617 1804 maxime,
1652 1731 1757 1809 qui
1790 1730 2073 1793 dicuntur
2104 1739 2358 1806 praeter

261 1821 516 1876 ceteros
579 1831 723 1876 esse
752 1825 1035 1875 auctores
1067 1823 1125 1876 et
1152 1816 1505 1876 laudatores
1537 1815 1897 1892 voluptatis:
1934 1815 2111 1876 cuius
2139 1824 2199 1877 et
2222 1831 2354 1891 quo

265 1906 543 1974 tempore
566 1907 627 1959 et
650 1917 773 1976 quo
798 1899 982 1960 modo
1011 1916 1134 1962 non
1161 1900 1521 1976 quaerebat:
1556 1901 1810 1961 verbum
1833 1899 2037 1977 ipsum
2062 1899 2349 1960 omnibus

263 1983 540 2055 partibus
575 1984 756 2043 animi
791 1992 852 2044 et
884 1986 1163 2060 corporis
1197 1985 1564 2046 devorabat:
1612 1986 1991 2061 eosdemque
2031 1985 2349 2060 praeclare

268 2068 476 2127 dicere
508 2065 738 2141 aiebat,
776 2066 1087 2142 sapientes
1121 2068 1323 2135 omnia
1359 2084 1472 2128 sua
1502 2086 1691 2129 causa
1713 2072 1952 2139 ‚facerez
1986 2084 2114 2127 rem
2145 2069 2342 2144 publi-

268 2167 404 2209 cam
450 2166 780 2223 capessere
826 2150 1132 2212 hominem
1181 2151 1341 2211 bene
1392 2169 1606 2212 sanum
1655 2170 1775 2212 non
1829 2160 2143 2228 oportere=
2198 2150 2350 2209 nihil

266 2250 413 2295 esse
438 2232 868 2308 praestabilius
905 2237 1105 2297 otiosa
1128 2237 1250 2296 vita
1267 2281 1282 2308 ,
1311 2236 1495 2309 plena
1518 2244 1578 2296 et
1602 2238 1874 2297 conferta
1898 2234 2348 2310 voluptatibuse

268 2333 380 2378 eos
413 2325 645 2391 autem,
695 2319 799 2392 qui
840 2317 1113 2378 dicerent
1154 2318 1428 2394 dignitati
1470 2335 1611 2381 esse
1644 2319 2066 2392 serviendum,
2108 2316 2197 2378 rei
2234 2334 2343 2393 pu-

268 2400 467 2461 blicae
500 2401 975 2474 consulendum,
1008 2400 1196 2462 officii
1225 2402 1521 2463 rationem
1553 2402 1614 2462 in
1647 2403 1811 2463 omni
1840 2403 1993 2471 vita,
2031 2418 2153 2461 non
2179 2417 2348 2462 com·

269 2483 435 2544 modi
459 2500 604 2544 esse
631 2486 1006 2559 ducendam,
1050 2485 1338 2546 adeunda
1372 2502 1484 2561 pro
1521 2488 1716 2562 patria
1745 2485 2048 2562 pericula,
2093 2486 2347 2545 vulnera

271 2566 667 2641 excipienda,
714 2577 968 2630 mortem
1002 2570 1443 2644 oppetendam,
1491 2569 1804 2630 vaticinari
1848 2579 2033 2645 atque
2074 2567 2352 2628 insanire

272 2650 529 2711 dicebat.
601 2647 700 2711 24.
743 2652 834 2711 Ex
866 2651 963 2711 his
992 2651 1272 2713 adsiduis
1307 2651 1440 2713 eius
1476 2653 1924 2729 cotidianisque
1958 2651 2351 2713 sermonibus

273 2742 332 2795 et
370 2735 538 2809 quod
589 2734 871 2796 videbam
918 2736 1281 2811 quibuscum
1330 2736 1676 2798 hominibus
1726 2735 1786 2797 in
1835 2733 2121 2804 interiore
2169 2742 2354 2809 parte

272 2818 511 2877 aedium
558 2816 791 2879 viveret
829 2827 891 2880 et
937 2820 1104 2895 quod
1150 2819 1233 2880 ita
1277 2820 1497 2880 domus
1538 2819 1677 2895 ipsa
1711 2820 2011 2893 fumabat,
2061 2824 2129 2883 ut
2158 2818 2354 2877 multa.

273 2902 401 2962 eius
431 2900 732 2963 sermonis
763 2900 988 2964 indicia
1015 2904 1381 2976 redolerent,
1408 2905 1746 2964 statuebam
1776 2904 1885 2973 sic,
1913 2901 2058 2962 boni
2091 2900 2234 2962 nihi}
2257 2900 2353 2961 ab·

272 2983 387 3046 illis
428 2984 609 3060 nugis
646 2988 1160 3062 exspectandum,
1211 2986 1352 3047 mali
1382 2987 1626 3063 quidem
1671 2994 1836 3047 certe
1873 2984 2019 3045 nihil
2062 2986 2349 3062 pertime—

276 3070 589 3129 scendum.
660 3068 785 3129 Sed
813 3070 895 3130 ita
923 3079 1050 3144 est,
1091 3069 1355 3132 iudices:
1405 3078 1498 3141 ut,
1544 3070 1596 3130 si
1624 3069 1890 3144 gladium
1925 3086 2113 3143 parvo
2147 3084 2348 3144 puero

275 3159 374 3213 aut
399 3153 453 3212 si
483 3151 784 3214 imbecillo
816 3152 952 3214 seni
989 3162 1093 3220 aut
1122 3153 1308 3214 debili
1340 3153 1617 3226 dederiS,
1662 3152 1802 3229 ipse
1830 3153 2059 3227 impetu
2088 3169 2201 3228 suo
2239 3165 2352 3208 ne·

274 3234 413 3304 mini
446 3244 697 3297 noceat:
719 3232 725 3236 ’
750 3236 843 3297 sin
875 3238 956 3297 ad
989 3238 1217 3318 nudum
1255 3238 1352 3296 vel
1388 3234 1701 3298 fortissimi
1734 3234 1846 3295 viri
1876 3251 2103 3310 corpus
2132 3248 2344 3294 acces-

278 3317 448 3394 serit,
496 3320 700 3395 possit
727 3320 860 3381 acie
904 3319 1046 3395 ipsa
1079 3319 1149 3380 et'
1179 3316 1324 3379 ferri
1365 3318 1595 3379 viribus
1642 3319 1995 3390 vulnerare,
2033 3319 2123 3376 sic
2158 3330 2345 3388 quum

276 3401 616 3464 hominibus
647 3403 955 3464 enervatis
985 3411 1170 3477 atque
1201 3399 1619 3476 exsanguibus
1650 3400 2005 3460 consulatus
2035 3407 2345 3467 tamquam

276 3485 510 3565 gladius
552 3495 722 3548 esset
767 3488 978 3559 datuS,
1030 3486 1134 3562 qui
1175 3499 1287 3563 per
1324 3502 1394 3546 se
1422 3500 1696 3561 pungere
1725 3477 2028 3540 neminem
2058 3486 2355 3544 umquam
