2514 3928
152 245 254 297 ωε»
465 286 469 290 «
749 234 915 295 CAP.
950 243 1210 296 10—11.
1254 241 1307 299 s.
1349 243 1615 298 22—26.
2095 235 2222 298 423

147 383 407 447 Romani
446 393 746 461 potestate
777 383 916 457 sint,
950 383 1012 443 id
1048 386 1115 457 Ω.
1145 383 1512 458 Caepionem
1540 384 1791 445 Brutum
1819 402 1932 461 pro
1964 388 2220 450 consule

146 470 312 529 bene
340 477 401 529 et
426 485 461 528 e
501 484 570 528 re
604 466 848 543 publica
878 483 990 542 pro
1023 483 1138 527 sua
1178 466 1601 541 maiorumque
1643 484 1893 529 suorum
1929 467 2220 544 dignitate

149 551 725 625 consuetudineque
762 550 849 610 rei
901 548 1180 625 publicae
1221 550 1382 609 bene
1425 550 1734 624 gerendae
1777 552 2031 612 recisse=
2085 567 2218 613 eam

149 651 284 694 rem
326 633 563 694 senatui
605 634 963 708 populoque
1008 634 1283 693 Romano
1325 640 1556 707 gratam
1597 649 1741 693 esse
1788 642 1848 695 et
1894 636 2055 696 forez
2116 635 2216 699 26.

151 717 369 792 utique
426 717 493 790 Ω.
551 716 775 791 Caepio
825 717 1058 781 Brutus
1111 732 1225 790 pro
1288 717 1544 776 consule
1592 714 1968 791 provinciam
2019 719 2219 781 Mace·

149 799 432 874 doniam,
480 800 787 877 Illyricum
826 806 1229 873 cunctamque
1259 798 1874 872 Graeciam‘tueatur‚
1916 802 2221 877 defendat,

149 884 458 944 custodiat
478 882 969 959 incolumemque
992 889 1334 953 conservet,
1354 881 1535 957 eique
1552 883 1864 956 exercitui3
1886 899 2067 959 quem
2089 885 2224 960 ipse

147 965 492 1039 constituit,
535 968 940 1042 comparavit,
984 963 1217 1040 praesit
1260 965 1709 1043 pecuniamque
1751 966 1830 1025 ad
1857 983 1984 1028 rem
2010 966 2222 1029 milita·

145 1067 310 1124 rem,
347 1049 402 1112 si
436 1065 557 1127 qua
587 1066 743 1125 opus
776 1045 1072 1126 sit,'quae
1100 1047 1351 1124 publica
1379 1046 1457 1109 sit
1486 1056 1547 1127 et
1575 1048 1737 1123 exigi
1766 1050 1996 1124 possit,
2026 1059 2225 1112 utatur

145 1132 373 1209 exigat,
404 1132 825 1208 pecuniasque
857 1149 896 1193 a
923 1132 1147 1206 quibus
1184 1131 1460 1192 videatur
1487 1132 1567 1192 ad
1592 1149 1724 1193 rem
1751 1133 2065 1195 militarem
2095 1152 2223 1197 mu·

143 1224 289 1277 tuas
331 1224 555 1285 sumat,
602 1218 1089 1291 frumentumque
1124 1213 1383 1290 imperet
1423 1231 1801 1291 operamque
1843 1218 1946 1278 det
1982 1227 2049 1279 ut
2085 1234 2222 1279 cum

150 1300 283 1360 suis
330 1299 526 1373 copiis
571 1316 750 1374 quam
798 1297 1075 1375 proxime
1117 1297 1349 1358 Italiam
1389 1298 1500 1360 sit=
1545 1316 1858 1375 quumque
1897 1317 1974 1361 ex
2006 1300 2221 1363 litteris

147 1383 232 1457 Q..
253 1381 578 1457 Caepionis
610 1379 780 1443 Bruti
803 1398 923 1458 pro
964 1382 1220 1442 consule
1253 1380 1625 1443 intellectum
1666 1382 1775 1457 sit,
1798 1384 1884 1457 Ω.
1912 1385 2218 1446 Hortensii

151 1481 267 1541 pro
312 1466 569 1526 consule
615 1477 803 1541 opera
843 1474 904 1526 et
939 1461 1161 1526 virtute
1202 1464 1595 1527 vehementer
1620 1483 1748 1527 rem
1779 1467 2082 1542 publicam
2112 1468 2191 1528 ad

148 1546 337 1609 iutam
388 1547 715 1624 omniaque
760 1548 893 1611 eius
945 1547 1204 1610 consilia
1260 1564 1396 1608 cum
1454 1548 1728 1610 consiliis
1779 1551 1845 1624 Q.
1890 1550 2218 1627 Caepionis

148 1630 320 1692 Bruti
354 1649 472 1707 pro
505 1634 764 1694 consule
787 1631 1109 1704 coniuncta
1137 1630 1350 1704 fuisse,
1382 1648 1644 1709 eamque
1671 1649 1800 1693 rem
1829 1649 2048 1709 magno
2080 1634 2220 1696 usui

147 1716 236 1775 rei
268 1715 553 1790 publicae
582 1716 802 1786 fuisse,
847 1716 914 1790 Ω.
942 1714 1333 1776 Hortensium
1378 1732 1490 1790 pro
1534 1717 1790 1777 consule
1827 1727 1994 1778 recte
2029 1726 2089 1778 et
2121 1733 2216 1776 or·

143 1798 292 1858 dine
321 1815 525 1878 exque
554 1816 621 1858 re
655 1799 897 1874 publica
929 1798 1171 1871 secisse,
1200 1800 1566 1875 senatuique
1594 1801 1843 1875 placere
1870 1800 1937 1874 Ω.
1961 1799 2217 1861 Horten·

148 1875 305 1940 sium
335 1895 450 1954 pro
481 1884 742 1941 consule
772 1897 914 1941 cum
943 1889 1277 1957 quaestore
1306 1899 1508 1958 ‚prove
1537 1891 1872 1958 quaestore
1903 1893 1962 1944 et
1990 1883 2209 1960 legatis

145 1959 284 2022 suis
311 1962 691 2036 provinciam
719 1964 1147 2029 Macedoniam
1177 1967 1486 2038 obtinere,
1524 1969 1728 2041 quoad
1762 1968 1817 2027 ei
1849 1984 1924 2027 ex
1954 1976 2220 2028 senatus

146 2048 438 2108 consulto
484 2063 847 2108 successum
892 2049 987 2108 sit.

1000 2268 1401 2279 m

728 2425 840 2537 Μ.
873 2436 1145 2538 ruam
1197 2390 1625 2537 ciel-:Remis

256 2607 347 2700 ιΝ
408 2605 512 2701 Μ.
568 2603 1070 2703 ANToNllJM
1129 2603 1497 2703 omno
1555 2599 2103 2697 rnlmrrch

915 2746 1443 2847 ultanum.

841 3069 1511 3130 ARGUMENTUM.

243 3182 474 3231 Diximus
497 3182 755 3246 superiore
786 3187 1085 3247 argumento
1111 3179 1165 3236 Ο.
1197 3178 1449 3243 Cassium,
1473 3176 1563 3227 cui
1589 3177 1692 3228 hoe
1714 3183 1822 3227 erat
1849 3173 2232 3224 demandatum.

131 3258 188 3301 tit
215 3250 416 3302 Cretam
450 3256 498 3299 et
536 3248 754 3315 Cyrenas
785 3250 852 3300 ad
882 3249 1189 3299 frumentum
1226 3248 1562 3299 coemendum
1598 3245 2022 3312 proficisceretur,
2063 3242 2240 3305 potius

132 3322 184 3369 'm
234 3318 552 3384 provinciam
589 3318 814 3384 Syriam,
860 3332 990 3380 quae
1034 3319 1082 3368 ei
1123 3316 1390 3382 provincia
1419 3316 1547 3365 aens
1594 3314 1654 3367 Ο.
1688 3311 1922 3363 Caesaris
1953 3318 2064 3389 erat
2102 3309 2241 3362 data,

132 3402 191 3439 se
224 3385 503 3437 contulisse
536 3401 749 3451 eamque
784 3386 1097 3451 provincia-m
1134 3399 1431 3448 occupasse,
1473 3383 1543 3432 vic·
1555 3386 1603 3433 le
1634 3381 1713 3433 M.
1746 3380 1999 3430 Gicoeonoe
2023 3376 2096 3426 ad
2110 3376 2236 3439 farn.

135 3455 228 3508 lib.
268 3454 380 3508 ΧΠ.
417 3469 500 3521 ep.
545 3455 625 3507 11.
699 3456 893 3505 Interea
921 3467 984 3507 ne
1011 3455 1076 3518 P„
1104 3453 1312 3517 quidem
1346 3449 1658 3515 Dolabcslla,
1693 3449 1774 3498 eui
1810 3453 1994 3510 postea
2027 3458 2087 3492 ea
2118 3457 2236 3509 pro-
