2514 3928
243 295 376 356 232
709 293 858 354 PRO
888 294 953 352 Τ.
984 293 1220 352 ANNIO
1251 293 1547 353 MILONE
1575 293 1880 354 ORATlo.
2299 307 2336 359 8

376 448 422 509 1.
450 446 506 506 1.
544 445 677 507 Etsi
701 461 939 517 vereor,
971 444 1228 520 iudices,
1270 462 1349 504 ne
1378 456 1550 520 turpe
1581 446 1661 506 sit
1688 462 1800 521 pro
1831 443 2162 506 fortissimo
2204 446 2334 508 viro

246 530 457 590 dicere
479 529 871 604 incipientem
898 529 1111 590 timere
1133 529 1507 605 minimeque
1536 530 1768 601 deceat,
1796 547 1982 603 quum
2003 529 2070 592 T.
2094 529 2337 590 Annius

246 613 388 688 ipse
438 612 635 688 magis
678 613 757 672 de
783 611 874 672 rei
905 613 1189 688 publicae
1216 613 1416 673 salute
1454 629 1637 686 quam
1672 614 1752 671 de
1780 630 1894 674 sua
1930 614 2336 688 perturbetur,

248 713 348 756 me
394 696 473 756 ad
505 694 638 756 eius
672 712 922 756 causam
955 714 1166 772 parem
1196 696 1383 755 animi
1416 694 1888 770 magnitudinem
1934 697 2175 755 adferre
2210 714 2338 757 non

250 797 463 856 posse,
497 788 700 840 tamen
729 780 887 840 haec
915 780 1063 841 novi
1092 779 1303 840 iudicii
1326 795 1407 840 no
1419 796 1491 837 va
1520 781 1714 838 forma
1740 787 1925 839 terret
1960 780 2196 854 oculos,
2227 779 2337 854 qui

248 880 644 940 quocumque
672 861 1034 937 inciderunt,
1069 862 1579 924 'consuetudinem
1604 862 1720 922 fori
1749 870 1810 922 et
1838 861 2164 938 pristinum
2203 881 2334 924 mo-

246 965 378 1008 rem
414 947 778 1008 iudiciorum
806 947 1145 1023 requirunt.
1232 948 1371 1007 Non
1408 947 1569 1005 enim
1598 962 1828 1007 corona
1859 961 2197 1006 consessus
2231 963 2338 1007 ve-

248 1041 374 1093 ster
403 1030 639 1090 cinctus
670 1039 782 1103 est,
814 1039 881 1091 ut
908 1032 1177 1091 solebat=
1212 1047 1340 1091 non
1375 1028 1594 1090 usitata
1623 1029 1964 1104 frequentia
1995 1029 2202 1104 stipati
2231 1049 2339 1091 su·

247 1132 415 1175 mus:
462 1112 521 1170 2.
559 1130 679 1174 non
713 1113 816 1172 illa
847 1113 1171 1189 praesidia,
1206 1130 1369 1189 quae
1405 1131 1514 1188 pro
1547 1112 1789 1187 templis
1825 1112 2110 1174 omnibus
2141 1115 2336 1174 cerni-

250 1199 360 1270 tis,
400 1195 517 1256 etsi
546 1204 757 1257 contra
794 1197 914 1257 vim
946 1200 1247 1259 collocata
1279 1205 1454 1269 sunt,
1497 1212 1621 1255 non
1653 1197 1939 1258 adferunt
1963 1206 2166 1258 tamen
2197 1214 2339 1258 ora-

249 1280 370 1342 tori
394 1278 643 1354 aliquid,
677 1290 745 1342 ut
765 1280 825 1341 in
853 1284 989 1342 l'oro
1021 1281 1166 1342 etin
1192 1279 1441 1354 iudicio,
1476 1297 1846 1354 quamquam
1872 1279 2198 1355 praesidiis
2234 1298 2336 1351 sa-

250 1364 544 1426 lutaribus
562 1372 623 1425 et
635 1365 1009 1426 necessariis
1027 1364 1227 1440 saepti
1244 1382 1481 1438 sumus,
1497 1375 1697 1424 tamen
1713 1381 1792 1425 ne
1805 1381 1928 1424 non
1961 1364 2173 1425 timere
2198 1365 2335 1439 qui-

251 1451 390 1509 dem
418 1442 789 1524 sine‘aliquo
819 1448 1036 1510 timore
1076 1448 1414 1524 possimus.
1507 1446 1673 1519 Quae
1716 1446 1770 1508 si
1802 1448 2092 1524 opposita
2123 1446 2331 1513 Miloni

249 1543 560 1608 putarem,
591 1534 874 1593 cederem
902 1531 1190 1608 tempori,
1220 1531 1478 1601 iudices,
1514 1547 1627 1590 nec
1649 1529 1805 1592 inter
1832 1538 2059 1592 tantam
2091 1531 2212 1590 vim
2238 1548 2343 1590 ar-

248 1634 485 1677 morum
515 1615 924 1676 existimarem
959 1631 1102 1676 esse
1138 1613 1399 1676 orationi
1431 1617 1651 1674 locum.
1724 1614 1850 1674 Sed
1884 1611 1983 1674 me
2010 1625 2247 1675 recreat
2276 1624 2346 1675 et

249 1700 445 1761 reficit
466 1699 570 1759 Cn.
595 1697 898 1775 Pompeii,
928 1696 1368 1773 sapientissimi
1399 1708 1458 1757 et
1479 1697 1796 1758 iustissimi
1824 1697 1956 1774 viri,
1991 1698 2339 1774 consilium,

251 1782 355 1859 qui
387 1783 662 1856 profecto
693 1799 809 1842 nec
838 1781 1105 1842 iustitiae
1136 1798 1288 1842 suae
1321 1788 1565 1855 putaret
1591 1798 1752 1856 esse,
1786 1799 1968 1857 quem
1991 1799 2162 1845 reum
2194 1799 2337 1842 sen-

247 1865 453 1927 tentiis
477 1865 746 1925 iudicum
765 1865 1138 1938 tradidisset,
1175 1864 1460 1925 eumdem
1493 1865 1625 1925 telis
1653 1865 1906 1926 militum
1938 1866 2187 1939 dedere,
2217 1882 2341 1926 nec

251 1946 589 2023 sapientiae
615 1948 1012 2010 temeritatem
1033 1948 1376 2010 concitatae
1401 1947 1797 2011 multitudinis
1830 1949 2188 2011 auctoritate
2220 1968 2336 2025 pu-

246 2036 408 2095 blica
434 2049 691 2093 armare.
779 2032 839 2094 3.
874 2033 1065 2106 Quam
1096 2035 1175 2095 ob
1208 2050 1339 2093 rem
1371 2034 1473 2092 illa
1516 2049 1715 2107 arma,
1762 2033 2180 2104 centuriones,
2229 2050 2338 2094 co-

246 2119 457 2178 hortes
490 2129 611 2176 non
651 2116 985 2192 periculum
1020 2116 1219 2190 nobiS,
1250 2117 1367 2178 sed
1403 2116 1776 2191 praesidium
1807 2118 2194 2190 denuntiant,
2226 2134 2336 2177 ne-

250 2218 370 2277 que
404 2203 604 2261 solum
637 2211 704 2262 ut
738 2200 975 2275 quieto,
1021 2202 1134 2261 sed
1176 2201 1358 2261 etiam
1395 2215 1461 2260 ut
1490 2218 1710 2275 magno
1739 2201 1940 2262 animo
1972 2200 2164 2263 simus
2192 2202 2341 2260 hor-

252 2292 481 2357 tantur,
516 2300 720 2358 neque
751 2283 1042 2344 auxilium
1072 2284 1257 2344 modo
1290 2282 1636 2342 defensioni
1668 2301 1871 2359 meae,
1912 2301 2124 2346 verum
2152 2284 2340 2345 etiarn

159 2391 168 2400 ·
253 2365 559 2428 silentium
589 2366 968 2441 pollicentur.
1035 2364 1298 2440 Reliqua
1334 2383 1483 2426 vero
1522 2366 1858 2441 multitudo,
1891 2385 2051 2443 quae
2085 2366 2339 2443 quidem

249 2460 345 2512 est
375 2448 616 2522 civium,
647 2459 773 2511 tota
798 2459 1007 2511 nostra
1035 2459 1148 2523 est,
1182 2466 1390 2524 neque
1412 2466 1623 2511 eorum
1657 2451 2002 2527 quisquam,
2041 2468 2199 2527 quos
2222 2470 2338 2510 un-

248 2533 439 2609 dique
467 2532 792 2608 intuenteS,
828 2536 991 2595 unde
1021 2534 1228 2608 aliqua
1263 2533 1381 2594 fori
1412 2550 1556 2607 pars
1579 2534 1776 2609 aspici
1808 2545 2030 2610 potest,
2061 2544 2123 2597 et
2148 2532 2341 2595 huius

249 2619 475 2678 exitum
508 2617 717 2679 iudicii
752 2626 1181 2693 exspectantes
1202 2614 1450 2690 videtiS,
1483 2634 1607 2678 non
1639 2636 1825 2693 quum
1861 2617 2061 2679 virtuti
2086 2617 2342 2679 Milonis

250 2704 413 2765 favet
455 2711 579 2764 tum
612 2703 690 2763 de
718 2718 817 2775 se,
862 2703 941 2761 de
978 2700 1187 2762 liberis
1219 2698 1388 2773 suiS,
1436 2701 1514 2760 de
1549 2700 1773 2776 patria,
1818 2704 1895 2763 de
1937 2702 2195 2765 fortunis
2224 2703 2339 2763 ho·

248 2786 462 2847 dierno
495 2786 594 2847 die
626 2786 923 2847 decertari
953 2793 1142 2861 putat.
1198 2785 1272 2843 Π.
1307 2782 1507 2844 Unum
1537 2802 1731 2859 genus
1765 2798 1860 2847 est
1890 2788 2220 2847 adversum
2244 2785 2339 2845 in-

247 2871 596 2944 festumque
625 2868 803 2929 nobis
827 2887 1058 2941 eorum,
1086 2884 1246 2943 quos
1266 2865 1331 2925 P.
1367 2866 1560 2927 Clodii
1592 2869 1760 2930 furor
1780 2869 2014 2945 rapinis
2039 2878 2102 2931 et
2127 2868 2341 2929 incen-

249 2951 366 3012 diis
397 2960 458 3012 et
493 2952 773 3013 omnibus
798 2951 1001 3013 exitiis
1018 2948 1281 3025 publicis
1316 2948 1512 3024 pavita
1537 2953 1641 3025 qui
1669 2953 1954 3014 hesterna
1983 2953 2162 3014 etiam
2188 2968 2342 3012 con-

250 3036 413 3096 tione
442 3034 668 3095 incitati
714 3044 885 3110 sunt,
929 3043 996 3095 ut
1028 3031 1205 3093 vobis
1238 3048 1401 3093 voce
1443 3033 1750 3109 praeirent
1785 3038 1932 3112 quid
1961 3036 2323 3097 iudicaretis

250 3118 517 3191 Quorum
549 3118 778 3176 clamor
812 3119 864 3177 si
899 3116 1004 3192 qui
1039 3117 1194 3176 sorte
1227 3115 1440 3192 suerit,
1468 3118 1798 3192 admonere
1830 3137 1942 3181 vos
1974 3117 2237 3193 debebit,
2269 3129 2346 3181 ut

249 3218 391 3261 eum
423 3200 620 3262 civem
649 3199 992 3274 retineatIS,
1038 3200 1141 3277 qui
1185 3217 1440 3275 semper
1462 3218 1658 3275 genus
1688 3204 1836 3264 illud
1866 3201 2178 3264 hominum
2212 3206 2341 3263 cla-

248 3301 578 3360 moresque
608 3282 905 3345 maximos
937 3300 1085 3359 prae
1114 3291 1321 3345 vestra
1351 3286 1547 3345 salute
1581 3286 1866 3361 neglexit.
1935 3287 1997 3349 4.
2031 3288 2223 3361 Quam
2252 3287 2346 3347 ob

243 3385 375 3429 rem
403 3370 619 3430 adeste
649 3368 895 3443 animis,
937 3366 1206 3439 iudices,
1259 3375 1317 3428 et
1349 3367 1624 3428 timorem
1657 3371 1707 3428 si
1744 3386 1923 3445 quem
1959 3370 2196 3432 habetis
2227 3372 2341 3430 de-

244 3451 476 3528 ponite.
561 3453 712 3512 Nam
755 3449 810 3513 si
844 3468 1129 3529 umquam
1161 3452 1239 3511 de
1268 3449 1451 3511 bonis
1490 3460 1553 3513 et
1580 3453 1836 3513 fortibus
1883 3452 2062 3526 viris,
2103 3453 2157 3514 si
2203 3471 2337 3514 um-

247 3552 429 3611 quam
461 3537 540 3597 de
574 3538 733 3598 bene
760 3536 989 3599 meritis
1032 3535 1270 3598 civibus
1319 3543 1591 3610 potestas
1632 3535 1807 3597 vobis
1850 3535 2158 3598 iudicandi
2201 3534 2332 3599 ruit.
