<?xml version="1.0" encoding="UTF-8"?>
<!DOCTYPE html PUBLIC "-//W3C//DTD XHTML 1.0 Transitional//EN"
    "http://www.w3.org/TR/xhtml1/DTD/xhtml1-transitional.dtd">
<html xmlns="http://www.w3.org/1999/xhtml" xml:lang="en" lang="en">
 <head>
  <title>
</title>
<meta http-equiv="Content-Type" content="text/html;charset=utf-8" />
  <meta name='ocr-system' content='tesseract 3.04.00' />
  <meta name='ocr-capabilities' content='ocr_page ocr_carea ocr_par ocr_line ocrx_word'/>
</head>
<body>
  <div class='ocr_page' id='page_1' title='image "./scriptaquaemans02cicegoog_0256.png"; bbox 0 0 2514 3928; ppageno 0'>
   <div class='ocr_carea' id='block_1_1' title="bbox 253 247 2345 315">
    <p class='ocr_par' dir='ltr' id='par_1_1' title="bbox 253 247 2345 315">
     <span class='ocr_line' id='line_1_1' title="bbox 253 247 2345 315; baseline -0.001 0"><span class='ocrx_word' id='word_1_1' title='bbox 253 249 378 315; x_wconf 84' lang='lat'><strong>198</strong></span> <span class='ocrx_word' id='word_1_2' title='bbox 802 248 955 312; x_wconf 88' lang='lat' dir='ltr'><strong>PRO</strong></span> <span class='ocrx_word' id='word_1_3' title='bbox 999 249 1113 310; x_wconf 87' lang='lat' dir='ltr'><strong>CN.</strong></span> <span class='ocrx_word' id='word_1_4' title='bbox 1141 247 1470 311; x_wconf 84' lang='lat' dir='ltr'>PLANCIO</span> <span class='ocrx_word' id='word_1_5' title='bbox 1501 247 1807 310; x_wconf 82' lang='lat' dir='ltr'><strong>ORATIO.</strong></span> <span class='ocrx_word' id='word_1_6' title='bbox 2236 260 2345 314; x_wconf 82' lang='lat'><strong>10⁰</strong></span> 
     </span>
    </p>
   </div>
   <div class='ocr_carea' id='block_1_2' title="bbox 230 399 2345 3569">
    <p class='ocr_par' dir='ltr' id='par_1_2' title="bbox 230 399 2345 1062">
     <span class='ocr_line' id='line_1_2' title="bbox 252 399 2341 476; baseline -0.001 -10"><span class='ocrx_word' id='word_1_7' title='bbox 252 402 398 467; x_wconf 80' lang='lat' dir='ltr'><strong>tutis</strong></span> <span class='ocrx_word' id='word_1_8' title='bbox 428 417 649 464; x_wconf 87' lang='lat' dir='ltr'><strong>cursus</strong></span> <span class='ocrx_word' id='word_1_9' title='bbox 680 400 762 461; x_wconf 88' lang='lat' dir='ltr'><strong>ad</strong></span> <span class='ocrx_word' id='word_1_10' title='bbox 795 400 1072 476; x_wconf 81' lang='lat' dir='ltr'><strong>gloriam,</strong></span> <span class='ocrx_word' id='word_1_11' title='bbox 1134 400 1255 462; x_wconf 89' lang='lat' dir='ltr'><strong>hoc</strong></span> <span class='ocrx_word' id='word_1_12' title='bbox 1279 399 1514 462; x_wconf 78' lang='lat' dir='ltr'><strong>facilior</strong></span> <span class='ocrx_word' id='word_1_13' title='bbox 1545 403 1830 474; x_wconf 87' lang='lat' dir='ltr'><strong>fortasse,</strong></span> <span class='ocrx_word' id='word_1_14' title='bbox 1861 400 2032 476; x_wconf 91' lang='lat' dir='ltr'><strong>quod</strong></span> <span class='ocrx_word' id='word_1_15' title='bbox 2062 416 2181 476; x_wconf 84' lang='lat' dir='ltr'><strong>ego</strong></span> <span class='ocrx_word' id='word_1_16' title='bbox 2217 400 2341 463; x_wconf 85' lang='lat' dir='ltr'><strong>hue</strong></span> 
     </span>
     <span class='ocr_line' id='line_1_3' title="bbox 252 483 2337 560; baseline -0.001 -12"><span class='ocrx_word' id='word_1_17' title='bbox 252 504 291 548; x_wconf 80' lang='lat' dir='ltr'><strong>a</strong></span> <span class='ocrx_word' id='word_1_18' title='bbox 320 503 417 546; x_wconf 90' lang='lat' dir='ltr'><strong>mc</strong></span> <span class='ocrx_word' id='word_1_19' title='bbox 446 494 617 548; x_wconf 86' lang='lat' dir='ltr'><strong>ortus</strong></span> <span class='ocrx_word' id='word_1_20' title='bbox 644 492 707 545; x_wconf 90' lang='lat' dir='ltr'><strong>et</strong></span> <span class='ocrx_word' id='word_1_21' title='bbox 733 501 845 560; x_wconf 88' lang='lat' dir='ltr'><strong>per</strong></span> <span class='ocrx_word' id='word_1_22' title='bbox 877 501 975 544; x_wconf 91' lang='lat' dir='ltr'><strong>me</strong></span> <span class='ocrx_word' id='word_1_23' title='bbox 1004 485 1184 546; x_wconf 87' lang='lat' dir='ltr'><strong>nixus</strong></span> <span class='ocrx_word' id='word_1_24' title='bbox 1213 485 1489 559; x_wconf 89' lang='lat' dir='ltr'><strong>ascendi,</strong></span> <span class='ocrx_word' id='word_1_25' title='bbox 1516 485 1698 547; x_wconf 90' lang='lat' dir='ltr'><strong>istius</strong></span> <span class='ocrx_word' id='word_1_26' title='bbox 1720 485 1971 559; x_wconf 80' lang='lat' dir='ltr'><strong>egregia</strong></span> <span class='ocrx_word' id='word_1_27' title='bbox 2007 483 2200 546; x_wconf 88' lang='lat' dir='ltr'><strong>virtus</strong></span> <span class='ocrx_word' id='word_1_28' title='bbox 2225 485 2337 546; x_wconf 86' lang='lat' dir='ltr'><strong>ad·</strong></span> 
     </span>
     <span class='ocr_line' id='line_1_4' title="bbox 254 567 2338 633; baseline -0.001 -1"><span class='ocrx_word' id='word_1_29' title='bbox 254 568 558 633; x_wconf 86' lang='lat' dir='ltr'><strong>iuvabitur</strong></span> <span class='ocrx_word' id='word_1_30' title='bbox 588 569 1456 630; x_wconf 80' lang='lat' dir='ltr'><strong>commendationemaiorum.</strong></span> <span class='ocrx_word' id='word_1_31' title='bbox 1514 568 1644 630; x_wconf 87' lang='lat' dir='ltr'><strong>Sed</strong></span> <span class='ocrx_word' id='word_1_32' title='bbox 1675 577 1744 630; x_wconf 90' lang='lat' dir='ltr'><strong>ut</strong></span> <span class='ocrx_word' id='word_1_33' title='bbox 1770 568 2020 628; x_wconf 81' lang='lat' dir='ltr'><strong>redeam</strong></span> <span class='ocrx_word' id='word_1_34' title='bbox 2049 569 2126 628; x_wconf 88' lang='lat' dir='ltr'><strong>ad</strong></span> <span class='ocrx_word' id='word_1_35' title='bbox 2159 567 2338 630; x_wconf 88' lang='lat' dir='ltr'><strong>Plan—</strong></span> 
     </span>
     <span class='ocr_line' id='line_1_5' title="bbox 253 649 2339 728; baseline -0.003 -12"><span class='ocrx_word' id='word_1_36' title='bbox 253 655 444 725; x_wconf 86' lang='lat' dir='ltr'><strong>cium,</strong></span> <span class='ocrx_word' id='word_1_37' title='bbox 487 669 817 728; x_wconf 83' lang='lat' dir='ltr'><strong>numquam</strong></span> <span class='ocrx_word' id='word_1_38' title='bbox 874 669 954 714; x_wconf 86' lang='lat' dir='ltr'><strong>ex</strong></span> <span class='ocrx_word' id='word_1_39' title='bbox 1001 653 1156 713; x_wconf 85' lang='lat' dir='ltr'><strong>urbe</strong></span> <span class='ocrx_word' id='word_1_40' title='bbox 1197 652 1353 712; x_wconf 87' lang='lat' dir='ltr'><strong>afuit</strong></span> <span class='ocrx_word' id='word_1_41' title='bbox 1386 651 1505 713; x_wconf 90' lang='lat' dir='ltr'><strong>nisi</strong></span> <span class='ocrx_word' id='word_1_42' title='bbox 1533 659 1720 726; x_wconf 85' lang='lat' dir='ltr'>sorte,</span> <span class='ocrx_word' id='word_1_43' title='bbox 1745 649 1900 726; x_wconf 83' lang='lat' dir='ltr'><strong>lege,</strong></span> <span class='ocrx_word' id='word_1_44' title='bbox 1935 650 2339 713; x_wconf 80' lang='lat' dir='ltr'><strong>necessitate=</strong></span> 
     </span>
     <span class='ocr_line' id='line_1_6' title="bbox 251 735 2344 811; baseline -0 -11"><span class='ocrx_word' id='word_1_45' title='bbox 251 756 373 800; x_wconf 83' lang='lat' dir='ltr'><strong>nou</strong></span> <span class='ocrx_word' id='word_1_46' title='bbox 418 738 606 798; x_wconf 89' lang='lat' dir='ltr'><strong>valuit</strong></span> <span class='ocrx_word' id='word_1_47' title='bbox 643 737 831 797; x_wconf 91' lang='lat' dir='ltr'><strong>rebus</strong></span> <span class='ocrx_word' id='word_1_48' title='bbox 866 736 1087 797; x_wconf 89' lang='lat' dir='ltr'><strong>iisdem</strong></span> <span class='ocrx_word' id='word_1_49' title='bbox 1119 735 1343 811; x_wconf 90' lang='lat' dir='ltr'><strong>quibus</strong></span> <span class='ocrx_word' id='word_1_50' title='bbox 1374 737 1639 798; x_wconf 90' lang='lat' dir='ltr'><strong>fortasse</strong></span> <span class='ocrx_word' id='word_1_51' title='bbox 1670 752 1791 796; x_wconf 91' lang='lat' dir='ltr'><strong>non</strong></span> <span class='ocrx_word' id='word_1_52' title='bbox 1824 736 2003 797; x_wconf 77' lang='lat' dir='ltr'><strong>nulli:</strong></span> <span class='ocrx_word' id='word_1_53' title='bbox 2046 744 2112 796; x_wconf 91' lang='lat' dir='ltr'><strong>at</strong></span> <span class='ocrx_word' id='word_1_54' title='bbox 2149 735 2344 799; x_wconf 82' lang='lat' dir='ltr'><strong>valuit</strong></span> 
     </span>
     <span class='ocr_line' id='line_1_7' title="bbox 249 818 2345 895; baseline 0 -12"><span class='ocrx_word' id='word_1_55' title='bbox 249 821 636 894; x_wconf 78' lang='lat' dir='ltr'><strong>adsiduitate,</strong></span> <span class='ocrx_word' id='word_1_56' title='bbox 667 818 859 881; x_wconf 89' lang='lat' dir='ltr'><strong>valuit</strong></span> <span class='ocrx_word' id='word_1_57' title='bbox 890 819 1295 880; x_wconf 82' lang='lat' dir='ltr'><strong>observandis</strong></span> <span class='ocrx_word' id='word_1_58' title='bbox 1323 820 1557 895; x_wconf 91' lang='lat' dir='ltr'><strong>amicis,</strong></span> <span class='ocrx_word' id='word_1_59' title='bbox 1587 819 1779 881; x_wconf 88' lang='lat' dir='ltr'><strong>valuit</strong></span> <span class='ocrx_word' id='word_1_60' title='bbox 1805 818 2193 881; x_wconf 73' lang='lat' dir='ltr'><strong>liberalitatee</strong></span> <span class='ocrx_word' id='word_1_61' title='bbox 2226 819 2345 883; x_wconf 88' lang='lat' dir='ltr'><strong>fuit</strong></span> 
     </span>
     <span class='ocr_line' id='line_1_8' title="bbox 253 901 2340 980; baseline -0.001 -13"><span class='ocrx_word' id='word_1_62' title='bbox 253 907 312 967; x_wconf 90' lang='lat' dir='ltr'><strong>in</strong></span> <span class='ocrx_word' id='word_1_63' title='bbox 350 906 576 967; x_wconf 78' lang='lat' dir='ltr'><strong>oculis:</strong></span> <span class='ocrx_word' id='word_1_64' title='bbox 621 903 861 980; x_wconf 85' lang='lat' dir='ltr'><strong>petivit=</strong></span> <span class='ocrx_word' id='word_1_65' title='bbox 898 919 973 964; x_wconf 92' lang='lat' dir='ltr'><strong>ea</strong></span> <span class='ocrx_word' id='word_1_66' title='bbox 1001 912 1099 964; x_wconf 90' lang='lat' dir='ltr'><strong>est</strong></span> <span class='ocrx_word' id='word_1_67' title='bbox 1125 920 1280 964; x_wconf 92' lang='lat' dir='ltr'><strong>usus</strong></span> <span class='ocrx_word' id='word_1_68' title='bbox 1307 903 1546 965; x_wconf 89' lang='lat' dir='ltr'><strong>ratione</strong></span> <span class='ocrx_word' id='word_1_69' title='bbox 1574 903 1768 978; x_wconf 89' lang='lat' dir='ltr'><strong>vitae,</strong></span> <span class='ocrx_word' id='word_1_70' title='bbox 1818 919 1942 979; x_wconf 89' lang='lat' dir='ltr'><strong>qua</strong></span> <span class='ocrx_word' id='word_1_71' title='bbox 1968 901 2218 963; x_wconf 89' lang='lat' dir='ltr'><strong>minima</strong></span> <span class='ocrx_word' id='word_1_72' title='bbox 2244 903 2340 965; x_wconf 88' lang='lat' dir='ltr'><strong>in·</strong></span> 
     </span>
     <span class='ocr_line' id='line_1_9' title="bbox 230 986 2339 1062; baseline -0.001 -13"><span class='ocrx_word' id='word_1_73' title='bbox 230 986 418 1051; x_wconf 78' lang='lat' dir='ltr'><strong>&#39;vidia</strong></span> <span class='ocrx_word' id='word_1_74' title='bbox 460 989 605 1049; x_wconf 90' lang='lat' dir='ltr'><strong>novi</strong></span> <span class='ocrx_word' id='word_1_75' title='bbox 634 987 916 1047; x_wconf 86' lang='lat' dir='ltr'><strong>homines</strong></span> <span class='ocrx_word' id='word_1_76' title='bbox 948 986 1195 1062; x_wconf 83' lang='lat' dir='ltr'><strong>plurimi</strong></span> <span class='ocrx_word' id='word_1_77' title='bbox 1227 994 1372 1048; x_wconf 84' lang='lat' dir='ltr'><strong>sunt</strong></span> <span class='ocrx_word' id='word_1_78' title='bbox 1410 988 1664 1049; x_wconf 84' lang='lat' dir='ltr'><strong>eosdem</strong></span> <span class='ocrx_word' id='word_1_79' title='bbox 1693 987 1966 1048; x_wconf 85' lang='lat' dir='ltr'>honores</span> <span class='ocrx_word' id='word_1_80' title='bbox 1996 987 2339 1049; x_wconf 81' lang='lat' dir='ltr'><strong>consecuti.</strong></span> 
     </span>
    </p>

    <p class='ocr_par' dir='ltr' id='par_1_3' title="bbox 249 1069 2342 2901">
     <span class='ocr_line' id='line_1_10' title="bbox 373 1069 2337 1147; baseline 0 -15"><span class='ocrx_word' id='word_1_81' title='bbox 373 1071 642 1132; x_wconf 86' lang='lat' dir='ltr'>XXVIII.</span> <span class='ocrx_word' id='word_1_82' title='bbox 686 1069 792 1132; x_wconf 82' lang='lat'><strong>68.</strong></span> <span class='ocrx_word' id='word_1_83' title='bbox 822 1071 972 1129; x_wconf 89' lang='lat' dir='ltr'><strong>Nam</strong></span> <span class='ocrx_word' id='word_1_84' title='bbox 1023 1071 1193 1145; x_wconf 90' lang='lat' dir='ltr'><strong>quod</strong></span> <span class='ocrx_word' id='word_1_85' title='bbox 1234 1069 1360 1146; x_wconf 90' lang='lat' dir='ltr'><strong>ais,</strong></span> <span class='ocrx_word' id='word_1_86' title='bbox 1390 1071 1595 1144; x_wconf 87' lang='lat' dir='ltr'><strong>Cassi,</strong></span> <span class='ocrx_word' id='word_1_87' title='bbox 1641 1087 1762 1131; x_wconf 91' lang='lat' dir='ltr'><strong>non</strong></span> <span class='ocrx_word' id='word_1_88' title='bbox 1787 1071 1928 1147; x_wconf 88' lang='lat' dir='ltr'><strong>plus</strong></span> <span class='ocrx_word' id='word_1_89' title='bbox 1959 1086 2058 1131; x_wconf 93' lang='lat' dir='ltr'><strong>me</strong></span> <span class='ocrx_word' id='word_1_90' title='bbox 2083 1070 2337 1132; x_wconf 77' lang='lat' dir='ltr'><strong>Plancio</strong></span> 
     </span>
     <span class='ocr_line' id='line_1_11' title="bbox 251 1153 2339 1231; baseline -0.001 -14"><span class='ocrx_word' id='word_1_91' title='bbox 251 1156 480 1217; x_wconf 87' lang='lat' dir='ltr'><strong>debere</strong></span> <span class='ocrx_word' id='word_1_92' title='bbox 509 1169 692 1230; x_wconf 89' lang='lat' dir='ltr'><strong>quam</strong></span> <span class='ocrx_word' id='word_1_93' title='bbox 719 1153 902 1214; x_wconf 89' lang='lat' dir='ltr'><strong>bonis</strong></span> <span class='ocrx_word' id='word_1_94' title='bbox 938 1154 1242 1228; x_wconf 91' lang='lat' dir='ltr'><strong>omnibus,</strong></span> <span class='ocrx_word' id='word_1_95' title='bbox 1283 1156 1452 1229; x_wconf 91' lang='lat' dir='ltr'><strong>quod</strong></span> <span class='ocrx_word' id='word_1_96' title='bbox 1480 1155 1556 1216; x_wconf 90' lang='lat' dir='ltr'><strong>iis</strong></span> <span class='ocrx_word' id='word_1_97' title='bbox 1587 1171 1789 1231; x_wconf 90' lang='lat' dir='ltr'><strong>aeque</strong></span> <span class='ocrx_word' id='word_1_98' title='bbox 1816 1170 1955 1215; x_wconf 91' lang='lat' dir='ltr'><strong>mea</strong></span> <span class='ocrx_word' id='word_1_99' title='bbox 1984 1156 2156 1216; x_wconf 86' lang='lat' dir='ltr'><strong>salus</strong></span> <span class='ocrx_word' id='word_1_100' title='bbox 2189 1170 2339 1215; x_wconf 89' lang='lat' dir='ltr'><strong>cara</strong></span> 
     </span>
     <span class='ocr_line' id='line_1_12' title="bbox 253 1237 2335 1315; baseline -0.002 -15"><span class='ocrx_word' id='word_1_101' title='bbox 253 1239 463 1315; x_wconf 90' lang='lat' dir='ltr'><strong>fuerit,</strong></span> <span class='ocrx_word' id='word_1_102' title='bbox 511 1253 628 1314; x_wconf 84' lang='lat' dir='ltr'><strong>ego</strong></span> <span class='ocrx_word' id='word_1_103' title='bbox 660 1254 757 1298; x_wconf 93' lang='lat' dir='ltr'><strong>me</strong></span> <span class='ocrx_word' id='word_1_104' title='bbox 793 1238 1021 1298; x_wconf 91' lang='lat' dir='ltr'><strong>debere</strong></span> <span class='ocrx_word' id='word_1_105' title='bbox 1064 1238 1241 1299; x_wconf 91' lang='lat' dir='ltr'><strong>bonis</strong></span> <span class='ocrx_word' id='word_1_106' title='bbox 1272 1238 1557 1300; x_wconf 90' lang='lat' dir='ltr'><strong>omnibus</strong></span> <span class='ocrx_word' id='word_1_107' title='bbox 1587 1239 1801 1301; x_wconf 90' lang='lat' dir='ltr'><strong>fateor.</strong></span> <span class='ocrx_word' id='word_1_108' title='bbox 1888 1237 2016 1299; x_wconf 90' lang='lat' dir='ltr'><strong>Sed</strong></span> <span class='ocrx_word' id='word_1_109' title='bbox 2059 1239 2238 1299; x_wconf 86' lang='lat' dir='ltr'><strong>etiam</strong></span> <span class='ocrx_word' id='word_1_110' title='bbox 2273 1237 2335 1309; x_wconf 87' lang='lat' dir='ltr'><strong>ii,</strong></span> 
     </span>
     <span class='ocr_line' id='line_1_13' title="bbox 252 1321 2338 1399; baseline -0.001 -15"><span class='ocrx_word' id='word_1_111' title='bbox 252 1324 477 1399; x_wconf 91' lang='lat' dir='ltr'><strong>quibus</strong></span> <span class='ocrx_word' id='word_1_112' title='bbox 507 1337 625 1397; x_wconf 81' lang='lat' dir='ltr'><strong>ego</strong></span> <span class='ocrx_word' id='word_1_113' title='bbox 656 1321 875 1392; x_wconf 89' lang='lat' dir='ltr'><strong>debeo,</strong></span> <span class='ocrx_word' id='word_1_114' title='bbox 908 1321 1056 1384; x_wconf 90' lang='lat' dir='ltr'><strong>boni</strong></span> <span class='ocrx_word' id='word_1_115' title='bbox 1078 1321 1192 1382; x_wconf 84' lang='lat' dir='ltr'><strong>viri</strong></span> <span class='ocrx_word' id='word_1_116' title='bbox 1222 1331 1285 1383; x_wconf 89' lang='lat' dir='ltr'><strong>et</strong></span> <span class='ocrx_word' id='word_1_117' title='bbox 1305 1321 1477 1384; x_wconf 88' lang='lat' dir='ltr'><strong>cives</strong></span> <span class='ocrx_word' id='word_1_118' title='bbox 1499 1321 1760 1383; x_wconf 89' lang='lat' dir='ltr'><strong>comitiis</strong></span> <span class='ocrx_word' id='word_1_119' title='bbox 1781 1321 2081 1383; x_wconf 85' lang='lat' dir='ltr'><strong>aediliciis</strong></span> <span class='ocrx_word' id='word_1_120' title='bbox 2100 1321 2338 1398; x_wconf 87' lang='lat' dir='ltr'><strong>aliquid</strong></span> 
     </span>
     <span class='ocr_line' id='line_1_14' title="bbox 252 1404 2334 1468; baseline -0 0"><span class='ocrx_word' id='word_1_121' title='bbox 252 1424 322 1468; x_wconf 89' lang='lat' dir='ltr'><strong>se</strong></span> <span class='ocrx_word' id='word_1_122' title='bbox 354 1422 490 1468; x_wconf 90' lang='lat' dir='ltr'><strong>meo</strong></span> <span class='ocrx_word' id='word_1_123' title='bbox 524 1405 767 1466; x_wconf 91' lang='lat' dir='ltr'><strong>nomine</strong></span> <span class='ocrx_word' id='word_1_124' title='bbox 796 1404 1042 1468; x_wconf 89' lang='lat' dir='ltr'><strong>Plancio</strong></span> <span class='ocrx_word' id='word_1_125' title='bbox 1074 1407 1301 1468; x_wconf 89' lang='lat' dir='ltr'><strong>debere</strong></span> <span class='ocrx_word' id='word_1_126' title='bbox 1325 1405 1628 1467; x_wconf 88' lang='lat' dir='ltr'><strong>dicebant.</strong></span> <span class='ocrx_word' id='word_1_127' title='bbox 1662 1406 1893 1467; x_wconf 87' lang='lat' dir='ltr'><strong>Verum</strong></span> <span class='ocrx_word' id='word_1_128' title='bbox 1925 1407 2021 1466; x_wconf 89' lang='lat' dir='ltr'><strong>fac</strong></span> <span class='ocrx_word' id='word_1_129' title='bbox 2050 1422 2150 1466; x_wconf 90' lang='lat' dir='ltr'><strong>me</strong></span> <span class='ocrx_word' id='word_1_130' title='bbox 2176 1407 2334 1467; x_wconf 83' lang='lat' dir='ltr'><strong>mul-</strong></span> 
     </span>
     <span class='ocr_line' id='line_1_15' title="bbox 253 1488 2336 1566; baseline -0.001 -14"><span class='ocrx_word' id='word_1_131' title='bbox 253 1491 330 1552; x_wconf 82' lang='lat' dir='ltr'><strong>tis</strong></span> <span class='ocrx_word' id='word_1_132' title='bbox 361 1491 587 1552; x_wconf 88' lang='lat' dir='ltr'><strong>debere</strong></span> <span class='ocrx_word' id='word_1_133' title='bbox 623 1499 685 1551; x_wconf 93' lang='lat' dir='ltr'><strong>et</strong></span> <span class='ocrx_word' id='word_1_134' title='bbox 713 1489 772 1548; x_wconf 89' lang='lat' dir='ltr'><strong>in</strong></span> <span class='ocrx_word' id='word_1_135' title='bbox 801 1488 878 1551; x_wconf 90' lang='lat' dir='ltr'><strong>iis</strong></span> <span class='ocrx_word' id='word_1_136' title='bbox 900 1489 1176 1551; x_wconf 77' lang='lat' dir='ltr'><strong>Plancio:</strong></span> <span class='ocrx_word' id='word_1_137' title='bbox 1204 1498 1406 1551; x_wconf 88' lang='lat' dir='ltr'><strong>utrum</strong></span> <span class='ocrx_word' id='word_1_138' title='bbox 1434 1489 1616 1566; x_wconf 86' lang='lat' dir='ltr'><strong>igitur</strong></span> <span class='ocrx_word' id='word_1_139' title='bbox 1639 1506 1738 1550; x_wconf 91' lang='lat' dir='ltr'><strong>me</strong></span> <span class='ocrx_word' id='word_1_140' title='bbox 1762 1490 2128 1550; x_wconf 86' lang='lat' dir='ltr'><strong>conturbare</strong></span> <span class='ocrx_word' id='word_1_141' title='bbox 2150 1506 2336 1565; x_wconf 88' lang='lat' dir='ltr'><strong>opor-</strong></span> 
     </span>
     <span class='ocr_line' id='line_1_16' title="bbox 251 1573 2339 1649; baseline -0.001 -12"><span class='ocrx_word' id='word_1_142' title='bbox 251 1582 336 1637; x_wconf 88' lang='lat' dir='ltr'><strong>tet</strong></span> <span class='ocrx_word' id='word_1_143' title='bbox 355 1591 433 1635; x_wconf 90' lang='lat' dir='ltr'><strong>an</strong></span> <span class='ocrx_word' id='word_1_144' title='bbox 508 1573 727 1635; x_wconf 90' lang='lat' dir='ltr'><strong>ceteris</strong></span> <span class='ocrx_word' id='word_1_145' title='bbox 744 1619 759 1644; x_wconf 90' lang='lat'><strong>,</strong></span> <span class='ocrx_word' id='word_1_146' title='bbox 787 1590 974 1648; x_wconf 90' lang='lat' dir='ltr'><strong>quum</strong></span> <span class='ocrx_word' id='word_1_147' title='bbox 997 1573 1300 1649; x_wconf 90' lang='lat' dir='ltr'><strong>cuiusque</strong></span> <span class='ocrx_word' id='word_1_148' title='bbox 1321 1574 1454 1634; x_wconf 91' lang='lat' dir='ltr'><strong>dies</strong></span> <span class='ocrx_word' id='word_1_149' title='bbox 1480 1573 1730 1647; x_wconf 90' lang='lat' dir='ltr'><strong>venerit,</strong></span> <span class='ocrx_word' id='word_1_150' title='bbox 1754 1573 1873 1634; x_wconf 88' lang='lat' dir='ltr'><strong>hoc</strong></span> <span class='ocrx_word' id='word_1_151' title='bbox 1897 1589 2140 1648; x_wconf 91' lang='lat' dir='ltr'><strong>nomen,</strong></span> <span class='ocrx_word' id='word_1_152' title='bbox 2166 1574 2339 1648; x_wconf 90' lang='lat' dir='ltr'><strong>quod</strong></span> 
     </span>
     <span class='ocr_line' id='line_1_17' title="bbox 249 1656 2337 1734; baseline -0.002 -14"><span class='ocrx_word' id='word_1_153' title='bbox 249 1669 455 1734; x_wconf 80' lang='lat' dir='ltr'><strong>urget,</strong></span> <span class='ocrx_word' id='word_1_154' title='bbox 501 1673 667 1719; x_wconf 90' lang='lat' dir='ltr'><strong>nunc</strong></span> <span class='ocrx_word' id='word_1_155' title='bbox 702 1674 889 1732; x_wconf 91' lang='lat' dir='ltr'><strong>quum</strong></span> <span class='ocrx_word' id='word_1_156' title='bbox 926 1656 1150 1732; x_wconf 89' lang='lat' dir='ltr'><strong>petitur</strong></span> <span class='ocrx_word' id='word_1_157' title='bbox 1180 1657 1570 1718; x_wconf 63' lang='lat' dir='ltr'><strong>dissolvere?</strong></span> <span class='ocrx_word' id='word_1_158' title='bbox 1607 1657 1986 1732; x_wconf 81' lang='lat' dir='ltr'><strong>Quamquam</strong></span> <span class='ocrx_word' id='word_1_159' title='bbox 2015 1656 2337 1717; x_wconf 90' lang='lat' dir='ltr'><strong>dissimilis</strong></span> 
     </span>
     <span class='ocr_line' id='line_1_18' title="bbox 250 1738 2337 1818; baseline -0.002 -14"><span class='ocrx_word' id='word_1_160' title='bbox 250 1752 348 1804; x_wconf 89' lang='lat' dir='ltr'><strong>est</strong></span> <span class='ocrx_word' id='word_1_161' title='bbox 370 1743 672 1818; x_wconf 88' lang='lat' dir='ltr'><strong>pecuniae</strong></span> <span class='ocrx_word' id='word_1_162' title='bbox 707 1739 933 1801; x_wconf 86' lang='lat' dir='ltr'><strong>debitio</strong></span> <span class='ocrx_word' id='word_1_163' title='bbox 964 1746 1025 1799; x_wconf 88' lang='lat' dir='ltr'><strong>et</strong></span> <span class='ocrx_word' id='word_1_164' title='bbox 1053 1738 1301 1814; x_wconf 82' lang='lat' dir='ltr'><strong>gratiae.</strong></span> <span class='ocrx_word' id='word_1_165' title='bbox 1355 1741 1506 1801; x_wconf 88' lang='lat' dir='ltr'><strong>Nam</strong></span> <span class='ocrx_word' id='word_1_166' title='bbox 1537 1741 1643 1816; x_wconf 92' lang='lat' dir='ltr'><strong>qui</strong></span> <span class='ocrx_word' id='word_1_167' title='bbox 1670 1741 1994 1817; x_wconf 88' lang='lat' dir='ltr'><strong>pecuniam</strong></span> <span class='ocrx_word' id='word_1_168' title='bbox 2028 1739 2337 1814; x_wconf 80' lang='lat' dir='ltr'><strong>dissolvit,</strong></span> 
     </span>
     <span class='ocr_line' id='line_1_19' title="bbox 252 1822 2337 1900; baseline -0.001 -14"><span class='ocrx_word' id='word_1_169' title='bbox 252 1825 453 1886; x_wconf 86' lang='lat' dir='ltr'><strong>statim</strong></span> <span class='ocrx_word' id='word_1_170' title='bbox 482 1840 605 1888; x_wconf 90' lang='lat' dir='ltr'><strong>non</strong></span> <span class='ocrx_word' id='word_1_171' title='bbox 638 1823 821 1883; x_wconf 84' lang='lat' dir='ltr'><strong>habet</strong></span> <span class='ocrx_word' id='word_1_172' title='bbox 848 1823 927 1894; x_wconf 90' lang='lat' dir='ltr'><strong>id,</strong></span> <span class='ocrx_word' id='word_1_173' title='bbox 963 1824 1132 1897; x_wconf 91' lang='lat' dir='ltr'><strong>quod</strong></span> <span class='ocrx_word' id='word_1_174' title='bbox 1153 1822 1456 1884; x_wconf 81' lang='lat' dir='ltr'><strong>reddidit:</strong></span> <span class='ocrx_word' id='word_1_175' title='bbox 1491 1824 1597 1899; x_wconf 92' lang='lat' dir='ltr'><strong>qui</strong></span> <span class='ocrx_word' id='word_1_176' title='bbox 1625 1832 1827 1885; x_wconf 87' lang='lat' dir='ltr'><strong>autem</strong></span> <span class='ocrx_word' id='word_1_177' title='bbox 1853 1823 2058 1900; x_wconf 91' lang='lat' dir='ltr'><strong>debet,</strong></span> <span class='ocrx_word' id='word_1_178' title='bbox 2094 1840 2205 1884; x_wconf 88' lang='lat' dir='ltr'><strong>aes</strong></span> <span class='ocrx_word' id='word_1_179' title='bbox 2236 1839 2337 1884; x_wconf 88' lang='lat' dir='ltr'><strong>re·</strong></span> 
     </span>
     <span class='ocr_line' id='line_1_20' title="bbox 251 1905 2340 1983; baseline 0.001 -14"><span class='ocrx_word' id='word_1_180' title='bbox 251 1909 399 1970; x_wconf 85' lang='lat' dir='ltr'><strong>tinet</strong></span> <span class='ocrx_word' id='word_1_181' title='bbox 426 1908 723 1969; x_wconf 82' lang='lat' dir='ltr'><strong>alienum:</strong></span> <span class='ocrx_word' id='word_1_182' title='bbox 765 1905 1018 1981; x_wconf 86' lang='lat' dir='ltr'><strong>gratiam</strong></span> <span class='ocrx_word' id='word_1_183' title='bbox 1044 1914 1243 1967; x_wconf 87' lang='lat' dir='ltr'><strong>autem</strong></span> <span class='ocrx_word' id='word_1_184' title='bbox 1269 1914 1331 1969; x_wconf 87' lang='lat' dir='ltr'><strong>et</strong></span> <span class='ocrx_word' id='word_1_185' title='bbox 1358 1907 1463 1983; x_wconf 91' lang='lat' dir='ltr'><strong>qui</strong></span> <span class='ocrx_word' id='word_1_186' title='bbox 1496 1908 1684 1970; x_wconf 80' lang='lat' dir='ltr'><strong>refert</strong></span> <span class='ocrx_word' id='word_1_187' title='bbox 1717 1907 1902 1970; x_wconf 89' lang='lat' dir='ltr'><strong>habet</strong></span> <span class='ocrx_word' id='word_1_188' title='bbox 1928 1915 1992 1969; x_wconf 85' lang='lat' dir='ltr'><strong>et</strong></span> <span class='ocrx_word' id='word_1_189' title='bbox 2017 1907 2121 1983; x_wconf 89' lang='lat' dir='ltr'><strong>qui</strong></span> <span class='ocrx_word' id='word_1_190' title='bbox 2151 1907 2340 1971; x_wconf 82' lang='lat' dir='ltr'><strong>habet</strong></span> 
     </span>
     <span class='ocr_line' id='line_1_21' title="bbox 249 1990 2336 2067; baseline -0 -14"><span class='ocrx_word' id='word_1_191' title='bbox 249 1993 310 2053; x_wconf 91' lang='lat' dir='ltr'><strong>in</strong></span> <span class='ocrx_word' id='word_1_192' title='bbox 344 2009 420 2053; x_wconf 93' lang='lat' dir='ltr'><strong>eo</strong></span> <span class='ocrx_word' id='word_1_193' title='bbox 444 1991 604 2067; x_wconf 90' lang='lat' dir='ltr'><strong>ipso,</strong></span> <span class='ocrx_word' id='word_1_194' title='bbox 639 1991 807 2066; x_wconf 91' lang='lat' dir='ltr'><strong>quod</strong></span> <span class='ocrx_word' id='word_1_195' title='bbox 841 1990 1053 2065; x_wconf 87' lang='lat' dir='ltr'><strong>habet,</strong></span> <span class='ocrx_word' id='word_1_196' title='bbox 1077 1992 1279 2052; x_wconf 91' lang='lat' dir='ltr'><strong>refert.</strong></span> <span class='ocrx_word' id='word_1_197' title='bbox 1365 1992 1581 2067; x_wconf 89' lang='lat' dir='ltr'><strong>Neque</strong></span> <span class='ocrx_word' id='word_1_198' title='bbox 1611 1995 1728 2067; x_wconf 80' lang='lat' dir='ltr'><strong>e&#39;go</strong></span> <span class='ocrx_word' id='word_1_199' title='bbox 1754 2008 1917 2053; x_wconf 90' lang='lat' dir='ltr'><strong>nunc</strong></span> <span class='ocrx_word' id='word_1_200' title='bbox 1946 1990 2193 2053; x_wconf 89' lang='lat' dir='ltr'><strong>Plancio</strong></span> <span class='ocrx_word' id='word_1_201' title='bbox 2224 1993 2336 2052; x_wconf 91' lang='lat' dir='ltr'><strong>de-</strong></span> 
     </span>
     <span class='ocr_line' id='line_1_22' title="bbox 251 2073 2338 2147; baseline 0 -11"><span class='ocrx_word' id='word_1_202' title='bbox 251 2076 447 2137; x_wconf 90' lang='lat' dir='ltr'><strong>sinam</strong></span> <span class='ocrx_word' id='word_1_203' title='bbox 475 2075 723 2146; x_wconf 86' lang='lat' dir='ltr'><strong>debere,</strong></span> <span class='ocrx_word' id='word_1_204' title='bbox 759 2073 811 2134; x_wconf 91' lang='lat' dir='ltr'><strong>si</strong></span> <span class='ocrx_word' id='word_1_205' title='bbox 855 2074 972 2135; x_wconf 88' lang='lat' dir='ltr'><strong>hoc</strong></span> <span class='ocrx_word' id='word_1_206' title='bbox 1002 2076 1269 2147; x_wconf 87' lang='lat' dir='ltr'><strong>solvero,</strong></span> <span class='ocrx_word' id='word_1_207' title='bbox 1310 2092 1425 2136; x_wconf 89' lang='lat' dir='ltr'><strong>nec</strong></span> <span class='ocrx_word' id='word_1_208' title='bbox 1453 2076 1653 2137; x_wconf 92' lang='lat' dir='ltr'><strong>minus</strong></span> <span class='ocrx_word' id='word_1_209' title='bbox 1685 2076 1742 2136; x_wconf 92' lang='lat' dir='ltr'><strong>ei</strong></span> <span class='ocrx_word' id='word_1_210' title='bbox 1768 2076 2092 2136; x_wconf 90' lang='lat' dir='ltr'><strong>redderem</strong></span> <span class='ocrx_word' id='word_1_211' title='bbox 2117 2076 2338 2136; x_wconf 89' lang='lat' dir='ltr'><strong>volun-</strong></span> 
     </span>
     <span class='ocr_line' id='line_1_23' title="bbox 252 2158 2339 2236; baseline -0.001 -15"><span class='ocrx_word' id='word_1_212' title='bbox 252 2170 372 2222; x_wconf 88' lang='lat' dir='ltr'><strong>tate</strong></span> <span class='ocrx_word' id='word_1_213' title='bbox 401 2158 562 2236; x_wconf 89' lang='lat' dir='ltr'><strong>ipsa,</strong></span> <span class='ocrx_word' id='word_1_214' title='bbox 587 2158 639 2220; x_wconf 91' lang='lat' dir='ltr'><strong>si</strong></span> <span class='ocrx_word' id='word_1_215' title='bbox 670 2159 789 2218; x_wconf 86' lang='lat' dir='ltr'><strong>hoc</strong></span> <span class='ocrx_word' id='word_1_216' title='bbox 819 2158 1133 2219; x_wconf 84' lang='lat' dir='ltr'><strong>molestiae</strong></span> <span class='ocrx_word' id='word_1_217' title='bbox 1160 2176 1284 2220; x_wconf 91' lang='lat' dir='ltr'><strong>non</strong></span> <span class='ocrx_word' id='word_1_218' title='bbox 1317 2159 1664 2221; x_wconf 89' lang='lat' dir='ltr'><strong>accidisset.</strong></span> <span class='ocrx_word' id='word_1_219' title='bbox 1739 2158 1841 2220; x_wconf 86' lang='grc'><strong>69.</strong></span> <span class='ocrx_word' id='word_1_220' title='bbox 1868 2158 2121 2233; x_wconf 83' lang='lat' dir='ltr'><strong>Quaeris</strong></span> <span class='ocrx_word' id='word_1_221' title='bbox 2148 2176 2189 2219; x_wconf 94' lang='lat' dir='ltr'><strong>a</strong></span> <span class='ocrx_word' id='word_1_222' title='bbox 2217 2175 2339 2234; x_wconf 88' lang='lat' dir='ltr'><strong>me,</strong></span> 
     </span>
     <span class='ocr_line' id='line_1_24' title="bbox 252 2241 2335 2324; baseline 0 -20"><span class='ocrx_word' id='word_1_223' title='bbox 252 2242 444 2315; x_wconf 83' lang='lat' dir='ltr'><strong>Cassi,</strong></span> <span class='ocrx_word' id='word_1_224' title='bbox 473 2243 620 2319; x_wconf 91' lang='lat' dir='ltr'><strong>quid</strong></span> <span class='ocrx_word' id='word_1_225' title='bbox 651 2258 761 2318; x_wconf 92' lang='lat' dir='ltr'><strong>pro</strong></span> <span class='ocrx_word' id='word_1_226' title='bbox 793 2243 975 2302; x_wconf 86' lang='lat' dir='ltr'><strong>fratre</strong></span> <span class='ocrx_word' id='word_1_227' title='bbox 995 2257 1151 2314; x_wconf 90' lang='lat' dir='ltr'><strong>meo,</strong></span> <span class='ocrx_word' id='word_1_228' title='bbox 1193 2242 1300 2317; x_wconf 90' lang='lat' dir='ltr'><strong>qui</strong></span> <span class='ocrx_word' id='word_1_229' title='bbox 1329 2242 1475 2303; x_wconf 91' lang='lat' dir='ltr'><strong>mihi</strong></span> <span class='ocrx_word' id='word_1_230' title='bbox 1496 2252 1594 2305; x_wconf 88' lang='lat' dir='ltr'><strong>est</strong></span> <span class='ocrx_word' id='word_1_231' title='bbox 1615 2241 1991 2324; x_wconf 79' lang='lat' dir='ltr'><strong>carissimuS,</strong></span> <span class='ocrx_word' id='word_1_232' title='bbox 2030 2241 2185 2317; x_wconf 89' lang='lat' dir='ltr'><strong>quid</strong></span> <span class='ocrx_word' id='word_1_233' title='bbox 2216 2259 2335 2317; x_wconf 87' lang='lat' dir='ltr'><strong>pro</strong></span> 
     </span>
     <span class='ocr_line' id='line_1_25' title="bbox 253 2324 2336 2403; baseline 0 -17"><span class='ocrx_word' id='word_1_234' title='bbox 253 2325 404 2387; x_wconf 88' lang='lat' dir='ltr'><strong>meis</strong></span> <span class='ocrx_word' id='word_1_235' title='bbox 430 2325 670 2399; x_wconf 86' lang='lat' dir='ltr'><strong>liberis,</strong></span> <span class='ocrx_word' id='word_1_236' title='bbox 715 2325 937 2401; x_wconf 87' lang='lat' dir='ltr'><strong>quibus</strong></span> <span class='ocrx_word' id='word_1_237' title='bbox 962 2325 1108 2385; x_wconf 90' lang='lat' dir='ltr'><strong>nihil</strong></span> <span class='ocrx_word' id='word_1_238' title='bbox 1130 2324 1275 2387; x_wconf 88' lang='lat' dir='ltr'><strong>mihi</strong></span> <span class='ocrx_word' id='word_1_239' title='bbox 1298 2335 1668 2403; x_wconf 88' lang='lat' dir='ltr'><strong>potestesse</strong></span> <span class='ocrx_word' id='word_1_240' title='bbox 1691 2325 2039 2399; x_wconf 89' lang='lat' dir='ltr'><strong>iucundius,</strong></span> <span class='ocrx_word' id='word_1_241' title='bbox 2068 2327 2336 2401; x_wconf 88' lang='lat' dir='ltr'><strong>amplius</strong></span> 
     </span>
     <span class='ocr_line' id='line_1_26' title="bbox 251 2408 2339 2487; baseline -0 -17"><span class='ocrx_word' id='word_1_242' title='bbox 251 2425 435 2487; x_wconf 91' lang='lat' dir='ltr'><strong>quam</strong></span> <span class='ocrx_word' id='word_1_243' title='bbox 459 2409 628 2485; x_wconf 92' lang='lat' dir='ltr'><strong>quod</strong></span> <span class='ocrx_word' id='word_1_244' title='bbox 652 2424 768 2484; x_wconf 88' lang='lat' dir='ltr'><strong>pro</strong></span> <span class='ocrx_word' id='word_1_245' title='bbox 779 2408 1028 2470; x_wconf 90' lang='lat' dir='ltr'><strong>Plancio</strong></span> <span class='ocrx_word' id='word_1_246' title='bbox 1054 2409 1210 2470; x_wconf 89' lang='lat' dir='ltr'><strong>facio</strong></span> <span class='ocrx_word' id='word_1_247' title='bbox 1236 2411 1440 2469; x_wconf 89' lang='lat' dir='ltr'><strong>facere</strong></span> <span class='ocrx_word' id='word_1_248' title='bbox 1454 2409 1711 2484; x_wconf 88' lang='lat' dir='ltr'><strong>possim,</strong></span> <span class='ocrx_word' id='word_1_249' title='bbox 1738 2425 1854 2471; x_wconf 90' lang='lat' dir='ltr'><strong>nec</strong></span> <span class='ocrx_word' id='word_1_250' title='bbox 1867 2411 2043 2472; x_wconf 85' lang='lat' dir='ltr'><strong>vides</strong></span> <span class='ocrx_word' id='word_1_251' title='bbox 2075 2408 2339 2482; x_wconf 76' lang='lat' dir='ltr'><strong>istorum</strong></span> 
     </span>
     <span class='ocr_line' id='line_1_27' title="bbox 250 2490 2338 2569; baseline -0.001 -14"><span class='ocrx_word' id='word_1_252' title='bbox 250 2494 529 2569; x_wconf 90' lang='lat' dir='ltr'><strong>ipsorum</strong></span> <span class='ocrx_word' id='word_1_253' title='bbox 577 2491 826 2555; x_wconf 84' lang='lat' dir='ltr'><strong>caritate</strong></span> <span class='ocrx_word' id='word_1_254' title='bbox 851 2492 932 2553; x_wconf 89' lang='lat' dir='ltr'><strong>ad</strong></span> <span class='ocrx_word' id='word_1_255' title='bbox 962 2490 1143 2554; x_wconf 89' lang='lat' dir='ltr'><strong>huius</strong></span> <span class='ocrx_word' id='word_1_256' title='bbox 1172 2495 1431 2555; x_wconf 91' lang='lat' dir='ltr'><strong>salutem</strong></span> <span class='ocrx_word' id='word_1_257' title='bbox 1452 2493 1907 2554; x_wconf 78' lang='lat' dir='ltr'><strong>defendendam</strong></span> <span class='ocrx_word' id='word_1_258' title='bbox 1934 2490 2196 2553; x_wconf 88' lang='lat' dir='ltr'><strong>maxime</strong></span> <span class='ocrx_word' id='word_1_259' title='bbox 2227 2493 2338 2553; x_wconf 84' lang='lat' dir='ltr'><strong>sti·</strong></span> 
     </span>
     <span class='ocr_line' id='line_1_28' title="bbox 253 2574 2342 2652; baseline 0 -14"><span class='ocrx_word' id='word_1_260' title='bbox 253 2575 468 2638; x_wconf 86' lang='lat' dir='ltr'><strong>mulari</strong></span> <span class='ocrx_word' id='word_1_261' title='bbox 509 2592 607 2637; x_wconf 91' lang='lat' dir='ltr'><strong>me</strong></span> <span class='ocrx_word' id='word_1_262' title='bbox 653 2584 839 2651; x_wconf 89' lang='lat' dir='ltr'><strong>atque</strong></span> <span class='ocrx_word' id='word_1_263' title='bbox 885 2574 1157 2637; x_wconf 86' lang='lat' dir='ltr'><strong>excitari.</strong></span> <span class='ocrx_word' id='word_1_264' title='bbox 1242 2577 1394 2637; x_wconf 85' lang='lat' dir='ltr'><strong>Nam</strong></span> <span class='ocrx_word' id='word_1_265' title='bbox 1436 2593 1641 2652; x_wconf 88' lang='lat' dir='ltr'><strong>neque</strong></span> <span class='ocrx_word' id='word_1_266' title='bbox 1674 2576 1793 2637; x_wconf 89' lang='lat' dir='ltr'><strong>illis</strong></span> <span class='ocrx_word' id='word_1_267' title='bbox 1820 2576 2005 2637; x_wconf 88' lang='lat' dir='ltr'><strong>huius</strong></span> <span class='ocrx_word' id='word_1_268' title='bbox 2037 2577 2264 2649; x_wconf 84' lang='lat' dir='ltr'><strong>salute,</strong></span> <span class='ocrx_word' id='word_1_269' title='bbox 2298 2593 2342 2638; x_wconf 88' lang='lat' dir='ltr'><strong>a</strong></span> 
     </span>
     <span class='ocr_line' id='line_1_29' title="bbox 254 2658 2341 2737; baseline -0.001 -13"><span class='ocrx_word' id='word_1_270' title='bbox 254 2678 377 2737; x_wconf 91' lang='lat' dir='ltr'><strong>quo</strong></span> <span class='ocrx_word' id='word_1_271' title='bbox 407 2676 607 2722; x_wconf 91' lang='lat' dir='ltr'><strong>meam</strong></span> <span class='ocrx_word' id='word_1_272' title='bbox 649 2660 852 2722; x_wconf 84' lang='lat' dir='ltr'><strong>sciunt</strong></span> <span class='ocrx_word' id='word_1_273' title='bbox 880 2676 1024 2723; x_wconf 86' lang='lat' dir='ltr'><strong>esse</strong></span> <span class='ocrx_word' id='word_1_274' title='bbox 1053 2661 1368 2722; x_wconf 76' lang='lat' dir='ltr'><strong>defensam</strong></span> <span class='ocrx_word' id='word_1_275' title='bbox 1386 2706 1401 2735; x_wconf 93' lang='lat'><strong>,</strong></span> <span class='ocrx_word' id='word_1_276' title='bbox 1448 2660 1782 2737; x_wconf 87' lang='lat' dir='ltr'><strong>quidquam</strong></span> <span class='ocrx_word' id='word_1_277' title='bbox 1812 2667 1908 2722; x_wconf 87' lang='lat' dir='ltr'><strong>est</strong></span> <span class='ocrx_word' id='word_1_278' title='bbox 1931 2658 2228 2735; x_wconf 82' lang='lat' dir='ltr'><strong>optatius,</strong></span> <span class='ocrx_word' id='word_1_279' title='bbox 2272 2668 2341 2722; x_wconf 88' lang='lat' dir='ltr'><strong>et</strong></span> 
     </span>
     <span class='ocr_line' id='line_1_30' title="bbox 251 2741 2337 2821; baseline -0 -16"><span class='ocrx_word' id='word_1_280' title='bbox 251 2762 367 2821; x_wconf 88' lang='lat' dir='ltr'><strong>ego</strong></span> <span class='ocrx_word' id='word_1_281' title='bbox 396 2745 536 2821; x_wconf 87' lang='lat' dir='ltr'><strong>ipse</strong></span> <span class='ocrx_word' id='word_1_282' title='bbox 566 2743 899 2821; x_wconf 85' lang='lat' dir='ltr'><strong>numquam</strong></span> <span class='ocrx_word' id='word_1_283' title='bbox 930 2744 1068 2805; x_wconf 92' lang='lat' dir='ltr'><strong>illos</strong></span> <span class='ocrx_word' id='word_1_284' title='bbox 1094 2744 1333 2820; x_wconf 89' lang='lat' dir='ltr'><strong>aspicio</strong></span> <span class='ocrx_word' id='word_1_285' title='bbox 1372 2744 1538 2819; x_wconf 91' lang='lat' dir='ltr'><strong>quin,</strong></span> <span class='ocrx_word' id='word_1_286' title='bbox 1574 2761 1759 2821; x_wconf 91' lang='lat' dir='ltr'><strong>quum</strong></span> <span class='ocrx_word' id='word_1_287' title='bbox 1792 2760 1903 2819; x_wconf 90' lang='lat' dir='ltr'><strong>per</strong></span> <span class='ocrx_word' id='word_1_288' title='bbox 1932 2743 2095 2805; x_wconf 88' lang='lat' dir='ltr'><strong>hunc</strong></span> <span class='ocrx_word' id='word_1_289' title='bbox 2126 2759 2224 2803; x_wconf 92' lang='lat' dir='ltr'><strong>me</strong></span> <span class='ocrx_word' id='word_1_290' title='bbox 2253 2741 2337 2804; x_wconf 92' lang='lat' dir='ltr'><strong>iis</strong></span> 
     </span>
     <span class='ocr_line' id='line_1_31' title="bbox 251 2826 2337 2901; baseline -0.001 -12"><span class='ocrx_word' id='word_1_291' title='bbox 251 2837 677 2891; x_wconf 85' lang='lat' dir='ltr'><strong>conservatum</strong></span> <span class='ocrx_word' id='word_1_292' title='bbox 711 2846 856 2891; x_wconf 91' lang='lat' dir='ltr'><strong>esse</strong></span> <span class='ocrx_word' id='word_1_293' title='bbox 878 2827 1270 2901; x_wconf 88' lang='lat' dir='ltr'><strong>meminerim,</strong></span> <span class='ocrx_word' id='word_1_294' title='bbox 1302 2827 1483 2889; x_wconf 90' lang='lat' dir='ltr'><strong>huius</strong></span> <span class='ocrx_word' id='word_1_295' title='bbox 1497 2827 1775 2889; x_wconf 90' lang='lat' dir='ltr'><strong>meritum</strong></span> <span class='ocrx_word' id='word_1_296' title='bbox 1811 2826 1872 2887; x_wconf 92' lang='lat' dir='ltr'><strong>in</strong></span> <span class='ocrx_word' id='word_1_297' title='bbox 1901 2843 1998 2887; x_wconf 92' lang='lat' dir='ltr'><strong>me</strong></span> <span class='ocrx_word' id='word_1_298' title='bbox 2020 2826 2337 2888; x_wconf 87' lang='lat' dir='ltr'><strong>recorder.</strong></span> 
     </span>
    </p>

    <p class='ocr_par' dir='ltr' id='par_1_4' title="bbox 248 2909 2339 3569">
     <span class='ocr_line' id='line_1_32' title="bbox 376 2909 2339 2986; baseline -0.001 -14"><span class='ocrx_word' id='word_1_299' title='bbox 376 2911 676 2986; x_wconf 88' lang='lat' dir='ltr'><strong>Opimium</strong></span> <span class='ocrx_word' id='word_1_300' title='bbox 700 2913 1049 2973; x_wconf 88' lang='lat' dir='ltr'><strong>damnatum</strong></span> <span class='ocrx_word' id='word_1_301' title='bbox 1074 2928 1218 2972; x_wconf 90' lang='lat' dir='ltr'><strong>esse</strong></span> <span class='ocrx_word' id='word_1_302' title='bbox 1243 2926 1705 2986; x_wconf 88' lang='lat' dir='ltr'><strong>commemoras,</strong></span> <span class='ocrx_word' id='word_1_303' title='bbox 1728 2918 2105 2972; x_wconf 90' lang='lat' dir='ltr'><strong>servatorem</strong></span> <span class='ocrx_word' id='word_1_304' title='bbox 2128 2909 2339 2985; x_wconf 89' lang='lat' dir='ltr'><strong>ipsum</strong></span> 
     </span>
     <span class='ocr_line' id='line_1_33' title="bbox 251 2993 2338 3071; baseline -0.001 -16"><span class='ocrx_word' id='word_1_305' title='bbox 251 2993 342 3055; x_wconf 92' lang='lat' dir='ltr'><strong>rei</strong></span> <span class='ocrx_word' id='word_1_306' title='bbox 372 2995 686 3071; x_wconf 68' lang='lat' dir='ltr'><strong>publicam</strong></span> <span class='ocrx_word' id='word_1_307' title='bbox 724 2995 1017 3056; x_wconf 87' lang='lat' dir='ltr'><strong>Calidium</strong></span> <span class='ocrx_word' id='word_1_308' title='bbox 1051 2993 1356 3068; x_wconf 81' lang='lat' dir='ltr'><strong>adiungis,</strong></span> <span class='ocrx_word' id='word_1_309' title='bbox 1387 2995 1560 3056; x_wconf 89' lang='lat' dir='ltr'><strong>cuius</strong></span> <span class='ocrx_word' id='word_1_310' title='bbox 1590 2996 1728 3071; x_wconf 79' lang='lat' dir='ltr'><strong>lege</strong></span> <span class='ocrx_word' id='word_1_311' title='bbox 1760 2995 1828 3069; x_wconf 91' lang='lat' dir='ltr'><strong>Q.</strong></span> <span class='ocrx_word' id='word_1_312' title='bbox 1851 2994 2134 3055; x_wconf 88' lang='lat' dir='ltr'><strong>Metellus</strong></span> <span class='ocrx_word' id='word_1_313' title='bbox 2155 2993 2217 3053; x_wconf 90' lang='lat' dir='ltr'><strong>in</strong></span> <span class='ocrx_word' id='word_1_314' title='bbox 2247 2993 2338 3053; x_wconf 86' lang='lat' dir='ltr'><strong>ei-</strong></span> 
     </span>
     <span class='ocr_line' id='line_1_34' title="bbox 251 3076 2335 3154; baseline -0 -16"><span class='ocrx_word' id='word_1_315' title='bbox 251 3076 499 3138; x_wconf 85' lang='lat' dir='ltr'><strong>vitatem</strong></span> <span class='ocrx_word' id='word_1_316' title='bbox 527 3079 608 3138; x_wconf 88' lang='lat' dir='ltr'><strong>sit</strong></span> <span class='ocrx_word' id='word_1_317' title='bbox 632 3078 977 3138; x_wconf 83' lang='lat' dir='ltr'><strong>restitutus=</strong></span> <span class='ocrx_word' id='word_1_318' title='bbox 1023 3077 1428 3152; x_wconf 87' lang='lat' dir='ltr'><strong>reprehendis</strong></span> <span class='ocrx_word' id='word_1_319' title='bbox 1469 3094 1640 3140; x_wconf 90' lang='lat' dir='ltr'><strong>meas</strong></span> <span class='ocrx_word' id='word_1_320' title='bbox 1669 3094 1783 3154; x_wconf 88' lang='lat' dir='ltr'><strong>pro</strong></span> <span class='ocrx_word' id='word_1_321' title='bbox 1812 3077 2059 3138; x_wconf 89' lang='lat' dir='ltr'><strong>Plancio</strong></span> <span class='ocrx_word' id='word_1_322' title='bbox 2089 3092 2335 3153; x_wconf 88' lang='lat' dir='ltr'><strong>preces,</strong></span> 
     </span>
     <span class='ocr_line' id='line_1_35' title="bbox 254 3159 2337 3237; baseline -0 -15"><span class='ocrx_word' id='word_1_323' title='bbox 254 3162 426 3237; x_wconf 90' lang='lat' dir='ltr'><strong>quod</strong></span> <span class='ocrx_word' id='word_1_324' title='bbox 460 3176 661 3236; x_wconf 92' lang='lat' dir='ltr'><strong>neque</strong></span> <span class='ocrx_word' id='word_1_325' title='bbox 692 3159 968 3234; x_wconf 90' lang='lat' dir='ltr'><strong>Opimius</strong></span> <span class='ocrx_word' id='word_1_326' title='bbox 1012 3178 1126 3221; x_wconf 92' lang='lat' dir='ltr'><strong>suo</strong></span> <span class='ocrx_word' id='word_1_327' title='bbox 1165 3161 1410 3223; x_wconf 89' lang='lat' dir='ltr'><strong>nomine</strong></span> <span class='ocrx_word' id='word_1_328' title='bbox 1438 3162 1731 3224; x_wconf 86' lang='lat' dir='ltr'><strong>liberatus</strong></span> <span class='ocrx_word' id='word_1_329' title='bbox 1791 3160 1873 3222; x_wconf 87' lang='lat' dir='ltr'><strong>sit</strong></span> <span class='ocrx_word' id='word_1_330' title='bbox 1929 3177 2137 3237; x_wconf 91' lang='lat' dir='ltr'><strong>neque</strong></span> <span class='ocrx_word' id='word_1_331' title='bbox 2204 3160 2337 3221; x_wconf 88' lang='lat' dir='ltr'><strong>Me-</strong></span> 
     </span>
     <span class='ocr_line' id='line_1_36' title="bbox 251 3242 2338 3320; baseline 0 -15"><span class='ocrx_word' id='word_1_332' title='bbox 251 3243 377 3305; x_wconf 90' lang='lat' dir='ltr'><strong>telli</strong></span> <span class='ocrx_word' id='word_1_333' title='bbox 408 3242 695 3304; x_wconf 85' lang='lat' dir='ltr'><strong>Calidius.</strong></span> <span class='ocrx_word' id='word_1_334' title='bbox 740 3244 947 3304; x_wconf 91' lang='lat' dir='ltr'>XXIX.</span> <span class='ocrx_word' id='word_1_335' title='bbox 979 3245 1069 3305; x_wconf 94' lang='lat' dir='ltr'><strong>De</strong></span> <span class='ocrx_word' id='word_1_336' title='bbox 1099 3244 1330 3306; x_wconf 88' lang='lat' dir='ltr'><strong>Calidio</strong></span> <span class='ocrx_word' id='word_1_337' title='bbox 1362 3245 1470 3307; x_wconf 90' lang='lat' dir='ltr'><strong>tibi</strong></span> <span class='ocrx_word' id='word_1_338' title='bbox 1497 3253 1727 3308; x_wconf 88' lang='lat' dir='ltr'><strong>tantum</strong></span> <span class='ocrx_word' id='word_1_339' title='bbox 1752 3245 2126 3320; x_wconf 89' lang='lat' dir='ltr'><strong>respondeo,</strong></span> <span class='ocrx_word' id='word_1_340' title='bbox 2160 3244 2338 3319; x_wconf 87' lang='lat' dir='ltr'><strong>quod</strong></span> 
     </span>
     <span class='ocr_line' id='line_1_37' title="bbox 248 3326 2339 3405; baseline 0 -17"><span class='ocrx_word' id='word_1_341' title='bbox 248 3327 388 3403; x_wconf 80' lang='lat' dir='ltr'><strong>ipse</strong></span> <span class='ocrx_word' id='word_1_342' title='bbox 416 3326 574 3388; x_wconf 79' lang='lat' dir='ltr'><strong>vidi:</strong></span> <span class='ocrx_word' id='word_1_343' title='bbox 635 3327 702 3401; x_wconf 92' lang='lat' dir='ltr'><strong>Q.</strong></span> <span class='ocrx_word' id='word_1_344' title='bbox 737 3326 1044 3390; x_wconf 89' lang='lat' dir='ltr'><strong>Metellum</strong></span> <span class='ocrx_word' id='word_1_345' title='bbox 1083 3328 1250 3390; x_wconf 91' lang='lat' dir='ltr'><strong>Pium</strong></span> <span class='ocrx_word' id='word_1_346' title='bbox 1308 3331 1624 3391; x_wconf 89' lang='lat' dir='ltr'><strong>consulem</strong></span> <span class='ocrx_word' id='word_1_347' title='bbox 1683 3328 2004 3405; x_wconf 90' lang='lat' dir='ltr'><strong>praetoriis</strong></span> <span class='ocrx_word' id='word_1_348' title='bbox 2046 3326 2339 3402; x_wconf 81' lang='lat' dir='ltr'><strong>comitiiS,</strong></span> 
     </span>
     <span class='ocr_line' id='line_1_38' title="bbox 251 3410 2339 3489; baseline -0.001 -16"><span class='ocrx_word' id='word_1_349' title='bbox 251 3419 495 3488; x_wconf 88' lang='lat' dir='ltr'><strong>petente</strong></span> <span class='ocrx_word' id='word_1_350' title='bbox 527 3411 595 3485; x_wconf 91' lang='lat' dir='ltr'><strong>Q.</strong></span> <span class='ocrx_word' id='word_1_351' title='bbox 630 3410 891 3487; x_wconf 87' lang='lat' dir='ltr'><strong>Calidio,</strong></span> <span class='ocrx_word' id='word_1_352' title='bbox 936 3414 1169 3489; x_wconf 87' lang='lat' dir='ltr'><strong>populo</strong></span> <span class='ocrx_word' id='word_1_353' title='bbox 1195 3416 1474 3476; x_wconf 89' lang='lat' dir='ltr'><strong>Romano</strong></span> <span class='ocrx_word' id='word_1_354' title='bbox 1511 3412 1929 3488; x_wconf 86' lang='lat' dir='ltr'><strong>supplicasse,</strong></span> <span class='ocrx_word' id='word_1_355' title='bbox 1974 3417 2164 3488; x_wconf 90' lang='lat' dir='ltr'><strong>quum</strong></span> <span class='ocrx_word' id='word_1_356' title='bbox 2194 3410 2339 3487; x_wconf 88' lang='lat' dir='ltr'><strong>qui·</strong></span> 
     </span>
     <span class='ocr_line' id='line_1_39' title="bbox 250 3494 2339 3569; baseline -0 -13"><span class='ocrx_word' id='word_1_357' title='bbox 250 3495 390 3557; x_wconf 89' lang='lat' dir='ltr'><strong>dem</strong></span> <span class='ocrx_word' id='word_1_358' title='bbox 418 3512 542 3556; x_wconf 91' lang='lat' dir='ltr'><strong>non</strong></span> <span class='ocrx_word' id='word_1_359' title='bbox 573 3494 876 3559; x_wconf 85' lang='lat' dir='ltr'><strong>dubitaret</strong></span> <span class='ocrx_word' id='word_1_360' title='bbox 907 3505 968 3560; x_wconf 87' lang='lat' dir='ltr'><strong>et</strong></span> <span class='ocrx_word' id='word_1_361' title='bbox 999 3499 1217 3561; x_wconf 89' lang='lat' dir='ltr'><strong>consul</strong></span> <span class='ocrx_word' id='word_1_362' title='bbox 1250 3506 1313 3561; x_wconf 88' lang='lat' dir='ltr'><strong>et</strong></span> <span class='ocrx_word' id='word_1_363' title='bbox 1340 3498 1522 3559; x_wconf 89' lang='lat' dir='ltr'><strong>homo</strong></span> <span class='ocrx_word' id='word_1_364' title='bbox 1551 3495 1970 3557; x_wconf 82' lang='lat' dir='ltr'><strong>nobilissimus</strong></span> <span class='ocrx_word' id='word_1_365' title='bbox 2003 3501 2339 3569; x_wconf 88' lang='lat' dir='ltr'><strong>patronum</strong></span> 
     </span>
    </p>
   </div>
  </div>
 </body>
</html>
