2514 3928
162 223 228 281 51
764 216 930 276 CAP.
962 222 1031 276 22
1044 249 1127 260 —-
1140 224 1226 274 24.
1266 223 1326 284 s.
1349 227 1418 279 53
1435 247 1522 265 -—
1536 227 1623 280 58.
2120 219 2245 282 159

164 365 276 425 bas
317 364 741 428 auctoritatem
783 366 965 427 huius
1023 366 1290 442 ordiniS,
1349 369 1681 430 addicebas
1744 371 1984 431 tribuno
2040 373 2240 446 plebis

162 451 546 510 consulatum
582 456 779 521 tuum,
824 465 950 510 rem
987 451 1294 526 publicam
1325 454 1674 525 evertebaS,
1715 455 2023 528 prodebas
2053 465 2241 531 caput

159 543 215 595 et
247 535 504 593 salutem
536 549 730 595 meam
763 551 884 594 una
914 536 1198 595 mercede
1223 535 1605 610 provinciae,
1641 536 1694 597 si
1721 538 2085 613 triumphum
2117 557 2239 600 non

158 615 488 691 cupiebas,
536 616 712 679 cuius
759 619 998 679 tandem
1042 628 1102 680 te
1141 619 1232 679 rei
1278 619 1609 695 cupiditate
1638 621 1870 682 arsisse
1899 623 2241 684 defendes?

156 699 363 774 Saepe
394 699 555 761 enim
586 700 728 774 vidi,
759 701 863 778 qui
894 701 1121 763 etmihi
1145 711 1206 764 et
1267 702 1485 771 ceteris
1506 703 1859 779 cupidiores
1885 706 2239 780 provinciae

157 782 522 856 viderentur,
560 784 845 861 triumphi
876 786 1117 848 nomine
1160 795 1368 861 tegere
1396 796 1583 863 atque
1614 789 1815 848 celare
1845 788 2238 863 cupiditatem

155 884 351 928 suam.
401 869 533 931 Hoc
555 870 626 930 D.
662 868 908 931 Silanus
944 872 1162 933 consul
1198 871 1256 943 in
1295 871 1414 932 hoc
1449 871 1686 945 ordine,
1716 872 1834 933 hoc
1865 889 2037 933 meus
2058 873 2239 933 etiam

154 953 392 1027 collega
438 952 698 1015 dicebat.
795 955 1010 1030 Neque
1066 955 1226 1015 enim
1282 954 1610 1032 quisquam
1653 964 1861 1031 potest
1901 958 2239 1018 exercitum

153 1051 383 1111 cupere
407 1046 745 1112 aperteque
769 1047 994 1112 petere,
1027 1047 1093 1099 ut
1120 1055 1242 1098 non
1270 1047 1587 1114 praetexat
1610 1039 2006 1115 cupiditatem
2030 1041 2231 1102 trium-

155 1118 283 1193 phi.
369 1118 472 1181 57.
522 1119 699 1193 Quod
734 1120 797 1189 si
827 1129 885 1180 te
921 1127 1172 1181 senatus
1210 1124 1601 1198 populusque
1630 1124 1942 1186 Romanus
1973 1134 2078 1186 aut
2110 1143 2232 1186 non

151 1210 544 1276 appetentem
591 1210 696 1263 aut
737 1201 916 1261 etiam
945 1212 1333 1263 recusantem
1363 1204 1585 1265 bellum
1615 1206 1960 1280 suscipere,
2002 1209 2236 1270 exerci-

156 1293 281 1343 tum
306 1286 535 1347 ducere
559 1283 885 1357 coegisset,
916 1292 1113 1344 tamen
1150 1292 1281 1344 erat
1300 1286 1543 1358 angusti
1573 1287 1754 1346 animi
1776 1297 1961 1363 atque
1985 1292 2236 1351 demissi

157 1365 302 1426 iusti
335 1365 619 1440 triumphi
656 1366 953 1426 honorem
980 1367 1457 1443 dignitatemque
1498 1377 1906 1430 contemnere.
1993 1373 2141 1433 Nam
2174 1383 2240 1435 ut

158 1447 542 1513 levitatisest
559 1448 803 1513 inanem
823 1451 1118 1526 aucupari
1134 1467 1444 1511 ‘rumorem
1467 1459 1529 1511 et
1555 1467 1769 1512 omnes
1795 1454 2038 1514 umbras
2061 1457 2243 1516 etiam

154 1538 353 1598 falsae
378 1534 615 1611 gloriae
638 1535 1002 1607 consectari,
1037 1536 1126 1595 sic
1150 1542 1248 1596 est
1306 1534 1467 1594 levis*
1516 1534 1702 1594 animi
1736 1537 1932 1607 lucem
1959 1537 2245 1611 splendo-

153 1636 409 1695 remque
445 1619 735 1696 l'ugientis
766 1619 986 1683 iustam
1017 1619 1305 1695 gloriam,
1342 1618 1447 1694 qui
1471 1627 1567 1680 est
1590 1621 1826 1681 fructus
1850 1635 2040 1680 verae
2065 1619 2248 1681 virtu·

151 1703 225 1764 tis
251 1703 748 1783 honestissimuS,
789 1703 1134 1778 repudiare.
1186 1704 1386 1778 Quum
1418 1719 1568 1764 vero
1602 1705 1943 1765 non‘modo
1983 1720 2107 1765 non
2136 1720 2245 1780 po·

149 1790 421 1849 stulante
442 1795 630 1864 atque
650 1795 931 1863 cogente,
957 1789 1070 1848 sed
1096 1788 1288 1849 invito
1313 1793 1501 1863 atque
1520 1788 1827 1865 oppresso
1855 1796 2092 1858 senatu,
2121 1805 2243 1848 non

147 1872 336 1933 modo
374 1875 545 1933 nullo,
580 1871 796 1948 populi
828 1872 1088 1932 Romani
1119 1872 1356 1942 studio,
1399 1873 1514 1932 sed
1546 1875 1713 1933 nullo
1752 1876 1986 1933 ferente
2024 1871 2244 1934 suffra·

146 1956 315 2031 gium
347 1957 574 2031 libero,
607 1955 930 2032 provincia
957 1956 1064 2017 tibi
1094 1954 1212 2018 ista
1241 1956 1692 2034 manupretium
1724 1957 1909 2018 fuerit
1942 1974 2068 2018 non
2102 2000 2242 2015 .....

145 2041 265 2100 sed
291 2056 550 2102 eversae
575 2057 688 2116 per
701 2048 764 2102 te
788 2049 848 2101 et
871 2040 1148 2116 perditae
1171 2040 1453 2113 civitatis,
1478 2055 1793 2121 quumque
1818 2042 2087 2103 omnium
2114 2048 2244 2101 tuo-

145 2140 288 2183 rum
312 2127 620 2184 scelerum
653 2125 808 2185 haec
841 2124 1049 2201 pactio
1085 2124 1418 2193 exstiterit,
1458 2134 1553 2194 ut,
1586 2124 1639 2186 si
1665 2132 1731 2187 tu
1760 2133 1948 2187 totam
1972 2142 2103 2185 rem
2136 2141 2244 2200 pu·

143 2208 372 2269 blicam
396 2208 647 2269 nefariis
669 2209 1012 2271 latronibus
1048 2209 1429 2280 tradidisseS,
1464 2210 1827 2270 Macedonia
1861 2209 1967 2270 tibi
2004 2209 2084 2269 ob
2109 2224 2245 2269 eam

147 2308 284 2353 rem
316 2293 541 2366 quibus
582 2300 647 2353 tu
691 2294 883 2353 velles
923 2293 1148 2353 finibus
1190 2295 1562 2363 traderetur,
1611 2312 1800 2370 quum
1836 2292 2246 2354 exhauriebas

145 2375 486 2447 aerarium,
534 2392 721 2451 quum
758 2375 1023 2437 orbabas
1051 2376 1282 2437 ltaliam
1315 2378 1660 2451 iuventute,
1692 2391 1879 2451 quum
1923 2391 2089 2438 mare
2131 2389 2239 2432 va·-

145 2457 491 2522 stissimum
523 2452 723 2521 hieme
750 2460 1074 2532 transibas,
1105 2458 1159 2520 si
1190 2460 1557 2535 triumphum
1587 2459 2042 2530 contemnebas,
2079 2471 2239 2533 quae

145 2554 232 2615 te,
270 2542 501 2618 praedo
533 2541 965 2614 amentissime,
997 2541 1116 2602 nisi
1151 2544 1417 2617 praedae
1448 2560 1519 2602 ac
1554 2542 1905 2616 rapinarum
1933 2539 2238 2614 cupiditas

146 2638 276 2687 tam
310 2642 498 2688 caeca
524 2625 806 2702 rapiebat
825 2632 855 2684 ’ἒ
884 2623 986 2688 58.
1017 2626 1151 2686 Non
1186 2633 1284 2685 est
1313 2624 1610 2699 integrum
1641 2624 1747 2684 Cn.
1768 2622 2060 2698 Pompeio
2093 2636 2238 2680 con·

145 2710 295 2772 silio
345 2709 461 2770 iam
505 2712 592 2772 uti
632 2719 758 2771 tuo.
844 2707 1084 2770 Erravit
1111 2708 1292 2769 enim.
1378 2708 1512 2769 Non
1554 2715 1834 2782 gustarat·
1868 2705 2046 2766 istam
2080 2713 2241 2766 tuam

147 2791 635 2871 philosophiam.
721 2794 837 2853 Ter
868 2791 990 2853 iam
1017 2792 1201 2854 homo
1236 2792 1456 2853 stultus
1489 2789 1897 2864 triumphavit.
2000 2788 2242 2863 Crasse,

149 2877 355 2954 pudet
383 2892 479 2937 me
511 2876 613 2938 tui.
702 2875 859 2952 Quid
907 2885 1002 2937 est
1041 2877 1209 2953 quod
1255 2877 1536 2937 consecto
1569 2882 1769 2949 perte
1800 2870 2241 2934 formidolosi&

149 2963 319 3023 simo
369 2960 530 3022 bello
579 2976 872 3022 coronam
915 2960 1077 3019 illam
1126 2962 1394 3020 lauream
1435 2958 1542 3021 tibi
1575 2965 1742 3020 tanto
1773 2973 1962 3032 opere
1993 2956 2243 3018 decerni

145 3043 433 3106 volueris
463 3062 500 3104 a
535 3051 795 3106 senatu?
831 3043 894 3103 P.
929 3041 1168 3117 Servili,
1198 3044 1266 3118 Q.
1295 3044 1554 3115 Metelle,
1588 3042 1649 3102 C.
1679 3041 1881 3114 Curio,
1911 3042 1973 3101 L.
2005 3040 2239 3112 Afrani,

149 3144 273 3189 cur
291 3128 456 3189 hunc
499 3145 623 3189 non
648 3126 908 3189 audistis
949 3134 1069 3187 tam
1099 3128 1345 3188 doctum
1388 3126 1723 3198 hominem,
1764 3135 1884 3187 tam
1920 3126 2243 3195 eruditum,

150 3210 334 3289 prius
368 3229 550 3287 quam
573 3213 630 3272 in
655 3212 837 3273 istum
863 3227 1132 3272 errorem
1154 3209 1637 3271 induceremini?
1666 3209 1727 3269 C.
1755 3208 1875 3283 ipsi
1902 3208 2238 3282 Pomptin0,

150 3294 518 3372 necessario
561 3312 730 3369 meo,
777 3294 896 3355 iam
939 3311 1060 3354 non
1106 3303 1201 3355 est
1242 3293 1573 3369 integrum=
1627 3290 2024 3365 religionibus
2082 3287 2240 3345 enim

150 3379 475 3455 susceptis
503 3379 849 3455 impeditur.
932 3377 986 3438 Ο
1017 3380 1236 3439 stultos
1272 3377 1587 3447 CamilloS,
1624 3374 1872 3443 CurioS,
1907 3368 2239 3430 Fabricios,

144 3461 493 3538 Calatinos,
524 3462 868 3539 Scipiones,
903 3461 1260 3534 Marcellos,
1291 3460 1627 3521 Maximos!
1677 3473 1714 3517 o
1743 3460 2041 3513 amentem
2070 3444 2235 3503 Paul·
