2514 3928
950 313 1335 399 PROOEMIUst
1368 312 1680 364 Eanoms.
2271 326 2366 369 ¹111

264 448 327 504 'in
367 451 688 518 Traqicorum
723 452 1015 502 Latinorum
1048 452 1273 514 reliquiis
1307 465 1358 514 p.
1399 449 1468 501 36
1502 466 1636 514 sqq„
1677 451 1912 500 revocavi
1947 465 2098 514 quarn
2134 450 2251 500 olim
2287 452 2365 501 in-

266 522 407 572 iuria
435 523 635 572 deserui
659 521 987 585 scripturam:
1022 519 1215 569 Medea
1240 521 1399 568 animo
1423 534 1603 585 aegra,
1627 534 1796 569 amore
1822 534 1973 569 saevo
2002 522 2195 572 saucia.
2228 521 2363 570 Vide

264 591 427 641 etiam
457 590 542 639 lib.
590 590 662 639 ad
692 590 747 642 C.
786 589 1091 640 Herennium
1124 589 1184 641 11.
1219 603 1329 652 cap.
1370 590 1455 638 22.
1493 591 1545 650 5.
1588 588 1672 639 34.
1705 598 1753 638 et
1790 603 1917 651 quae
1948 589 2015 637 ad
2044 604 2160 637 eum
2193 587 2363 638 locum

262 664 636 710 commentatus
673 673 785 708 sum
823 660 875 707 in
909 672 1136 723 prooem.
1171 670 1304 721 part.
1339 658 1375 706 1.
1414 657 1513 707 vol.
1550 658 1590 710 1.
1629 672 1683 721 p.
1723 657 1836 707 v11.
1910 656 2029 706 Mox
2065 659 2112 718 5.
2147 656 2233 710 19.
2273 674 2362 707 ar-

262 728 482 777 cessitus
518 729 704 791 scripsi
741 742 833 792 pro
869 728 1146 777 accersitus
1182 741 1393 788 eamque
1438 726 1736 790 scripturam
1772 739 1975 789 semper
2015 726 2066 773 in
2103 723 2361 776 Ciceronis

264 795 478 860 scriptis
525 796 735 849 obtinui.
807 797 940 846 Vide
980 810 1109 858 quae
1159 794 1222 844 de
1259 794 1366 844 hac,
1400 810 1455 843 re
1490 795 1674 858 scripsi
1712 796 1761 843 in
1806 793 1999 843 Lea-ico
2028 794 2217 844 Latino
2257 811 2362 846 meo

273 863 373 916 vol.
412 864 454 916 1.
491 879 543 929 p.
575 864 679 916 496
705 879 780 927 sq.
839 864 958 929 Cap.
986 864 1071 919 10.
1106 864 1158 926 5.
1191 865 1277 914 24.
1312 863 1453 914 nolui
1488 864 1541 912 in
1577 863 1675 912 hac
1709 862 1933 913 editione
1968 863 2234 912 iuvenibus
2268 878 2360 927 po-

266 933 525 984 tissimum
564 943 737 998 parata
763 933 930 982 locum
957 931 1056 982 hac
1080 933 1211 982 tristi
1242 935 1431 997 specie,
1470 932 1912 1007 quamppraecepit
1937 930 2222 996 Madvigius
2248 931 2283 980 l.
2311 949 2358 985 c.

267 1018 323 1067 p.
344 999 496 1054 393.:
529 1000 667 1054 Titus
697 1003 943 1068 Gaiusque
971 999 1086 1060 **†
1122 1005 1250 1053 omni
1278 1017 1383 1052 eum
1413 1002 1643 1052 doctrina
1670 1001 1810 1051 homo
1838 1008 1990 1065 acque
2021 999 2358 1066 Ιιειηιαηίιατίε,

268 1069 568 1134 relinquere,
614 1071 706 1122 sed
741 1071 1182 1136 interpolationem
1221 1070 1377 1138 vulgo
1403 1070 1643 1120 traditam
1678 1071 1880 1120 retinui.
1929 1068 1990 1117 Et
2021 1069 2085 1119 de
2122 1068 2360 1133 Coponiis

269 1140 510 1197 fratribus
551 1147 684 1192 recte
729 1140 856 1190 mihi
892 1140 990 1190 hoc
1026 1139 1137 1190 loco
1171 1141 1455 1190 coniectum
1497 1155 1610 1191 esse
1641 1139 1873 1201 videtur,
1922 1138 1966 1187 si
2004 1152 2359 1202 comparamus

268 1207 438 1257 locum
473 1210 710 1259 orationis
750 1223 852 1272 pro
887 1209 954 1258 L.
989 1208 1154 1258 Balbo
1186 1223 1295 1273 cap.
1336 1207 1422 1268 23,
1460 1207 1545 1261 53.
1621 1207 1747 1272 Cap.
1788 1207 1875 1264 11.
1913 1209 1966 1268 5.
2000 1208 2086 1259 25.
2124 1207 2361 1259 revocavi

268 1291 402 1326 nunc
434 1283 483 1327 et
517 1279 604 1342 qui
630 1301 701 1314 —
723 1279 853 1339 fuit,
902 1277 1039 1338 quod
1075 1284 1151 1325 est
1191 1277 1517 1340 aptissimum
1551 1277 1618 1326 ad
1652 1277 1955 1326 sententiam
2002 1275 2103 1325 loci
2144 1291 2237 1340 pro
2278 1291 2359 1336 eo,

196 1403 205 1410 .
271 1345 411 1406 quod
433 1347 736 1409 optimorum
763 1345 1007 1392 librorum
1044 1344 1255 1403 indicio,
1292 1345 1380 1404 qui
1415 1353 1468 1393 ut
1499 1358 1589 1408 pro
1627 1353 1678 1396 et
1708 1344 1914 1405 habent,
1944 1346 2204 1409 superiore
2231 1351 2360 1393 tem-

272 1427 399 1474 pore
434 1412 737 1475 scripseram
771 1418 826 1460 αἱ
860 1413 945 1474 qai
966 1437 1029 1447 —
1049 1412 1223 1474 fuerit.
1278 1410 1426 1468 Quod
1452 1420 1617 1460 autem
1652 1412 1828 1461 eodem
1864 1427 1975 1476 cap.
2014 1414 2066 1474 5.
2098 1415 2186 1464 27.
2226 1427 2360 1461 nunc

274 1479 434 1528 verba
482 1480 570 1544 qui
601 1481 651 1529 in
684 1479 845 1530 hortis
876 1478 1038 1541 fuerit
1077 1479 1223 1528 uncis
1256 1477 1465 1543 inclusi,
1512 1479 1566 1529 id
1597 1493 1700 1528 non
1741 1495 1802 1528 eo
1848 1488 2069 1544 spectat,
2116 1490 2171 1530 ut
2206 1482 2362 1531 verba

270 1545 398 1598 haec
438 1563 539 1597 non
578 1549 779 1599 credam
817 1562 931 1597 esse
963 1547 1218 1606 Tulliana,
1255 1546 1351 1596 sed
1376 1547 1511 1596 volui
1549 1554 1744 1597 tantum
1782 1550 1931 1597 modo
1966 1548 2020 1597 id
2055 1549 2361 1614 siguificare,

267 1631 369 1666 non
415 1631 530 1666 esse
566 1616 654 1666 illa
690 1619 742 1666 in
780 1616 949 1681 tibris,
987 1618 1079 1669 sed
1114 1616 1207 1666 uiti
1238 1615 1348 1665 sola
1384 1615 1567 1666 Donati
1605 1618 1930 1677 auctoritate,
1979 1621 2065 1678 qui
2102 1633 2162 1665 ea
2197 1617 2362 1668 adfert

265 1687 333 1735 ad
368 1684 586 1735 Terentii
622 1685 877 1751 Hecyram
911 1695 1012 1739 act.
1050 1685 1137 1737 IV.
1175 1699 1249 1735 sc.
1281 1685 1320 1733 I.
1362 1701 1409 1735 v.
1442 1684 1528 1739 36.
1564 1685 1755 1735 omisso
1794 1685 1951 1734 altero
1988 1686 2243 1735 membro:
2280 1688 2365 1749 qm·

262 1755 444 1804 nullum
476 1756 742 1805 convivium
775 1756 1015 1808 renuerit.
1091 1755 1166 1804 De
1201 1752 1366 1804 hortis
1404 1755 1505 1804 iam
1543 1752 1759 1805 Orellius
1798 1762 1932 1804 recte
1970 1754 2179 1804 contulit
2210 1753 2362 1803 huius

263 1824 505 1872 orationis
534 1824 584 1885 5.
610 1822 696 1875 36.
738 1831 786 1873 et
820 1823 908 1878 49.
946 1822 1139 1888 Scripsi
1179 1831 1348 1873 autem
1385 1823 1483 1874 hoc
1518 1823 1632 1874 loco
1664 1839 1797 1873 nuno
1832 1823 2114 1886 respondeo
2150 1838 2264 1873 cum
2302 1821 2361 1872 li-

261 1892 370 1942 bris
404 1889 682 1954 Ciceronis,
720 1908 876 1955 quum
911 1892 1227 1956 respondebo
1262 1891 1376 1941 sola
1409 1892 1507 1942 levi
1542 1894 1593 1941 in
1629 1892 1725 1942 hac
1759 1909 1814 1943 re
1844 1893 2143 1943 auctoritate
2177 1884 2368 1943 Donass

261 1960 353 2010 niti
386 1961 661 2013 videretur.
701 1959 824 2027 Cap.
858 1960 942 2014 15.
977 1962 1030 2025 5.
1056 1959 1146 2013 36.
1183 1961 1236 2011 in
1268 1960 1379 2011 loco
1416 1961 1691 2012 admodum
1724 1961 1879 2013 dubio
1911 1978 2023 2012 eam
2052 1963 2359 2028 scripturam

261 2032 478 2089 servavi,
517 2046 668 2095 quam
701 2032 803 2081 iam
840 2030 961 2081 olim
990 2045 1280 2095 receperam
1306 2045 1338 2079 a
1368 2030 1628 2097 Madvigio
1656 2040 1978 2097 praeceptam
2016 2031 2050 2081 l.
2082 2047 2126 2084 c.
2155 2047 2208 2096 p.
2238 2030 2344 2084 394

262 2097 427 2148 Aliter
457 2107 741 2150 statuerunt
782 2100 972 2149 Bauius
1009 2100 1096 2150 lib.
1137 2100 1177 2151 1.
1213 2114 1270 2164 p.
1308 2101 1395 2150 24.
1431 2107 1479 2150 et
1511 2099 1699 2150 Bakius
1734 2102 1769 2155 1.
1810 2117 1854 2155 c.
1894 2100 1994 2150 vol.
2025 2101 2108 2149 111.
2147 2115 2198 2164 p.
2237 2098 2357 2150 296.

262 2180 391 2247 Cap.
426 2183 505 2232 17.
533 2184 583 2243 5.
614 2182 729 2243 39.-
745 2184 979 2249 rescripsi
1007 2185 1231 2235 convivia
1260 2184 1588 2235 delectarent.
1627 2184 1795 2235 Facile
1828 2185 1960 2233 enim
1989 2182 2127 2235 CON
2131 2183 2217 2249 Vl
2220 2185 2307 2234 VI
2311 2188 2362 2235 V

261 2259 315 2301 et
363 2249 721 2302 OONVIVIA
761 2254 813 2301 in
849 2252 979 2302 libro
1013 2253 1318 2320 Taurinensi
1352 2253 1596 2304 confundi
1632 2261 1922 2319 potuerunt.
1988 2253 2239 2302 Numerus
2270 2270 2358 2303 au-

261 2328 364 2370 tem
410 2320 619 2385 pluralis
655 2322 818 2385 aptior
859 2321 982 2371 huic
1023 2321 1135 2372 loco
1178 2323 1380 2372 videtur
1415 2322 1655 2386 esse.‚cf.
1696 2324 1848 2372 etiam
1891 2337 2003 2387 cap.
2043 2322 2129 2373 20.
2176 2321 2227 2383 5.
2268 2321 2354 2372 49.

260 2388 384 2454 Cap.
414 2387 497 2439 18.
532 2392 582 2450 5.
603 2391 690 2442 42.
726 2389 996 2455 postposui
1029 2404 1162 2439 nunc
1188 2390 1328 2453 quod
1365 2390 1552 2457 legitur
1587 2394 1639 2442 in
1670 2392 2000 2458 palimpsesto
2025 2391 2354 2440 Taurinensiz

259 2457 412 2508 detur
439 2459 597 2522 aliqui
624 2459 771 2509 ludus
807 2460 986 2516 aetati,
1019 2458 1156 2522 quod
1186 2467 1323 2509 reete
1357 2460 1488 2510 dixit
1516 2459 1733 2512 Orellius
1770 2476 1883 2510 esse
1909 2461 2118 2524 petitum
2152 2473 2216 2509 ex
2238 2475 2351 2523 cap.

263 2527 348 2577 12.
387 2528 439 2589 5.
479 2525 588 2586 28..
653 2535 932 2578 ceterorum
972 2528 1218 2578 librorum
1253 2527 1565 2595 auctoritati,
1604 2531 1691 2593 qui
1726 2528 1939 2580 habent:
1981 2529 2128 2579 detur
2161 2528 2360 2593 aliquid

260 2598 438 2646 aetati.
510 2594 684 2645 Paullo
714 2604 832 2660 post
865 2596 918 2658 5.
959 2594 1045 2647 43.
1083 2598 1175 2647 etsi
1217 2598 1355 2660 quod
1390 2607 1467 2649 est
1498 2600 1549 2648 in
1586 2599 1754 2650 libris:
1800 2614 1871 2649 ex
1908 2596 2083 2663 quibus
2125 2600 2357 2647 neminem

259 2664 377 2715 mihi
413 2666 567 2729 liquet
597 2666 880 2724 nominare,
920 2665 1128 2716 defendi
1162 2666 1384 2728 quodam
1419 2667 1572 2718 modo
1608 2668 1773 2733 possit
1809 2666 2108 2717 Terentii
2146 2666 2253 2714 loco
2290 2680 2354 2714 ex

259 2732 502 2784 Eunucho
537 2741 635 2784 act.
667 2734 730 2785 11.
765 2749 837 2786 sc.
862 2733 914 2785 3.
949 2750 998 2785 v.
1025 2732 1110 2788 39.
1151 2733 1298 2785 Illum
1326 2737 1481 2802 liquet
1507 2738 1574 2787 mi
1607 2739 1844 2789 deierare
1876 2735 1953 2786 his
1987 2734 2229 2784 mensibus
2257 2748 2355 2785 sea:

259 2808 446 2864 septem
485 2818 706 2868 prorsus
738 2818 837 2854 non
877 2802 1063 2854 vidisse
1090 2806 1380 2867 proximis„
1422 2806 1609 2870 scripsi
1641 2814 1812 2856 tamen
1847 2820 1979 2853 nunc
2015 2803 2134 2854 libet
2164 2818 2256 2867 pro
2294 2806 2354 2852 11·-

261 2877 395 2934 φεῖ,
426 2872 561 2933 quod
586 2871 786 2921 videtur
807 2872 973 2937 primo
996 2874 1135 2938 linet,
1159 2880 1267 2923 tum
1301 2875 1456 2939 lt‘quet
1480 2876 1721 2941 scriptum
1748 2888 1882 2924 esse.
1922 2871 2045 2937 Cap.
2071 2872 2155 2923 20.
2188 2873 2238 2933 5.
2263 2872 2349 2922 49.

259 2940 498 3005 rescripsi
522 2954 683 2991 nunc:
716 2942 841 2991 siin
873 2940 1014 2995 urbe.
1055 2942 1228 2992 Facile
1255 2944 1391 2992 enim
1427 2940 1503 2993 ln
1530 2958 1646 3008 post
1680 2940 1743 2994 sl
1778 2950 1827 2992 et
1856 2949 1970 2991 ante
2002 2941 2149 2997 urbe
2187 2940 2350 2991 omitti
2409 2951 2415 2962 ⁴

256 3010 442 3072 potuit.
481 3010 529 3071 5.
555 3009 639 3061 50.
680 3018 903 3059 extrema
936 3012 1092 3060 verba
1127 3012 1230 3061 iam
1264 3013 1336 3061 ita
1366 3014 1569 3077 scripsi,
1608 3028 1757 3076 quem
1785 3012 1852 3062 ad
1882 3011 2085 3061 modum
2115 3008 2203 3059 illa
2229 3010 2330 3058 scri
2406 3025 2411 3030 ·

256 3076 426 3128 benda
459 3093 573 3129 esse
597 3079 813 3128 coniecit
839 3079 1126 3146 Madvigius
1163 3080 1198 3130 l.
1237 3096 1284 3131 c.
1310 3096 1366 3146 p.
1399 3081 1521 3133 400.
1565 3080 1690 3147 Cap.
1718 3082 1803 3131 21.
1842 3081 1889 3142 5.
1922 3080 2006 3131 51.
2034 3079 2183 3144 plura
2218 3092 2353 3127 nunc
2406 3089 2410 3093 ’

255 3145 403 3197 aliter
437 3146 789 3199 constituenda
820 3163 932 3198 esse
969 3149 1285 3200 existimavit
1320 3150 1515 3200 Rauius
1542 3151 1574 3200 l.
1610 3167 1655 3200 c.
1680 3150 1782 3201 vol.
1808 3150 1873 3200 11.
1907 3163 1960 3214 p.
1993 3148 2087 3199 101
2120 3162 2198 3210 sq.
2239 3145 2350 3211 Ego
2402 3199 2406 3226 Ι

256 3222 464 3267 secutus
500 3230 613 3265 sum
648 3216 895 3283 Madvigii
936 3220 1182 3268 rationem
1214 3219 1423 3276 eodem,
1462 3234 1563 3281 quo
1606 3221 1655 3269 in
1695 3218 1955 3283 superiore
1992 3218 2214 3266 editione
2251 3213 2351 3264 feci
2400 3274 2404 3282 Ι

255 3284 440 3345 modo,
477 3284 579 3334 nisi
607 3286 744 3349 quod
773 3301 905 3335 nunc
940 3289 1093 3336 etiam
1129 3289 1478 3350 sempiternam
1509 3302 1601 3353 pro
1631 3288 1920 3349 sempiterni
1945 3284 2146 3349 scripsi.
2221 3281 2345 3344 Cap.
2398 3339 2402 3348 ,

255 3352 345 3428 22Δῧ
379 3353 435 3416 5.
463 3354 547 3404 54.
589 3354 742 3404 etiam
777 3369 911 3405 nnnc
940 3355 1126 3405 retinui
1161 3355 1300 3418 quod
1335 3365 1410 3405 est
1443 3357 1494 3404 in
1528 3356 1734 3422 optimis
1771 3355 1914 3404 libris
1948 3355 2129 3402 leniter
2156 3350 2344 3414 smel.
2395 3391 2401 3424 ¹

258 3419 454 3471 Dicitur
479 3422 534 3473 id
565 3424 753 3477 maiore
783 3423 1014 3473 irrisione
1043 3438 1194 3486 quam
1218 3423 1264 3473 si
1288 3422 1511 3489 legeres:
1544 3426 1723 3475 leviter
1749 3424 1935 3485 ferret.
1972 3422 2184 3470 Leniter
2214 3415 2346 3464 enim
2395 3467 2399 3486 ζ

257 3489 401 3541 ferre
435 3499 514 3540 est
543 3492 656 3540 mit
685 3489 1149 3541 Gelassenheit
1185 3499 1527 3555 attagen,
1565 3492 1703 3553 quod
1736 3490 1889 3537 habet
1917 3486 2018 3534 hoc
2054 3483 2344 3556 opppsitum

255 3556 565 3610 vehementer
599 3561 908 3619 conmoveri,
955 3560 1132 3610 leviter
1157 3560 1308 3620 serre
1347 3566 1425 3606 est
1453 3559 1562 3606 mit
1598 3548 2211 3614 Gleichgfiltlsskffl‘
2247 3553 2344 3583 θ’·
