2514 3928
271 193 400 254 426
559 191 634 249 IN
662 191 743 249 Μ.
773 189 1176 250 ANTONIUM
1207 188 1494 250 ORATIO
1525 187 1947 248 PHILIPPICA
1979 188 2083 247 XI.
2292 197 2408 251 128

269 344 332 405 6.
367 342 513 403 Cum
545 342 663 401 hoe
693 340 871 401 hoste
905 339 1254 400 bellandum
1286 348 1400 411 est,
1432 338 1607 399 euius
1631 339 1973 400 taeterrIma
1996 339 2402 399 erudelitate

270 424 474 486 omnis
511 422 793 484 barbaria
833 430 1123 497 superata
1152 431 1265 483 est.
1357 421 1513 496 Quid
1544 423 1763 498 loquar
1791 423 1868 482 de
1902 423 2102 482 caede
2139 421 2398 483 civium

271 510 727 570 Romanorum?
768 506 845 565 de
886 506 1228 580 direptione
1277 507 1597 566 sanorum?
1658 505 1806 581 Quis
1848 514 1942 566 est
1971 506 2081 580 qui
2119 521 2255 579 pro
2292 522 2395 566 re-

270 608 401 651 rum
436 589 751 654 atrocitate
786 590 1110 664 deplorare
1143 597 1342 650 tantas
1372 588 1745 651 calamitates
1783 595 2009 664 queat?
2098 589 2182 648 Et
2210 605 2392 650 nune

272 682 398 735 tota
435 672 587 733 Asia
630 682 915 749 vagatur,
969 672 1180 734 volitat
1218 683 1287 733 ut
1328 689 1470 733 rex:
1534 689 1651 738 nos
1693 672 1813 733 alio
1861 672 2023 744 bello
2080 671 2390 732 distineri

271 765 468 833 putat:
539 756 721 831 quasi
749 772 896 816 vero
930 772 1052 818 non
1085 773 1272 816 unum
1304 754 1593 831 idemque
1626 756 1852 817 bellum
1883 753 1963 817 sit
1992 764 2226 815 eontra
2262 756 2389 817 hoc

271 840 478 916 iugum
522 839 844 915 impiorum
888 837 1206 900 nefarium.
1295 839 1396 898 111.
1442 839 1777 915 Imaginem>
1805 840 1886 903 M.
1916 838 2181 899 Antonii
2237 855 2385 899 cru·

275 924 542 985 delitatis
570 922 629 982 in
661 923 978 984 Dolabella
1009 922 1287 983 cernitis:
1332 938 1411 983 ex
1441 922 1562 983 hoe
1589 922 1692 982 illa
1720 923 1922 984 efficta
1953 931 2079 981 est:
2129 922 2219 982 ab
2257 922 2383 982 hoe

274 1007 624 1068 Dolabellae
655 1007 954 1067 scelerum
986 1012 1320 1081 praecepta
1350 1014 1496 1067 sunt
1522 1005 1760 1067 tradita.
1845 1006 2001 1065 Num
2036 1003 2378 1077 leniorem,

274 1106 457 1163 quam
491 1090 549 1148 in
585 1089 737 1149 Asia
768 1088 1086 1149 Dolabella
1115 1089 1253 1163 fuit,
1297 1088 1358 1149 in
1392 1090 1590 1162 Italia,
1631 1090 1683 1148 si
1715 1088 1923 1162 liceat,
1956 1088 2093 1149 sore
2129 1090 2376 1163 putatis

266 1171 640 1233 Antonium?
723 1170 870 1231 Mihi
915 1172 1162 1246 quidem
1201 1180 1264 1233 et
1289 1170 1391 1238 ille
1427 1171 1790 1248 pervenisse
1818 1170 2096 1245 videtur,
2148 1172 2373 1247 quoad

268 1254 556 1330 progredi
588 1253 853 1329 potuerit
882 1254 993 1316 seri
1012 1254 1276 1316 hominis
1302 1256 1580 1329 amentia,
1606 1272 1809 1330 neque
1830 1255 2149 1316 Antonius
2173 1256 2369 1316 ullius

272 1336 560 1413 supplicii
584 1337 1024 1410 adhibendi„si
1054 1334 1416 1414 potestatem
1451 1339 1687 1414 habeat,
1720 1339 1899 1398 ullam
1933 1354 2084 1399 esse
2116 1347 2365 1413 partem

266 1420 608 1484 relicturus.
693 1418 752 1482 7.
792 1420 1004 1482 Ponite
1049 1422 1230 1496 igitur
1272 1430 1412 1482 ante
1453 1424 1700 1495 oeu108‚
1752 1429 1957 1496 patres
1989 1421 2363 1497 conscripti,

270 1504 552 1566 miseram
578 1505 740 1565 illam
774 1503 1021 1579 quidem
1053 1513 1115 1567 et
1140 1504 1406 1565 flebilem
1431 1504 1722 1580 speeiem,
1758 1506 1870 1564 sed
1893 1505 1971 1563 ad
1996 1504 2363 1566 incitandos

268 1593 519 1647 nostros
562 1587 799 1648 animos
832 1589 1273 1650 necessarimm
1318 1596 1678 1649 nocturnum
1707 1588 2003 1662 impetum
2033 1585 2097 1646 in
2138 1588 2359 1649 urbem

267 1669 455 1729 Asiae
500 1669 931 1743 clarissimam,
972 1669 1367 1746 irruptionem
1403 1680 1767 1734 armatorum
1812 1670 1871 1730 in
1908 1670 2206 1731 Trebonii
2250 1673 2357 1733 do·

267 1767 462 1826 mum,
508 1771 692 1827 quum
724 1751 910 1814 miser
937 1753 1040 1814 ille
1071 1751 1241 1828 prius
1269 1755 1573 1820 latronum>
1602 1754 1845 1829 gladios
1875 1751 2136 1826 videret,
2171 1770 2357 1830 quam

266 1851 426 1909 quae
449 1851 556 1894 res
583 1844 752 1898 esset
774 1835 1080 1897 audisset=
1118 1835 1372 1897 furentiS
1395 1836 1703 1898 introitum
1726 1835 2100 1908 Dolabellae,
2133 1853 2354 1898 voeem

265 1916 562 1992 impuram
608 1929 795 1994 atque
842 1935 915 1980 os
948 1918 1097 1982 illud
1133 1918 1380 2001 infame,
1409 1917 1678 1993 vincula,
1703 1920 1999 1992 verbera,
2041 1922 2355 1995 eculeum,

266 2009 552 2063 tortorem
585 2002 1058 2078 carnificemque
1089 2002 1480 2064 Samiarium=
1527 2021 1686 2078 quae
1715 2003 1929 2065 tulisse
1974 2003 2154 2063 illum
2187 2004 2353 2066 forti·

263 2091 355 2144 ter
382 2094 444 2145 et
469 2085 771 2161 patienter
797 2087 1015 2147 ferunt.
1101 2087 1323 2162 Magna
1354 2088 1487 2147 laus
1511 2103 1781 2161 meoque
1808 2084 2037 2147 iudieIo
2073 2087 2353 2151 omnium

263 2167 544 2229 maxima.
629 2169 740 2231 Est
791 2168 954 2229 enim
1012 2169 1343 2244 sapientis,
1398 2168 1699 2245 quidquid
1764 2168 1991 2231 homini
2056 2169 2354 2234 accidere

260 2249 491 2324 possit,
535 2251 595 2311 id
641 2252 1066 2325 praemeditari
1108 2254 1428 2315 ferundum
1473 2252 1714 2314 modice
1740 2268 1918 2327 esse,
1958 2251 2017 2315 si
2047 2256 2351 2317 evenerit.

260 2330 514 2393 Maioris
556 2332 804 2395 omniuo
841 2341 943 2394 est
981 2335 1220 2397 consilii
1265 2337 1590 2411 providere
1635 2352 1713 2399 ne
1753 2334 1898 2411 quid
1930 2337 2054 2396 tale
2082 2339 2348 2412 aecidat,

258 2413 441 2479 animi
476 2432 599 2476 non
629 2415 892 2479 minoris
913 2417 1146 2481 tortiter
1175 2420 1353 2492 ferre,
1385 2419 1439 2479 si
1462 2419 1755 2481 evenerit.
1815 2416 1875 2480 8.
1907 2420 1999 2478 Αε
2021 2419 2350 2485 Dolabella

260 2497 510 2573 quidem
547 2507 669 2562 tam
711 2498 823 2562 fuit
863 2500 1183 2565 immemor
1233 2502 1621 2564 humanitatis
1660 2534 1749 2548 -
1790 2518 2174 2578 quamquam
2217 2505 2348 2567 eius

259 2598 587 2658 numquam
634 2582 946 2659 particeps
994 2583 1108 2647 suit
1149 2618 1263 2658 --,
1308 2595 1376 2647 ut
1415 2602 1588 2647 suam
1632 2584 2033 2647 insatiabilem
2081 2586 2348 2649 crudeti-

256 2673 436 2727 tatem
468 2665 811 2731 exercuerit
843 2685 963 2730 non
997 2671 1195 2731 solum
1229 2668 1289 2731 in
1318 2668 1494 2743 vivo,
1536 2668 1649 2730 sed
1679 2670 1860 2730 etiam
1886 2668 1945 2727 in
1977 2678 2237 2733 mortuo
2262 2679 2347 2733 at·

256 2766 377 2823 que
404 2748 632 2813 ineius
663 2766 924 2825 corpore
951 2752 1282 2815 lacerando
1311 2761 1496 2826 atque
1536 2753 1818 2813 vexando
1851 2768 2040 2825 quum
2072 2752 2346 2815 animum

256 2831 484 2893 satiare
508 2850 629 2897 non
662 2843 900 2909 posset,
925 2832 1141 2897 oeulos
1183 2834 1423 2911 paverit
1451 2852 1620 2897 suos.

209 2940 210 2943 ¹
378 2915 480 2973 Ν.
515 2915 562 2976 Ο
593 2919 782 2981 multo
808 2916 1090 2981 auserim
1107 2918 1424 2981 Dolabella
1450 2934 1637 2993 quam
1667 2918 1786 2989 ille,-
1820 2932 2000 2992 quem
2024 2924 2101 2985 tu
2126 2918 2343 2985 miser·

253 2994 467 3057 rimum
511 3014 655 3060 esse
697 2999 974 3062 voluisti!
1061 3002 1322 3067 Dolor-es
1361 3002 1700 3063 Trebonius
1750 2998 1998 3075 pertulit
2042 3017 2341 3077 anossa

253 3079 421 3138 multi
451 3094 531 3138 ex
575 3081 769 3143 morbi
810 3081 1111 3158 gravitate
1152 3083 1438 3158 maiores,
1473 3101 1633 3159 quos
1662 3092 1862 3147 tamen
1895 3099 2019 3143 non
2049 3083 2338 3162 miseros,

252 3160 365 3219 sed
396 3159 742 3223 laboriosos
772 3166 1045 3227 solemus
1075 3166 1304 3230 dieore.
1389 3169 1640 3243 Longus
1670 3166 1782 3228 fuit
1821 3166 1999 3229 dolor
2026 3166 2241 3231 biduix
2272 3178 2340 3233 at

251 3241 668 3314 compluribus
709 3262 1010 3313 annorum
1046 3266 1238 3325 saepe
1279 3252 1627 3313 multorum.
1708 3250 1835 3309 Nee
1867 3265 2012 3313 vero
2042 3251 2337 3324 graviora

251 3330 394 3383 sunt
432 3326 782 3389 carnificum
822 3328 1234 3395 eruaiamenta
1274 3350 1457 3407 quam
1504 3333 1805 3395 interdum
1835 3342 2147 3395 tormenta
2174 3351 2329 3397 mor·

252 3401 485 3466 borum.
570 3407 630 3467 9.
672 3407 812 3468 Alia
843 3420 1016 3485 sunt,
1048 3414 1199 3488 alia,
1235 3415 1516 3491 inquam,
1546 3434 1582 3478 o
1622 3413 2012 3492 perditissimi
2043 3415 2338 3481 homiues
