2514 3928
250 189 346 252 98
503 186 651 246 PRO
683 186 763 246 M.
797 184 1074 246 CAELIO
1110 183 1415 246 ORATlo.
1456 184 1623 244 CAP.
1652 192 1739 246 32.
1776 189 1828 251 S.
1861 190 2129 279 78-80.
2226 221 2230 225 -

262 341 483 400 blicam
516 337 798 398 violatam
857 338 1121 411 diceret,
1162 335 1224 397 in
1268 334 1555 396 iudicium
1601 335 1870 406 vocarit,
1915 335 2055 411 ipse
2097 352 2241 398 esse
2296 333 2358 395 in

268 440 334 484 re
361 420 604 499 publica
640 421 793 481 civis
821 421 1232 493 turbulentum
1262 435 1382 479 non
1418 427 1638 494 potest,
1672 417 1777 494 qui
1806 419 2036 479 ambitu
2065 436 2141 480 ne
2174 420 2355 480 abso·

268 510 458 568 lutum
489 503 734 580 quidem
768 503 1031 580 patiatur
1059 520 1202 565 esse
1225 504 1593 574 absolutum,
1631 501 1769 578 ipse
1798 501 2046 579 impune
2068 520 2357 579 umquam

269 606 413 650 esse
443 587 712 663 largitor.
768 588 967 648 Habet
1015 604 1051 647 a
1090 586 1169 647 M.
1203 585 1409 647 Caelio
1438 603 1540 647 res
1572 585 1848 662 publica,
1892 586 2160 662 iudice5‚
2201 588 2358 647 duas

268 673 697 734 accusationes
728 673 825 732 vel
850 670 1101 733 obsides
1136 670 1391 746 periculi
1416 670 1512 730 vel
1543 669 1801 746 pignora
1832 669 2179 732 voluntatis.
2227 671 2358 745 Qua

274 774 341 819 re
376 773 485 818 oro
519 757 917 830 obtestorque
951 771 1094 829 voS‚
1138 752 1375 814 iudices
1399 799 1415 827 ,
1460 762 1525 813 ut
1549 800 1565 828 ,
1607 770 1729 828 qua
1775 753 1834 812 in
1871 753 2114 815 civitate
2144 753 2358 830 paucis

269 840 366 902 his
391 839 609 901 diebus
643 839 786 900 Sex.
813 837 1064 898 Clodius
1090 838 1410 898 absolutus
1430 847 1542 908 est,
1568 854 1749 912 quem
1772 854 1888 898 vos
1916 854 2024 914 per
2048 836 2357 898 biennium

268 934 374 985 aut
395 922 735 984 ministrum
762 920 1082 982 seditionis
1105 929 1208 981 aut
1231 921 1451 983 ducem
1485 919 1743 994 vidistiS,
1779 921 1884 995 qui
1907 923 2098 982 aedes
2124 938 2359 996 sacraS,

271 1008 376 1084 qui
406 1023 659 1068 censum
691 1006 903 1081 populi
930 1004 1206 1077 Romani,
1235 1005 1339 1080 qui
1362 1005 1712 1064 memoriam
1740 1004 2046 1079 publicam
2072 1004 2204 1065 suis
2230 1022 2345 1065 ma·

273 1092 451 1153 nibus
473 1089 761 1159 incendit,
786 1087 1090 1149 hominem
1115 1089 1248 1149 sine
1264 1104 1350 1161 re,
1376 1087 1510 1148 sine
1533 1088 1673 1162 fide,
1699 1088 1832 1149 sine
1854 1103 1987 1163 spe,
2014 1086 2148 1147 sine
2180 1090 2355 1157 sede,

271 1175 406 1241 sine
442 1174 718 1245 fortuniS,
767 1188 906 1245 ore,
936 1172 1172 1247 lingua,
1201 1187 1414 1245 manu,
1460 1170 1581 1232 vita
1610 1170 1775 1232 omni
1809 1170 2218 1246 inquinatum:
2250 1171 2356 1246 qui

271 1257 464 1320 Catuli
494 1264 949 1319 monumentum
979 1255 1245 1330 adflixit,
1276 1272 1469 1316 meam
1500 1256 1746 1318 domum
1777 1255 1974 1326 diruit,
2006 1253 2125 1315 mei
2156 1253 2358 1315 fratris

271 1342 570 1404 incendit=
604 1340 708 1418 qui
741 1340 800 1401 in
825 1339 1050 1402 Palatio
1083 1349 1269 1418 atque
1299 1340 1358 1399 in
1399 1339 1566 1400 urbis
1597 1339 1793 1401 oculis
1825 1337 2075 1401 servitia
2109 1339 2186 1398 ad
2218 1355 2356 1399 cae·

271 1430 409 1489 dem
446 1434 506 1487 et
534 1425 1028 1487 inflammandam
1060 1424 1271 1485 urbem
1297 1423 1592 1485 incitavit=
1638 1424 1697 1484 in
1721 1423 1837 1483 hac
1868 1422 2110 1483 civitate
2140 1438 2216 1481 ne
2249 1439 2355 1498 pa-

271 1509 501 1572 tiamini
529 1508 695 1570 illum
723 1509 1070 1570 absolutum
1104 1506 1383 1568 muliebri
1424 1507 1650 1582 gratia,
1693 1507 1771 1567 Μ.
1805 1507 2075 1567 Caelium
2118 1505 2358 1571 libidini

273 1592 1000 1657 muliebricondonatum‚
1025 1605 1103 1648 ne
1117 1590 1335 1649 eadem
1350 1588 1566 1651 mulier
1580 1604 1718 1648 cum
1733 1606 1848 1650 suo
1867 1590 2130 1665 coniuge
2150 1598 2209 1649 et
2224 1593 2343 1650 fra.-

273 1687 365 1738 tre
393 1684 454 1736 et
478 1674 898 1750 turpissimum
923 1674 1224 1733 latronem
1249 1673 1553 1749 eripuisse
1580 1681 1641 1734 et
1665 1671 2166 1749 honestissimum
2193 1675 2340 1734 ado-

272 1763 604 1821 lescentem
635 1759 1034 1834 oppressisse
1064 1758 1361 1822 videatur.
1404 1758 1506 1823 79.
1540 1760 1716 1834 Quod
1747 1780 1935 1837 quum
1964 1762 2145 1823 huius
2177 1759 2353 1821 vobis

268 1842 747 1904 adolescentiam
772 1842 1253 1918 proposueritis,
1297 1843 1710 1906 constituitote
1754 1855 1895 1907 ante
1927 1847 2143 1908 oculos
2172 1843 2352 1905 etiam

273 1925 456 1988 huius
483 1924 690 1987 miseri
720 1935 1115 2000 senectutem,
1164 1927 1271 2005 qui
1302 1927 1421 1990 hoc
1451 1927 1631 1990 unico
1663 1930 1790 1992 filio
1820 1929 2041 2004 nititur,
2078 1927 2139 1989 in
2169 1927 2352 1989 huius

271 2027 384 2086 spe
407 2009 758 2085 requiescit,
781 2010 964 2072 huius
979 2012 1160 2074 unius
1175 2030 1387 2074 casum
1408 2013 1812 2089 pertimescit=
1841 2031 2021 2090 quem
2046 2029 2179 2087 voS‚
2207 2030 2351 2088 sup-

270 2094 491 2171 plicem
519 2103 762 2156 vestrae
779 2094 1253 2172 misericordiae,
1279 2113 1521 2158 servum
1537 2097 1876 2173 potestatiS,
1901 2097 2202 2159 abiectum
2228 2114 2350 2157 non

272 2188 396 2239 tam
425 2179 505 2238 ad
538 2178 735 2253 pedes
767 2196 950 2254 quam
981 2181 1060 2241 ad
1091 2197 1296 2242 mores
1327 2197 1679 2256 sensusque
1715 2190 1988 2255 vestroe,
2020 2181 2115 2240 vel
2149 2197 2353 2241 recor-

270 2261 518 2323 datione
550 2270 866 2337 parcntum
910 2273 1248 2326 vestrorum
1289 2267 1386 2325 vel
1435 2266 1765 2326 liberorum
1809 2264 2181 2327 iucunditate
2212 2281 2344 2325 sus·

269 2353 525 2419 tentate,
572 2353 635 2406 ut
667 2343 729 2405 in
758 2347 1008 2408 alterius
1036 2349 1251 2409 dolore
1282 2350 1381 2409 vel
1421 2348 1632 2424 pietati
1675 2350 1775 2410 vel
1801 2347 2216 2424 indulgentiae
2246 2361 2351 2407 ve-

269 2437 433 2490 strae
463 2427 768 2492 serviatis.
822 2429 1038 2504 Nolite,
1070 2431 1328 2506 iudiceS‚
1358 2440 1464 2493 aut
1488 2432 1650 2494 hunc
1680 2434 1799 2493 iam
1830 2441 2046 2494 natura
2074 2431 2212 2507 ipsa
2248 2448 2350 2492 oc-

270 2511 573 2575 cidentem
605 2514 763 2574 velle
793 2514 1091 2576 maturius
1137 2516 1442 2591 exstingui
1485 2517 1737 2578 vulnere
1780 2523 1987 2577 vestro
2020 2532 2201 2591 quam
2233 2533 2352 2576 suo

270 2598 424 2671 l'at0,
466 2604 572 2658 aut
612 2596 775 2658 hunc
798 2614 960 2659 nunc
987 2598 1242 2674 primum
1273 2600 1721 2672 florescentem,
1756 2601 1991 2661 firmata
2021 2599 2137 2660 iam
2159 2598 2353 2674 stirpe

270 2680 537 2755 virtutiS,
580 2690 887 2757 tamquam
929 2683 1167 2744 turbine
1199 2684 1410 2760 aliquo
1452 2691 1557 2744 aut
1589 2683 1790 2745 subita
1822 2690 2181 2759 tempestate
2213 2699 2349 2757 per·

271 2773 526 2826 vertere.
565 2764 670 2829 80.
702 2765 1078 2827 conservate
1102 2767 1336 2843 parenti
1367 2765 1576 2840 filium,
1611 2775 1931 2845 parentem
1961 2765 2108 2840 filio,
2136 2783 2215 2826 ne
2244 2773 2351 2828 aut

268 2854 643 2909 senectutem
672 2846 791 2908 iam
834 2865 1030 2926 prope
1061 2851 1449 2927 desperatam
1493 2851 1945 2927 contempsisse
1992 2858 2096 2911 aut
2142 2850 2349 2910 adole·

267 2929 560 2990 scentiam
588 2930 827 3005 plenam
860 2933 995 3009 spei
1018 2933 1318 2995 maximae
1333 2951 1454 2996 non
1472 2937 1656 2996 modo
1680 2952 1800 2997 non
1825 2933 2055 2995 aluisse
2078 2949 2214 3008 VOS,
2236 2934 2352 2994 sed

266 3012 448 3073 etiam
480 3013 822 3088 perculisse
851 3025 1037 3092 atque
1068 3018 1391 3080 adflixisse
1423 3017 1763 3080 videamini.
1847 3018 2035 3092 Quem
2064 3016 2117 3077 si
2148 3016 2350 3089 nobis,

266 3095 321 3155 si
350 3096 515 3170 suia,
556 3093 610 3156 si
640 3096 729 3158 rei
759 3099 1040 3174 publicae
1070 3102 1483 3174 conservatis,
1526 3102 1870 3176 addictum,
1911 3100 2202 3171 deditum,
2241 3100 2348 3160 ob-

267 3178 542 3241 strictum
579 3179 757 3242 vobis
787 3198 862 3242 ac
891 3182 1098 3245 liberis
1130 3186 1354 3248 vestris
1400 3185 1702 3247 habebitis
1743 3183 2138 3260 omniumque
2166 3182 2350 3244 huius

266 3278 594 3331 nervorum
623 3279 698 3325 ac
730 3266 1006 3328 laborum
1042 3286 1155 3331 vos
1188 3269 1594 3346 potissimum,
1624 3268 1892 3344 iudices,
1937 3271 2170 3330 fructus
2202 3267 2348 3327 ube-

254 3350 369 3407 -i-es
396 3345 844 3425 diuturnosque
873 3350 1147 3426 capietis.
2045 3397 2048 3400 -
