2514 3928
188 253 263 308 41
928 242 1221 303 FRAGM.
1260 244 1283 301 1
1326 276 1376 287 —
1399 243 1523 302 vn.
2137 246 2260 309 139

186 397 289 448 bus
318 395 614 448 oonsulibus
642 394 769 446 nulli
794 394 1123 446 notabiliores
1152 395 1259 463 ludi
1289 394 1520 457 fuerunt,
1557 410 1710 459 quam
1728 396 1968 463 Pompeio
1991 405 2041 446 et
2056 396 2259 460 Crasso,

186 480 294 528 quo
335 479 466 516 anuo
485 465 759 531 Pompeius
793 463 1205 527 exquisitissimis
1237 464 1849 531 magnificentissimique
1875 468 2039 515 omnis
2055 469 2259 533 generis

188 534 331 584 ludis
349 533 600 585 theatrum
623 533 899 585 dedicavit.
913 561 985 573 —
998 532 1369 598 Argumentum
1390 531 1543 582 huius
1564 533 1803 584 orationis
1819 535 1971 585 breve
1982 533 2257 586 admodum

184 611 286 653 est.
327 600 452 652 Nam
483 616 637 664 quum
670 603 889 652 revocati
917 609 1086 652 esseut
1114 616 1178 651 ex
1204 601 1483 666 provinciis
1517 602 1633 652 Piso
1662 610 1710 652 et
1740 602 1982 653 Gabinius
2011 605 2260 654 sententia

184 669 476 730 Ciceronis,
510 685 662 733 qnam
691 671 885 722 dixerat
912 670 978 720 de
1004 670 1284 735 provinciis
1316 668 1664 720 consularibus
1690 671 1905 722 Lentulo
1938 679 1989 720 et
2018 670 2257 738 Philippo

180 752 357 799 coss„
388 753 619 790 reversus
647 740 699 789 in
730 739 986 791 civitatem
1010 739 1128 788 Piso
1157 739 1221 789 de
1242 739 1574 789 insectatione
1595 736 1849 789 Ciceronis
1867 742 1919 790 in
1937 748 2115 789 senatu
2139 756 2259 791 con-

182 816 398 871 questus
433 814 510 858 est
541 815 589 857 et
621 809 672 858 in
692 824 806 859 eum
823 808 1080 868 invectus,
1115 806 1301 858 fiducia
1321 809 1540 858 maxime
1561 805 1792 858 Caesaris
1812 808 2015 874 generi,
2045 809 2255 871 quitum

183 873 382 928 Gallias
404 878 678 928 obtinebat.
721 878 894 928 Pisoni
914 876 1089 927 Cicero
1110 877 1374 942 respoudit
1392 876 1490 927 hac
1511 876 1754 932 oratione.

182 991 634 1052 FRAGMENTA
668 993 1440 1133 MAXIMAMspffizQTffiffiA
1473 994 1539 1062 Q.
1586 991 1898 1050 ASCONIO
1944 991 2255 1049 PEDIANO

247 1196 259 1209 ·
282 1169 496 1230 LProh
515 1170 574 1230 di
591 1172 980 1243 immortaleS‚
999 1169 1102 1246 qui
1152 1171 1252 1231 hic
1271 1170 1463 1232 illuxit
1477 1172 1640 1231 dies!
1666 1170 2255 1244 QUINCTILIANUS

183 1250 328 1313 inst.
373 1268 460 1313 or.
510 1253 611 1312 lib.
644 1254 744 1312 IX.
789 1269 841 1312 c.
875 1254 932 1312 4.
977 1259 1031 1319 S.
1062 1249 1164 1312 76.
1236 1252 1772 1314 DIOMEDES'lib.
1807 1255 1881 1312 11.
1915 1271 1973 1327 p.
2003 1254 2147 1313 464.
2191 1255 2253 1317 P.

789 1379 965 1423 cmc».
1011 1378 1182 1422 vens.
1229 1381 1271 1420 A
1316 1377 1499 1421 ramo
1529 1406 1541 1418 .
1568 1404 1583 1417 .
1612 1405 1666 1416 ..

311 1444 384 1503 11.
412 1443 588 1518 Quod
619 1445 927 1507 minimum
951 1445 1265 1522 specimen
1289 1445 1349 1505 in
1374 1453 1432 1505 te
1456 1443 1724 1519 ingenii?
1761 1446 1992 1521 Ingenii
2018 1454 2258 1506 autem?

184 1528 374 1590 immo
416 1527 666 1602 ingenui
707 1526 972 1587 hominis
1017 1542 1093 1586 ac
1131 1526 1327 1590 liberi.
1417 1526 1529 1600 Qui
1572 1527 1782 1586 colore
1822 1527 1963 1602 ipso
2007 1529 2257 1602 patriam

188 1611 582 1686 aspernariS,
614 1611 887 1673 oratione
913 1628 1140 1688 geum,
1176 1610 1446 1673 moribus
1478 1625 1718 1671 nomen.
1775 1610 1845 1685 Q.
1877 1609 2258 1672 ASCONIUS

185 1693 600 1757 PEDIANUS.

916 1796 1093 1840 c1ncA
1141 1796 1310 1839 vens.
1346 1794 1528 1838 cxxx.

312 1877 414 1936 ΠΙ.
457 1877 591 1939 Hoc
621 1892 743 1937 non
768 1876 848 1938 ad
870 1878 1372 1939 contemnendam
1393 1875 1757 1936 Placentiam
1781 1877 2055 1952 pertinet,
2094 1879 2256 1938 unde

185 1976 259 2021 se
300 1958 354 2021 is
396 1967 592 2023 ortum
630 1960 879 2037 gloriari
924 1962 1110 2023 solet=
1156 1978 1360 2038 neque
1389 1957 1545 2021 enim
1575 1959 1696 2020 hoe
1733 1976 1868 2022 mea
1897 1970 2113 2023 natura
2142 1963 2257 2023 tert

185 2059 303 2105 nec
342 2044 683 2121 municipii,
744 2045 1099 2120 praesertim
1153 2046 1232 2106 de
1283 2062 1381 2105 me
1431 2042 1656 2118 optime
1707 2043 1930 2119 meriti,
1991 2046 2254 2120 dignitas

188 2128 429 2203 patitur.
519 2144 682 2188 mnu.

1018 2227 1209 2272 ranno
1253 2226 1418 2272 ros-r.

320 2311 420 2370 IV.
474 2310 589 2371 Hic
620 2329 807 2387 quum
836 2313 915 2373 ad
943 2328 1041 2373 om
1071 2353 1499 2371 ...........
1537 2309 1881 2373 Placentiae
1924 2311 2077 2371 torte
2107 2325 2250 2369 con·

192 2394 351 2455 sedit
378 2400 438 2454 et
466 2395 702 2474 paucist
717 2403 857 2474 post
879 2396 1073 2474 annis]
1102 2396 1160 2455 in
1195 2411 1328 2455 eam
1360 2392 1663 2455 civitatem
1692 2428 1775 2441 —-
1799 2410 1938 2454 nam
1972 2400 2093 2454 tum
2126 2400 2255 2454 erat

78 2501 80 2508 >
188 2477 442 2556 [civitas]
456 2510 538 2524 -—
552 2481 846 2541 ascendit.
890 2480 1062 2541 Prius
1078 2479 1238 2540 enim
1267 2478 1494 2550 Gallae,
1519 2476 1656 2537 dein
1676 2477 2046 2555 Gallica1nus
2049 2519 2223 2534 ......
2230 2477 2251 2553 ]

187 2569 461 2623 extremo
498 2561 1087 2640 S[emt']placentinus
1117 2562 1329 2622 haberi
1346 2603 1522 2622 ......
1554 2560 1836 2639 [coeptus]
1873 2567 1986 2619 est.
2042 2559 2253 2619 IDEM.

313 2661 387 2718 V.
428 2659 720 2721 Maiorem
746 2659 1244 2722 sibilnsuberille
1259 2673 1413 2717 avus
1429 2657 1761 2730 adoptavit.
1800 2653 2251 2715 ARUSIANUS

186 2740 522 2804 MESSIUS
564 2760 627 2820 p.
655 2743 800 2807 250.
840 2743 1113 2805 Lindem.

788 2871 965 2915 cmc».
1011 2871 1179 2914 VERS.
1219 2871 1264 2913 A
1301 2867 1487 2911 mimo
1513 2896 1528 2909 .
1555 2895 1569 2907 .
1597 2895 1610 2907 .
1639 2900 1652 2914 ,

312 2951 414 3012 v1.
480 2952 823 3014 Lautiorem
850 2993 1277 3012 ...........
1319 2956 1496 3026 pater
1536 2955 1675 3010 tuus
1717 2964 2028 3019 socerum,
2070 2964 2250 3023 quam

197 3035 258 3095 C.
287 3034 430 3095 Piso
455 3078 675 3098 ......
706 3038 768 3097 in
801 3036 903 3097 illo
934 3038 1098 3097 luctu
1123 3080 1137 3094 .
1164 3083 1177 3096 .
1203 3077 1218 3091 .
1250 3051 1373 3095 non
1406 3033 1460 3093 ei
1490 3031 1672 3094 filiam
1705 3049 1901 3094 meam
1931 3032 2248 3101 collocavi,

192 3134 372 3193 quem
415 3133 531 3194 ego
557 3162 906 3184 .........
960 3125 1235 3195 potestas
1279 3125 1402 3179 tum
1451 3118 1718 3177 omnium
1760 3118 2008 3187 fuisset,
2064 3130 2250 3177 unum

192 3200 573 3277 potissimum
603 3203 989 3279 delegissem.
1049 3201 1117 3277 Ω.
1148 3199 1530 3264 ASCONIUS
1560 3199 1965 3262 PEDIANUS.

308 3384 441 3444 vn.
487 3384 744 3446 Insuber
779 3383 1026 3460 quidam
1071 3315 1415 3454 rsizffnffiem
1458 3386 1758 3441 mercator
1795 3388 1857 3439 et
1897 3391 2151 3452 praecox
2196 3375 2252 3432 is

192 3483 375 3543 quum
402 3468 659 3529 Romam
692 3483 832 3564 cum
858 3464 985 3528 filia
1011 3463 1301 3541 venisset,
1326 3463 1779 3525 adolescentem
1809 3459 2073 3520 nobilem
2103 3455 2250 3515 Cae-
