2514 3928
316 256 376 306 ιιι
1062 242 1230 305 οΑΡ.
1267 255 1320 308 1.
1362 252 1416 312 s.
1451 254 1500 314 1.
1525 255 1582 308 2.
2256 245 2386 310 275

313 395 561 453 cohortes,
589 408 719 457 quas
755 395 988 454 ducebat,
1018 395 1359 454 deseruerant,
1392 397 1442 446 in
1471 397 1697 448 Africam
1734 399 1870 449 veuit
1902 405 1953 449 et
1991 400 2259 464 imperium
2294 401 2387 450 ad·

312 465 484 531 ripuit.
548 463 645 522 Qui
694 474 847 525 quum
879 463 1059 527 paucis
1102 473 1219 514 ante
1254 465 1402 514 anuis
1435 480 1500 515 ex
1525 474 1766 531 praetura
1803 482 1914 516 eam
1951 468 2266 532 provinciam
2293 469 2386 518 eb-

313 534 564 590 tinnisset,
601 529 751 580 facile
788 529 974 581 dilectu
990 529 1165 582 habito
1191 532 1321 582 duas
1341 532 1570 598 legiones
1591 533 1776 588 effecit.
1815 535 1976 596 Quam
2013 538 2076 587 ob
2101 551 2207 586 rem
2228 552 2386 599 quum

314 600 370 653 1..
405 600 580 650 Aelius
610 599 832 660 Tubero,
877 600 959 649 cui
995 615 1059 649 ex
1100 609 1309 650 senatus
1343 600 1578 652 consulto
1613 606 1840 652 sorte'ea
1874 605 2135 668 provincia
2172 606 2386 670 obtigis-

311 678 418 731 set,
460 670 507 718 iu
541 668 766 719 Africam
796 669 1014 727 veniret,
1041 677 1096 717 ut
1127 670 1444 734 provinciam
1479 671 1670 730 adiret,
1705 686 1736 720 a
1773 671 1828 725 P.
1865 671 2002 722 Varo
2036 671 2271 723 exclusus
2306 682 2385 723 est

310 740 457 803 eique
495 750 557 787 ue
590 737 687 787 hoc
723 736 927 800 quidem
961 737 1293 802 permissum,
1339 747 1395 787 ut
1431 739 1690 788 infirmum
1719 738 1884 788 filium
1919 750 2196 806 exponeret
2233 749 2384 804 atque

307 822 490 872 aquam
518 806 758 869 hauriret,
792 821 893 869 qua
926 807 977 856 in
1014 821 1069 856 re
1101 808 1327 872 gerenda
1362 809 1414 858 P.
1446 808 1613 857 Varus
1643 807 1702 867 Q.
1738 808 1949 874 Ligarii,
1987 811 2070 871 qui
2103 809 2301 875 legatus
2331 809 2385 859 iu

211 916 216 921 .
308 877 565 944 provincia
601 881 928 936 remanserat,
966 889 1117 940 opera
1151 890 1275 926 usus
1310 886 1408 930 est.
1477 877 1536 928 1..
1574 875 1753 927 Aelius
1795 891 1950 940 quum
1986 883 2120 943 esset
2145 876 2384 928 exclusus

310 946 483 996 Africa
517 961 632 995 cum
663 943 766 994 filio
802 959 897 994 suo
932 944 985 993 iu
1020 943 1370 995 Macedoniam
1392 959 1448 994 se
1485 945 1765 996 contulerat
1784 954 1936 1008 atque
1961 946 2012 995 in
2037 945 2124 996 Cu.
2152 947 2381 1011 Pompeii

308 1025 474 1064 castra
510 1020 835 1079 pervenerat,
867 1020 984 1077 post
1032 1022 1201 1062 autern
1248 1029 1423 1079 pugna
1467 1012 1756 1064 Pharsalica
1793 1015 2069 1064 commissa
2104 1015 2303 1065 veniam
2352 1028 2384 1063 a

309 1082 365 1136 C.
392 1081 607 1132 Caesare
638 1082 1027 1146 impetraverat.
1060 1080 1119 1141 Q.
1149 1079 1387 1147 Ligarius
1422 1083 1614 1133 interea
1634 1099 1736 1133 una
1772 1094 1888 1134 cum
1906 1081 1965 1133 C.
2002 1083 2240 1134 Considio
2280 1083 2381 1132 tilio

306 1151 499 1217 proelio
520 1151 586 1199 ad
602 1149 859 1214 Thapsum
882 1148 1017 1198 racto
1048 1150 1101 1198 iu
1122 1158 1424 1215 potestatem
1434 1149 1665 1200 Caesaris
1695 1153 1834 1218 apud
1854 1153 2185 1203 Adrumetum
2205 1167 2268 1217 pe
2277 1162 2381 1202 fve-

309 1227 469 1277 nerat,
507 1219 595 1280 qui
624 1233 740 1267 eum
776 1230 1019 1267 concessa
1049 1218 1154 1267 vita
1184 1218 1351 1267 solum
1389 1230 1579 1268 vertere
1615 1221 1779 1270 iussit.
1828 1220 1977 1271 Auno
2008 1237 2059 1287 p.
2090 1237 2144 1275 u.
2172 1237 2216 1270 c.
2257 1219 2377 1273 ⁷08.

310 1301 467 1350 quum
494 1285 672 1335 fratres
704 1285 765 1344 Q.
794 1285 986 1351 Ligarii
1008 1286 1062 1335 id
1091 1294 1392 1335 conarentur
1417 1285 1636 1346 efficere,
1670 1297 1724 1337 ut
1746 1289 1890 1338 fratri
1918 1290 2135 1339 reditum
2163 1288 2218 1344 C.
2256 1289 2380 1339 Cae-

310 1370 396 1405 sar
431 1355 755 1414 concederet,
796 1369 861 1402 ne
896 1354 951 1404 id
981 1353 1322 1418 impetrarent,
1357 1369 1387 1403 a
1420 1355 1477 1408 Ρ.
1516 1354 1661 1404 Aelio
1698 1357 1966 1406 Tuberone
2008 1357 2110 1407 illio
2154 1358 2290 1422 apud
2319 1356 2375 1410 Ο.

310 1422 574 1473 Caesarem
620 1423 909 1472 dictatorem
945 1416 1005 1481 Q.
1046 1422 1276 1488 Ligarius
1320 1421 1384 1471 de
1429 1423 1722 1484 maiestate,
1756 1430 1813 1473 ut
1846 1425 2076 1484 videtur,
2111 1432 2378 1474 accusatus

307 1501 402 1552 est,
423 1490 659 1542 conferas
689 1488 1011 1550 Quinctiliani
1044 1492 1199 1541 ὸιειίε.
1224 1498 1362 1542 orat.
1394 1490 1483 1540 lib.
1526 1488 1612 1540 XI.
1650 1507 1696 1541 e.
1736 1491 1785 1542 1.
1823 1490 1875 1554 5.
1915 1490 2002 1544 80.
2041 1501 2090 1543 et
2119 1494 2375 1558 maceror.

307 1561 392 1611 lib.
427 1561 466 1610 1.
510 1567 545 1610 t.
586 1561 639 1610 2.
673 1559 736 1610 rt.
767 1561 820 1610 2.
859 1561 909 1622 s.
949 1558 1035 1610 46.
1107 1558 1235 1609 Eum
1281 1559 1380 1610 hac
1403 1560 1516 1625 ipsa
1547 1559 1798 1622 oratione,
1835 1570 1966 1624 quae
2015 1560 2146 1610 inira
2179 1561 2378 1627 legitur,

307 1643 405 1679 una
447 1645 560 1680 oum
597 1627 652 1679 0.
690 1628 854 1681 Pansa
883 1629 950 1683 M.
988 1626 1162 1680 Cicero
1200 1629 1270 1678 ita
1306 1628 1557 1693 defendit,
1599 1636 1654 1678 ut
1701 1627 1755 1679 G.
1793 1627 2135 1680 Cauaseum
2168 1629 2377 1679 crimine

311 1699 539 1750 liberaret
575 1697 890 1760 reditumque
930 1698 1239 1757 concederet.

428 1852 472 1911 1.
521 1850 574 1913 1.
602 1851 836 1912 Novum
871 1848 1131 1922 crimen,
1176 1849 1239 1909 C.
1273 1846 1526 1922 Caesar,
1572 1857 1632 1909 et
1675 1858 1814 1909 ante
1857 1847 2018 1908 hunc
2064 1849 2222 1908 diem
2253 1864 2378 1909 non

306 1933 575 1997 auditum
613 1932 997 2009 propinquus
1038 1949 1212 2012 meus
1254 1932 1334 1991 ad
1377 1940 1434 1993 te
1465 1928 1532 2005 Q.
1559 1930 1797 1994 Tubero
1828 1931 2067 2005 detulit,
2152 1977 2164 1991 .
2203 1930 2376 2007 Liga-

305 2017 460 2078 rium
489 2016 550 2076 in
581 2015 789 2076 Africa
824 2013 1047 2088 fuisse,
1090 2016 1275 2091 idque
1301 2015 1363 2074 C.
1389 2016 1603 2088 Pansa,
1640 2014 1969 2091 praestanti
1991 2014 2084 2075 vir
2134 2013 2375 2090 ngeni0,

307 2102 497 2161 fretus
526 2100 789 2160 fortasse
824 2095 1221 2159 familiaritate
1249 2114 1352 2171 ea,
1390 2115 1548 2173 quae
1579 2107 1675 2160 est
1708 2098 1766 2160 ei
1798 2107 2029 2174 tecum,
2058 2113 2249 2158 ausus
2280 2105 2376 2158 est

307 2180 605 2244 confiteri.
693 2180 906 2256 ltaque
938 2196 1063 2257 quo
1097 2197 1192 2241 me
1224 2188 1451 2242 vertam
1482 2179 1712 2243 nescio.
1800 2182 2052 2242 Paratus
2082 2180 2240 2241 enim
2270 2196 2371 2240 ve·

306 2282 509 2327 nerani
527 2312 543 2338 ‚
575 2282 759 2341 quum
791 2273 853 2327 tu
881 2262 943 2325 id
973 2280 1173 2341 neque
1196 2281 1308 2341 per
1338 2274 1396 2326 te
1428 2264 1621 2326 scires
1651 2282 1852 2341 neque
1885 2261 2099 2325 audire
2127 2262 2373 2325 aliunde

306 2350 635 2427 potuisseS,
682 2357 748 2409 ut
776 2347 1153 2425 ignoratione
1195 2358 1298 2409 tua
1327 2350 1402 2408 ad
1438 2346 1701 2426 hominis
1742 2347 1946 2409 miseri
1980 2349 2234 2409 salutem
2269 2347 2373 2407 ab-

306 2442 523 2495 uterer.
586 2432 710 2493 Sed
734 2431 1023 2507 quoniam
1044 2429 1355 2507 diligentia
1381 2429 1603 2493 inimici
1626 2432 2054 2507 investigatum
2082 2438 2178 2492 est
2206 2429 2373 2506 quod

308 2518 547 2589 latebat,
581 2515 995 2578 confitendum
1024 2524 1139 2588 est,
1173 2514 1423 2591 opinor,
1469 2514 1825 2590 praesertim
1861 2530 2046 2590 quum
2070 2528 2245 2573 meus
2268 2529 2373 2573 ne-

304 2598 616 2662 cessarius
686 2597 888 2661 Pansa
939 2597 1181 2671 fecerit,
1238 2608 1307 2659 ut
1360 2595 1423 2658 id
1474 2600 1778 2675 integrum
1833 2598 1953 2659 iam
2019 2613 2140 2656 non
2186 2603 2371 2667 esset,

304 2683 658 2759 omissaque
688 2681 1112 2743 controversia
1142 2681 1341 2742 omnis
1372 2681 1563 2742 oratio
1590 2682 1669 2741 ad
1705 2678 2182 2740 misericordiam
2206 2685 2368 2738 tuam

302 2767 675 2829 conferenda
702 2775 829 2839 est,
873 2782 993 2842 qua
1017 2764 1256 2841 plurimi
1288 2771 1430 2826 sunt
1459 2761 1834 2836 conservati,
1876 2778 2060 2837 quum
2093 2778 2131 2822 a
2160 2768 2218 2822 te
2250 2778 2373 2821 non

306 2850 722 2913 liberationem
761 2849 979 2925 eulpae
1055 2848 1168 2909 sed
1208 2847 1390 2909 errati
1430 2844 1670 2908 veniam
1718 2845 2224 2921 impetravissent.
2312 2845 2370 2905 2.

302 2935 507 2996 Habes
542 2931 739 3009 igitur,
768 2894 1030 3006 Tuberti,
1061 2934 1231 3008 quod
1254 2942 1349 2993 est
1369 2928 1715 2993 accusatori
1735 2928 1996 2991 maxime
2019 2930 2372 3005 optandum,

302 3018 688 3082 confitentem
716 3033 907 3089 reum,
941 3016 1052 3077 sed
1081 3024 1278 3077 tamen
1313 3016 1433 3077 hoe
1465 3016 1872 3088 confitentem,
1906 3031 1975 3077 se
2010 3012 2071 3074 in
2098 3030 2172 3075 ea
2201 3019 2372 3089 parte

301 3099 526 3174 ruisse,
568 3116 690 3175 qua
721 3108 808 3173 te,
844 3116 965 3175 qua
995 3097 1187 3159 virum
1218 3100 1379 3160 omni
1412 3100 1591 3160 laude
1620 3098 1886 3174 dignum,
1916 3106 2148 3174 patrem
2180 3104 2366 3157 tuum.

305 3184 514 3261 itaque
538 3182 708 3259 prius
740 3183 819 3243 de
843 3190 1048 3244 vestro
1074 3182 1294 3243 delicto
1319 3180 1729 3243 confiteamini
1757 3197 2019 3244 necesse
2041 3189 2154 3249 est,
2188 3194 2369 3255 quam

300 3265 523 3345 Ligarii
559 3268 740 3327 ullam
772 3268 1013 3341 eulpam
1045 3264 1528 3342 reprehendatis.

427 3348 495 3424 Q.
534 3348 694 3411 enim
719 3348 1013 3425 LigariuS,
1044 3366 1228 3424 quum
1250 3358 1420 3411 esset
1440 3349 1605 3410 nulla
1631 3347 1774 3409 belli
1809 3344 2099 3422 suspitio.
2135 3344 2368 3415 legatus

303 3443 367 3496 ln
399 3434 667 3506 Africam
708 3450 845 3493 cum
873 3433 935 3494 C.
973 3430 1265 3494 Considio
1307 3434 1619 3509 profectus
1652 3438 1783 3491 esta
1827 3428 2039 3505 quain
2068 3421 2368 3497 legatione

300 3523 366 3579 et
405 3514 643 3576 civibus
691 3523 750 3576 et
791 3514 979 3577 sociis
1020 3515 1102 3577 ita
1149 3531 1222 3577 se
1263 3514 1570 3593 probavit,
1609 3521 1676 3573 ut
1703 3512 2014 3651 decssgens
2042 3498 2365 3566 Considius
