2514 3928
165 156 243 214 ιε
780 151 944 209 CAP.
979 161 1204 213 10—8.
1244 153 1300 229 ξ.
1331 162 1579 214 20--26.
2114 156 2251 218 239

166 316 297 375 quo
329 297 567 360 facilius
594 303 974 376 argumentis
1004 303 1361 380 perspicere
1394 302 1679 381 possitis,
1718 321 1847 365 rem
1877 312 2112 380 gestam
2143 324 2248 369 vo-

168 381 268 443 bis
298 383 443 443 dum
474 382 743 443 breviter
778 398 1045 458 expone,
1078 400 1334 457 quaese,
1369 385 1689 462 diligenter
1716 388 2028 452 attendite.

294 466 395 526 24.
439 467 498 527 Ρ.
536 464 785 527 Clodius
816 484 1004 542 quum
1034 465 1354 528 statuisset
1394 470 1558 531 omni
1593 474 1829 533 scelere
1862 472 1923 532 in
1964 482 2253 549 praetura

137 576 140 578 >
167 565 401 610 vexare
425 567 550 610 rem
585 549 890 625 publicam
922 550 1282 625 videretque
1314 550 1396 612 ita
1426 559 1614 614 tracta
1643 569 1784 615 esse
1815 557 2058 618 comitia
2085 575 2256 619 anno

170 631 533 707 superiore,
579 641 647 694 ut
675 650 796 694 non
828 637 1050 697 multos
1091 650 1339 694 menses
1382 645 1726 710 praeturam
1768 655 1981 713 gerere
2011 651 2246 716 posset,

170 713 281 792 qui
309 733 429 777 non
465 717 717 779 honoris
750 719 1005 794 gradum
1034 727 1359 795 spectaret,
1394 728 1458 780 ut
1516 719 1723 795 ceteri,
1755 722 1866 781 sed
1901 730 1962 783 et
1981 724 2046 782 L.
2077 725 2243 786 Paul-

168 803 300 861 lum
332 802 628 878 collegam
659 803 932 876 effugere
961 805 1177 877 vellet,
1213 803 1505 877 singulari
1540 804 1756 866 virtute
1792 804 2020 879 civem,
2056 814 2115 867 et
2142 824 2245 866 an-

169 902 318 945 num
381 884 680 960 integrum
730 887 808 945 ad
862 887 1313 948 dilacerandam
1363 904 1489 948 rem
1547 888 1853 964 publicam
1911 899 2245 964 quaereret,

171 968 373 1031 subito
388 971 634 1044 reliquit
648 987 870 1030 annum
888 988 1066 1032 suum
1082 986 1349 1046 seseque
1375 972 1434 1030 in
1447 972 1673 1033 annum
1696 974 2041 1044 proximum
2055 982 2246 1034 trans·
2336 1044 2341 1051 ,

167 1052 330 1126 tulit,
362 1070 518 1127 non,
555 1062 621 1115 ut
649 1054 746 1129 fit,
777 1054 1070 1129 religione
1100 1053 1340 1129 aliqua,
1370 1057 1483 1116 sed
1517 1064 1583 1116 ut
1612 1057 1878 1131 liaberet,
1912 1058 2081 1133 quod
2112 1055 2256 1133 ipse

172 1135 445 1210 dicebat,
477 1137 571 1195 ad
611 1145 958 1212 praeturam
1000 1138 1362 1212 gerendam,
1408 1138 1527 1198 hoc
1559 1148 1682 1211 est,
1729 1141 1808 1200 ad
1851 1142 2249 1203 evertendam

170 1236 299 1278 rem
338 1218 672 1293 publicam,
718 1222 962 1294 plenum
997 1237 1218 1279 annum
1261 1228 1447 1294 atque
1489 1222 1804 1296 integrum.
1891 1221 1992 1285 25.
2025 1224 2242 1285 Occur-

171 1303 348 1361 rebat
390 1301 448 1361 ei
479 1317 754 1361 mancam
796 1319 868 1362 ac
913 1302 1173 1362 debilem
1207 1311 1553 1377 praeturam
1582 1307 1842 1364 suturam
1888 1322 2064 1366 suam
2105 1323 2243 1367 con-

174 1386 312 1446 sule
354 1385 610 1446 Milone:
669 1401 805 1446 eum
861 1400 1045 1460 porro
1092 1401 1330 1445 summo
1375 1402 1686 1447 consensu
1732 1388 1947 1462 populi
1994 1389 2250 1449 Romani

177 1469 493 1529 consulem
539 1467 670 1529 fieri
729 1467 994 1530 videbat.
1084 1468 1347 1530 Contulit
1387 1485 1456 1528 se
1495 1470 1573 1527 ad
1617 1469 1748 1528 eius
1798 1470 2247 1546 competitoreS,

174 1554 290 1614 sed
317 1552 431 1626 ita,
476 1560 656 1614 totam
688 1560 755 1614 ut
783 1552 1137 1628 petitionem
1171 1552 1308 1627 ipse
1344 1554 1516 1613 solus
1548 1552 1727 1614 etiam
1761 1551 1965 1614 invitis
1995 1553 2113 1614 illis
2143 1571 2249 1630 gu-

173 1638 487 1708 bernaret,
523 1643 646 1698 tota
675 1644 742 1698 ut
771 1635 1206 1710 comitia'suiS,
1231 1644 1299 1697 ut
1328 1635 1656 1710 dictitabat,
1691 1635 1961 1696 humeris
1991 1636 2250 1698 sustine·

172 1727 286 1782 ret.
375 1720 769 1781 convocabat
809 1720 1031 1794 tribus,
1076 1737 1145 1780 se
1192 1719 1650 1796 interponebat,
1695 1719 1989 1782 Collinam
2029 1737 2250 1780 novam

173 1803 402 1866 dilectu
450 1802 1000 1880 perditissimorum
1048 1803 1271 1864 civium
1318 1802 1764 1866 conscribebat.
1867 1803 2101 1879 Quanto
2151 1803 2259 1864 ille

177 1888 353 1961 plura
386 1887 714 1961 miscebat,
755 1895 924 1950 tanto
953 1886 1053 1949 hic
1076 1887 1271 1962 magis
1300 1886 1362 1946 in
1394 1887 1527 1949 dies
1559 1889 2048 1949 convalescebat.
2133 1886 2253 1949 Ubi

174 1969 327 2031 vidit
353 1971 537 2031 homo
559 1972 638 2030 ad
668 1987 848 2033 omne
882 1973 1118 2032 lacinus
1148 1970 1572 2047 paratissimus
1610 1971 2006 2034 fortissimum
2038 1971 2249 2037 virum.

177 2052 660 2114 inimicissimum
693 2070 901 2128 suum,
940 2054 1343 2116 certissimum
1372 2055 1707 2128 consulem,
1742 2055 1932 2130 idque
1957 2055 2253 2117 intellexit

179 2141 301 2196 n‘on
333 2138 531 2198 solum
561 2136 979 2211 sermonibuS,
1023 2139 1135 2199 sed
1176 2138 1357 2200 etiam
1393 2137 1704 2214 suffragiis
1746 2139 1958 2214 populi
1993 2136 2252 2200 Romani

181 2235 373 2295 saepe
401 2235 544 2282 esse
575 2221 977 2294 declaratum,
1013 2223 1211 2297 palam
1252 2238 1438 2298 agere
1479 2222 1682 2298 coepit
1714 2230 1774 2283 et
1801 2225 2011 2298 aperte
2043 2221 2250 2281 dicere

179 2304 582 2366 occidendum
611 2304 916 2366 Milonem.
971 2305 1073 2368 26.
1106 2304 1336 2367 Servos
1369 2316 1645 2382 agrestes
1678 2314 1736 2368 et
1764 2306 2080 2380 barbarOS,
2118 2304 2251 2379 qui-

178 2390 295 2449 bus
340 2386 529 2449 silvas
575 2389 851 2465 publicas
894 2390 1306 2466 depopulatus
1351 2399 1481 2451 erat
1505 2390 1929 2465 Etruriamque
1977 2396 2250 2461 vexarat,

180 2488 258 2531 ex
286 2472 614 2547 Apennino
665 2474 1029 2548 deduxerat,
1074 2490 1234 2548 quos
1275 2473 1598 2535 videbatis.
1685 2475 1809 2534 Res
1846 2482 1976 2534 erat
2004 2472 2252 2532 minime

179 2556 458 2616 obscura.
546 2557 782 2618 Etenim
819 2558 1024 2632 palam
1070 2556 1386 2633 dictitabat
1428 2558 1808 2618 consulatum
1839 2552 2054 2616 Miloni
2096 2550 2250 2628 eripi

180 2656 301 2699 non
336 2656 556 2716 posse,
604 2640 786 2701 vitam
819 2656 1028 2715 posse.
1117 2637 1497 2715 Significavit
1539 2640 1658 2702 hoc
1693 2655 1884 2714 saepe
1917 2637 1978 2700 in
2016 2644 2251 2708 senatu,

178 2722 331 2784 dixit
380 2722 439 2784 in
484 2722 805 2785 contiones
859 2722 1004 2798 quin
1046 2723 1226 2785 etiam
1252 2724 1333 2782 M.
1375 2722 1678 2797 Favonio,
1725 2720 2057 2803 fortissimo
2099 2717 2256 2793 viro,

181 2806 498 2882 quaerenti
537 2816 615 2870 ex
644 2824 721 2869 eo
752 2825 876 2884 qua
904 2824 1018 2883 spe
1050 2808 1278 2869 fureret
1302 2804 1532 2867 Milone
1559 2804 1740 2880 vivo,
1784 2803 2107 2881 respondit
2146 2801 2248 2864 tri-

178 2891 304 2953 duo
334 2891 500 2953 illum
525 2901 630 2953 aut
657 2907 957 2953 summum
983 2891 1328 2967 quadriduo
1358 2905 1503 2951 esse
1533 2887 1897 2966 periturumz
1933 2905 2116 2964 quam
2146 2903 2252 2948 vo-

179 2991 312 3035 cem
359 2976 493 3037 eius
538 2978 617 3036 ad
648 2975 810 3036 hune
837 2976 916 3037 M.
947 2976 1238 3037 Catonem
1278 2971 1480 3037 statim
1505 2970 1817 3034 Favonius
1864 2972 2092 3036 detulit.
2180 2970 2255 3032 X.

178 3057 280 3120 27.
316 3060 561 3121 Interim
593 3076 783 3136 quum
811 3059 996 3121 sciret
1025 3058 1275 3121 Clodius
1307 3090 1395 3104 —
1422 3072 1627 3133 neque
1654 3054 1816 3118 enim
1845 3064 1974 3119 erat
2007 3055 2259 3116 difficile

181 3144 341 3204 scire
370 3180 439 3187 —-
461 3143 581 3203 iter
601 3144 878 3205 sollenne
895 3190 911 3218 ,
953 3140 1301 3218 legitimum,
1329 3138 1749 3203 necessarium
1771 3148 1912 3202 ante
1934 3138 2097 3201 diem
2117 3152 2255 3198 xm.

182 3226 493 3288 Kalendas
525 3226 890 3290 Februarias
912 3225 1124 3288 Miloni
1145 3243 1292 3287 esse
1318 3224 1659 3287 Lanuvium
1683 3224 1763 3285 ad
1783 3223 2091 3285 flaminem
2114 3235 2258 3295 pro·

182 3310 481 3383 dendum,
533 3312 708 3387 quod
730 3318 860 3373 erat
892 3311 1150 3371 dictator
1174 3307 1432 3371 Lanuvii
1474 3307 1642 3382 Milo,
1677 3308 1873 3379 Roma
1897 3304 2099 3368 subito
2119 3302 2261 3378 ipse

184 3396 494 3465 proiectus
535 3393 732 3471 pridie
773 3401 896 3468 est,
940 3402 1005 3455 ut
1046 3403 1182 3454 ante
1211 3408 1390 3455 suum
1417 3391 1700 3465 fundum,
1731 3388 1901 3465 quod
1927 3402 1996 3446 re
2029 3383 2259 3445 intelle-
