2514 3928
166 288 236 342 21
793 275 956 335 CAP.
989 284 1219 336 8—11.
1265 283 1321 341 5.
1350 283 1608 338 18-25,
2050 253 2057 266 ⁸
2115 276 2241 340 319

168 429 448 491 suasisse
487 443 566 487 ne
611 433 674 486 tu
717 426 960 500 quidem
1000 423 1174 486 dicis.
1265 428 1346 485 At
1393 425 1600 486 Miloni
1643 442 1720 486 ne
1752 427 1957 488 favere
1990 428 2235 503 quidem

169 512 361 588 potui.
416 510 591 570 Prius
625 506 786 569 enim
818 525 944 568 rem
982 507 1276 583 transegit
1306 526 1489 583 quam
1524 508 1849 585 quisquam
1877 527 2015 571 eum
2050 512 2236 574 factu-

166 612 298 656 rum
329 593 390 653 id
421 592 859 667 suspicaretur.
923 593 1004 651 At
1041 608 1157 666 ego
1194 590 1385 652 suasi.
1456 591 1703 652 Scilicet
1745 592 1798 653 is
1840 594 2079 655 animus
2108 606 2238 658 erat

164 675 442 749 MiloniS,
486 686 553 738 ut
588 677 890 751 prodesse
930 675 1019 735 rei
1062 674 1341 751 publicae
1380 674 1519 734 sine.
1558 690 1817 735 suasore
1845 694 1967 738 non
2004 689 2237 753 posset.

165 764 247 822 At
282 763 541 822 laetatus
570 776 724 820 sum.
790 758 946 833 Quid
972 766 1163 834 ergo?
1203 758 1264 818 in
1297 766 1459 819 tanta
1489 756 1714 819 laetitia
1744 769 1999 820 cunctae
2028 760 2232 824 civitat

167 844 243 904 tis
289 862 386 905 me
426 861 606 905 unum
664 844 892 905 tristem
946 859 1090 904 esse
1146 843 1511 917 oportebat?
1603 840 1704 903 22.
1740 841 2119 918 Quamquam
2161 847 2238 904 de

164 938 358 989 morte
408 927 597 988 Clodii
642 927 752 987 ruit
793 926 1074 1003 quaestio
1118 943 1240 986 non
1283 928 1431 987 satis
1473 925 1807 1001 prudenter
1845 926 1948 986 illa
1989 926 2235 1002 quidem

164 1012 507 1073 constituta.
560 1010 716 1084 Quid
746 1011 904 1071 enim
934 1010 1225 1072 attinebat
1259 1026 1420 1070 nova
1448 1011 1582 1085 lege
1631 1009 1844 1085 quaeri
1873 1011 1951 1070 de
1993 1027 2101 1084 e0‚
2135 1009 2238 1085 qui

162 1096 470 1156 hominem
494 1094 842 1164 occidisset,
881 1110 1063 1169 quum
1091 1101 1262 1154 esset
1284 1092 1521 1167 legibus
1551 1091 1831 1168 quaestio
1869 1094 2239 1155 constituta?

166 1178 507 1255 quaesitum
539 1185 635 1237 est
662 1185 881 1237 tamen.
928 1177 1104 1250 Quod
1137 1175 1334 1250 igitur,
1370 1194 1554 1252 quum
1585 1193 1686 1237 res
1716 1179 2026 1253 agebatur,
2055 1195 2233 1239 nemo

168 1263 228 1322 in
265 1278 363 1322 me
394 1260 575 1333 dixit,
607 1260 667 1319 id
696 1268 782 1320 tot
810 1260 987 1320 annis
1019 1268 1162 1334 post
1189 1266 1252 1319 tu
1279 1276 1348 1319 es
1378 1258 1659 1319 inventus
1692 1261 1797 1335 qui
1830 1261 2112 1323 diceres?
2214 1267 2224 1276 “

289 1343 392 1405 23.
425 1343 603 1417 Quod
630 1358 775 1402 vero
807 1342 1014 1403 dicere
1034 1358 1227 1402 ausus
1257 1358 1328 1402 es
1353 1341 1540 1417 idque
1568 1345 1769 1404 multis
1798 1344 2022 1418 verbis,
2047 1360 2239 1422 opera

164 1443 303 1488 mea
330 1425 684 1501 Pompeium
729 1443 765 1486 a
795 1425 1078 1486 Caesaris
1124 1424 1386 1485 amicitia
1417 1441 1560 1486 esse
1594 1425 1928 1487 diiunctum
1964 1428 2043 1488 ob
2074 1444 2235 1489 eam·

164 1528 285 1587 que
315 1527 567 1572 causam
601 1510 783 1583 culpa
821 1525 956 1569 mea
981 1508 1209 1570 bellum
1243 1506 1424 1567 civile
1463 1524 1607 1569 esse
1640 1517 1864 1582 natum,
1895 1509 1953 1569 in
1998 1526 2073 1570 eo
2112 1528 2236 1572 non

162 1603 229 1655 tu
259 1592 506 1669 quidem
538 1601 662 1654 tota
694 1609 791 1666 re,
835 1594 978 1664 sed,
1021 1592 1188 1666 quod
1217 1591 1548 1652 maximum
1582 1601 1705 1666 est,
1736 1592 2113 1668 temporibus
2143 1611 2236 1655 er·

163 1679 329 1739 rasti.
417 1679 487 1739 X.
523 1678 653 1752 Ego
682 1677 761 1736 M.
793 1676 1043 1749 Bibulo,
1093 1674 1620 1750 praestantissimo
1652 1674 1819 1750 cive,
1859 1679 2115 1738 consule
2148 1678 2236 1737 ni-

161 1762 245 1821 hil
276 1759 683 1838 praetermisi,
731 1770 1020 1836 quantum
1066 1759 1270 1819 facere
1313 1758 1580 1833 enitique
1624 1759 1821 1834 potui,
1872 1760 2015 1836 quin
2056 1761 2230 1822 Pom-

164 1844 365 1920 peium
409 1862 445 1903 a
489 1843 766 1905 Caesaris
826 1841 1255 1905 coniunctione
1314 1858 1658 1904 avocarem.
1718 1844 1784 1903 In
1845 1862 1967 1919 quo
2012 1845 2236 1905 Cacsar

163 1929 399 1992 felicior
430 1928 556 1992 suit.
590 1930 733 2004 lpse
756 1929 914 1988 enim
930 1926 1281 2003 Pompeium
1311 1944 1347 1987 a
1370 1943 1506 1989 mea
1533 1926 1932 1990 familiaritate
1959 1927 2235 1989 diiunxit.

163 2012 384 2072 Postea
413 2029 557 2072 vero
590 2029 774 2087 quam
800 2029 871 2073 se
898 2019 1091 2072 totum
1119 2009 1446 2086 Pompeius
1483 2011 1726 2072 Caesari
1770 2012 2041 2085 tradidit,
2089 2013 2236 2088 quid

163 2111 279 2171 ego
324 2094 490 2155 illum
538 2095 614 2155 ab
657 2111 732 2156 eo
788 2094 1127 2155 distrahere
1182 2101 1483 2155 conarer?
1553 2095 1730 2157 Stulti
1781 2103 1912 2156 erat
1964 2113 2235 2171 sperare,

162 2179 429 2240 suadere
479 2178 873 2254 impudentis.
959 2175 1060 2239 24.
1105 2179 1240 2238 Duo
1296 2185 1496 2238 tamen
1555 2187 1832 2254 tempora
1873 2178 2235 2252 inciderunt,

163 2262 388 2338 quibus
430 2261 657 2339 aliquid
704 2271 918 2323 contra
949 2263 1270 2323 Caesarem
1300 2261 1590 2337 Pompeio
1622 2262 1942 2324 suaserim.
2012 2264 2101 2322 Ea
2128 2281 2234 2323 ve-

163 2345 265 2406 lim
294 2346 741 2422 reprehendaS,
786 2345 839 2406 si
875 2354 1083 2422 potes=
1128 2362 1343 2418 unum,
1378 2362 1455 2413 ne
1486 2344 1885 2422 quinquennii
1914 2346 2234 2422 imperium

162 2429 409 2490 Caesari
442 2439 827 2505 prorogaretz
869 2433 1160 2501 alterum,
1208 2446 1287 2489 ne
1330 2439 1638 2505 pateretur
1678 2431 1817 2491 ferri
1863 2440 1928 2492 ut
1958 2431 2231 2492 ab'sentis

160 2513 293 2574 eius
329 2513 480 2575 ratio
514 2514 854 2574 baberetur.
927 2514 1194 2588 Quorum
1239 2511 1296 2574 si
1324 2512 1621 2575 utrumvis
1654 2515 2132 2589 persuasissem,
2174 2515 2233 2573 in

161 2599 272 2658 has
302 2597 580 2658 miserias
611 2614 939 2673 numquam
964 2595 1415 2658 incidissemus.
1458 2599 1664 2673 Atque
1686 2598 1846 2658 idem
1877 2613 2016 2673 ego,
2048 2615 2235 2672 quum

161 2684 275 2741 iam
308 2698 462 2763 opes
493 2697 706 2742 omnes
736 2688 798 2742 et
826 2698 973 2742 suas
1004 2689 1064 2741 et
1095 2680 1306 2756 populi
1332 2680 1591 2742 Romani
1618 2681 1945 2757 Pompeius
1977 2681 2055 2740 ad
2088 2680 2234 2741 Cae-

162 2782 360 2826 sarem
393 2764 743 2839 detulisset,
786 2781 1055 2840 seroque
1098 2781 1172 2825 ea
1204 2764 1435 2827 sentire
1466 2764 1807 2840 coepisset,
1854 2780 2015 2840 quae
2043 2765 2231 2826 multo

159 2858 297 2910 ante
321 2848 727 2925 provideram,
761 2846 1093 2925 inferrique
1120 2847 1352 2924 patriae
1373 2848 1596 2908 bellum
1615 2847 1885 2907 viderem
1916 2849 2238 2918 nefarium,

161 2935 361 3007 paciS,
415 2931 813 3007 concordiae,
865 2931 1331 3007 compositionis
1374 2939 1590 2992 auctor
1640 2948 1783 2992 esse
1834 2948 1955 2992 non
2011 2930 2231 3002 destiti,

159 3032 417 3090 meaque
445 3016 546 3076 illa
576 3033 700 3076 vox
740 3024 835 3097 est
863 3023 1008 3076 nota
1038 3014 1274 3075 multis=
1334 3014 1603 3088 Utinam,
1654 3016 1757 3076 Cn.
1788 3012 2056 3092 Pompei,
2102 3033 2232 3077 cum

160 3100 219 3159 C.
251 3101 508 3161 Caesare
534 3103 863 3161 societatem
909 3105 1018 3161 aut
1052 3115 1372 3174 numquam
1402 3101 1615 3160 coasses
1642 3108 1749 3160 aut
1775 3117 2096 3176 numquam
2132 3101 2234 3160 di-

159 3181 463 3244 remisses!
532 3186 678 3243 Fuit
713 3187 966 3244 alterum
997 3184 1313 3257 ,aravitatzk
1326 3229 1342 3256 ,
1389 3186 1645 3244 alterum
1672 3186 2038 3260 prudentiae
2076 3193 2235 3244 tuae.

158 3266 320 3326 Haec
350 3282 517 3338 mea,
557 3267 639 3326 M.
668 3265 927 3339 Antoni,
972 3283 1218 3342 semper
1260 3273 1321 3326 et
1361 3266 1441 3326 de
1468 3266 1758 3343 Pompeio
1801 3275 1862 3327 et
1902 3266 1981 3326 de
2022 3282 2091 3325 re
2123 3282 2234 3340 pu-

159 3348 315 3409 blica
342 3348 600 3410 consilia
634 3351 904 3411 fuerunt:
936 3349 1178 3423 quaesi
1212 3349 1579 3420 valuissent,
1613 3367 1715 3411 res
1755 3349 2000 3425 publica
2030 3354 2236 3418 staret,

161 3439 221 3491 tu
258 3430 375 3492 tuis
406 3431 684 3508 flagitiis,
714 3440 1019 3508 egestate,
1050 3432 1299 3494 infamia
1328 3431 1736 3493 concidisses.

276 3515 376 3574 XI.
419 3513 520 3576 25.
551 3514 676 3576 Sed
698 3516 852 3577 haec
876 3524 1100 3588 vetera,
1132 3516 1282 3576 illud
1304 3530 1451 3576 vero
1476 3530 1716 3586 recenS,
1749 3515 2072 3573 Caesarem
2093 3523 2232 3566 meo
