2514 3928
229 223 297 278 73
331 266 337 271 ,
824 215 990 274 cAP.
1021 224 1284 278 12—15.
1317 222 1369 282 s.
1403 223 1475 278 34
1493 252 1556 262 -
1583 227 1671 280 42.
2169 215 2291 281 297

224 363 333 428 tibi
374 382 495 427 non
544 372 875 425 suscenset
921 397 1007 408 ——
1051 373 1220 424 esset
1261 363 1420 425 enim
1463 383 1586 428 non
1624 369 1819 428 solum
1850 367 2150 445 ingratuS‚
2172 372 2293 432 sed

224 448 406 510 etiam
436 463 762 520 amens—‚
790 463 997 507 verum
1029 462 1269 508 omnem
1301 450 1788 525 tranquillitatem
1820 459 1880 512 et
1908 453 2171 528 quietem
2194 471 2281 516 se

223 530 487 592 nectutis
516 535 831 605 acceptam
859 532 1046 589 refert
1076 529 1433 591 clementiae
1462 539 1623 594 tuae.
1693 533 1851 593 XIV.
1884 536 2014 609 Quo
2050 520 2292 612 quidem
2374 574 2377 579 -

224 612 427 674 animo
458 629 644 689 quum
667 619 847 672 antea
876 610 987 673 suit
1012 619 1136 673 tum
1159 627 1282 672 non
1304 611 1514 675 dubito
1547 614 1692 690 quin
1724 615 1843 677 tuis
1863 617 2106 692 litteriS,
2145 637 2297 705 qua-

224 712 357 756 rum
389 696 734 772 exemplum
769 693 919 771 legi,
960 712 1115 770 quas
1144 694 1223 754 ad
1267 711 1406 756 eum
1437 697 1780 759 Tarracone
1807 697 1949 760 huic
1987 686 2297 764 Blesamio

224 776 478 853 dedisti,
528 796 628 840 se
652 777 846 854 magis
898 777 1078 841 etiam
1132 778 1396 840 erexerit
1433 780 1512 841 ab
1549 780 1835 856 omnique
1885 782 2291 844 sollicitudine

222 862 603 925 abstraxerit.
703 862 887 923 Iubes
935 860 1094 924 enim
1150 879 1290 924 eum
1344 863 1501 925 bene
1547 880 1799 941 sperare
1846 873 1907 926 et
1946 865 2110 926 bono
2154 882 2296 927 esse

221 948 421 1008 animo
447 992 464 1021 ,
534 946 701 1022 quod
760 944 889 1008 scio
955 954 1014 1007 te
1068 962 1189 1007 non
1239 947 1459 1009 frustra
1512 946 1785 1010 scribere
1838 950 2062 1010 solere.
2168 947 2293 1009 Me-

115 1044 121 1049 ·
222 1029 365 1091 mini
404 1028 575 1090 ‚enim
631 1027 851 1090 iisdem
908 1029 1034 1088 sere
1096 1027 1303 1089 verbis
1353 1030 1430 1089 ad
1487 1039 1685 1092 mete
1736 1032 2007 1093 scribere
2073 1047 2295 1107 meque

224 1113 340 1174 tuis
401 1111 614 1174 litteris
664 1112 823 1172 bene
873 1127 1126 1186 sperare
1187 1128 1310 1173 non
1359 1114 1584 1175 frustra
1634 1131 1778 1176 esse
1824 1117 2081 1177 iussum.
2191 1113 2293 1177 39.

231 1197 471 1257 Laboro
530 1192 815 1270 equidem
857 1192 1022 1268 regis
1079 1193 1348 1254 Deiotari
1402 1210 1619 1271 causa,
1656 1213 1920 1273 quocum
1962 1197 2107 1258 mihi
2147 1196 2291 1258 ami-

220 1277 423 1339 citiam
467 1292 572 1338 res
624 1275 872 1352 publica
932 1275 1317 1351 conciliavit,
1376 1277 1705 1353 hospitium
1757 1283 2039 1342 voluntas
2071 1281 2288 1342 utrius-

222 1377 344 1436 que
371 1357 728 1434 coniunxit,
780 1356 1239 1420 familiaritatem
1272 1362 1666 1422 ‘consuetudo
1724 1363 1948 1435 attulit,
1999 1378 2294 1424 summam

222 1459 369 1513 vero
411 1442 925 1504 necessitudinem
972 1457 1191 1516 magna
1222 1439 1357 1502 eius
1401 1442 1608 1503 officia
1665 1444 1724 1504 in
1778 1461 1874 1504 me
1918 1454 1978 1506 et
2029 1443 2091 1506 in
2119 1461 2293 1506 exer-

219 1527 402 1588 citum
446 1541 647 1587 meum
688 1524 1052 1587 effecerunt=
1101 1524 1213 1585 scd
1259 1542 1444 1601 quum
1487 1526 1566 1587 de
1628 1526 1731 1588 illo
1783 1528 1995 1588 laboro
2039 1534 2161 1589 tum
2217 1529 2292 1590 de

217 1608 424 1671 multis
448 1607 842 1685 amplissimis
864 1606 1031 1683 viriS,
1059 1606 1282 1690 quibus
1308 1610 1498 1669 semel
1521 1609 1790 1684 ignotum
1814 1627 1850 1670 a
1873 1619 1932 1672 te
1945 1626 2088 1672 esse
2113 1627 2294 1686 opor·

218 1703 333 1765 tet,
379 1709 493 1755 nec
530 1694 898 1756 beneficium
943 1701 1114 1754 tuum
1150 1691 1209 1751 in
1241 1690 1493 1754 dubium
1523 1692 1764 1768 vocari,
1810 1709 1925 1754 nec
1949 1693 2205 1755 haerere
2231 1691 2293 1754 in

220 1774 438 1837 animis
490 1775 799 1838 hominum
842 1772 1314 1836 sollicitudinem
1359 1775 1818 1853 sempiternam,
1861 1793 1977 1838 nec
2013 1777 2297 1838 accidere

220 1868 284 1920 ut
317 1857 643 1934 quisquam
675 1865 733 1919 te
764 1857 974 1919 timere
1002 1856 1254 1933 incipiat
1283 1873 1526 1935 eorum,
1556 1859 1663 1935 qui
1691 1858 1812 1921 sint
1846 1860 2034 1920 semel
2065 1878 2103 1922 a
2135 1869 2196 1923 te
2224 1858 2266 1919 li

220 1941 416 2004 berati
445 1940 680 2004 timore.
764 1939 870 2003 40.
898 1941 1030 2002 Non
1064 1941 1283 2016 debeo,
1316 1942 1379 2003 C.
1411 1941 1652 2017 Caesar,
1687 1943 1853 2019 quod
1884 1942 2016 2005 fieri
2053 1943 2211 2005 solet
2232 1941 2292 2003 in

222 2023 408 2085 tantis
455 2022 772 2098 periculis,
819 2032 1112 2098 temptare
1151 2040 1494 2101 ecquonam
1537 2028 1722 2089 modo
1754 2026 2015 2088 dicendo
2060 2024 2286 2087 miseri·

220 2106 492 2168 cordiam
523 2114 686 2168 tuam
722 2121 1108 2167 commovere
1148 2106 1402 2181 possim.
1486 2107 1642 2170 Nihil
1679 2126 1838 2187 opus
1868 2118 1983 2171 est.
2072 2108 2292 2171 Occur—

221 2206 361 2250 rere
402 2189 562 2249 solet
603 2187 741 2263 ipsa
785 2188 1170 2264 supplicibus
1212 2198 1273 2252 et
1313 2191 1716 2268 calamitosis,
1760 2191 1987 2256 nullius
2018 2193 2295 2254 oratione

220 2281 498 2334 evocata.
583 2270 865 2347 Propone
902 2271 1007 2336 tibi
1039 2273 1198 2335 duos
1233 2290 1414 2350 reges
1445 2284 1505 2337 et
1531 2274 1592 2336 id
1618 2275 1820 2338 animo
1852 2277 2288 2351 contemplare,

226 2354 389 2431 quod
453 2354 651 2417 oculis
701 2371 825 2417 non
869 2364 1067 2431 potes.
1153 2357 1342 2419 Dabis
1388 2359 1667 2434 prolecto
1717 2358 1780 2420 id
1834 2357 2294 2421 misericordiae

221 2443 392 2517 quod
421 2442 777 2506 iracundiae
808 2442 1147 2519 denegasti.
1207 2444 1398 2505 Multa
1427 2452 1574 2505 sunt
1604 2449 2000 2504 monumenta
2031 2443 2292 2501 clemen·

218 2526 343 2588 tiae
378 2533 542 2601 tuae,
576 2530 689 2591 sed
725 2526 989 2588 maxima
1018 2544 1234 2589 eorum
1261 2526 1734 2597 incolumitates,
1767 2526 1992 2602 quibus
2029 2524 2294 2585 salutem

224 2610 468 2674 dedisti.
550 2610 717 2685 Quae
739 2609 800 2671 si
834 2610 895 2670 in
926 2608 1179 2685 privatis
1203 2609 1474 2685 gloriosa
1497 2617 1656 2683 sunt,
1685 2609 1873 2670 multo
1904 2604 2100 2681 magis
2134 2619 2295 2663 com-

221 2692 762 2757 memorabuntur
744 2711 805 2753 ιιι
834 2691 1103 2768 regibus.
1170 2692 1427 2768 Semper
1455 2690 1687 2768 regium
1720 2706 1943 2753 nomen
1975 2686 2057 2748 in.
2066 2686 2183 2746 hac
2215 2683 2296 2744 ci·

223 2779 412 2840 vitate
445 2785 722 2839 sanctum
766 2775 893 2850 suit,
924 2774 1231 2838 sociorum
1264 2791 1411 2836 vero
1455 2792 1665 2851 regum
1702 2782 1763 2836 et
1792 2772 2126 2834 amicorum
2159 2784 2296 2829 san·

223 2861 582 2924 ctissimum.
668 2860 801 2921 XV.
842 2856 943 2921 41.
987 2858 1163 2933 Quod
1205 2874 1425 2919 nomen
1456 2858 1518 2918 hi
1550 2874 1728 2933 reges
1758 2873 1837 2918 ne
1868 2852 2211 2917 amitterent·
2240 2857 2300 2910 tc

224 2944 460 3007 victore
490 2943 845 3018 timuerunt,
870 2950 1165 3004 retentum
1192 2958 1337 3003 vero
1363 2949 1562 3003 etate
1584 2941 2003 3001 confirmatum
2033 2931 2300 3013 posteris

227 3030 409 3090 etiam
459 3026 591 3089 suis
632 3025 963 3089 tradituros
1007 3041 1077 3086 sc
1118 3041 1262 3086 esse
1306 3024 1637 3086 confidunt.
1727 3025 1996 3099 Corpora
2042 3037 2155 3082 sua
2187 3033 2299 3095 pro

226 3095 426 3175 salute
452 3127 665 3189 regum
709 3125 960 3171 suorum
1012 3107 1075 3167 hi
1117 3106 1301 3183 legati
1331 3107 1434 3169 tibi
1462 3106 1614 3185 regii
1640 3108 1914 3182 tradunt,
1976 3104 2194 3166 Hieras
2242 3109 2299 3161 et

226 3193 572 3256 Blesamius
603 3202 666 3254 et
692 3190 1052 3267 Antigonus,
1090 3189 1191 3252 tibi
1225 3189 1530 3268 nobisque
1553 3189 1878 3253 omnibus
1864 3207 1980 3250 nam
2018 3188 2121 3247 diu
2156 3183 2298 3257 noti,

228 3278 575 3351 eademque
603 3277 728 3337 fide
762 3282 823 3336 ct
853 3275 1070 3336 virtute
1105 3274 1418 3370 praeditus
1445 3275 1772 3351 DorylauS,
1809 3274 1910 3348 qui
1941 3285 2137 3344 nuper
2166 3280 2297 3326 cum

231 3359 415 3419 Hiera
456 3362 696 3434 legatus
726 3366 822 3420 est
841 3358 927 3417 ad
961 3366 1020 3418 te
1048 3358 1308 3430 missuS,
1347 3373 1530 3432 quum
1556 3372 1765 3432 regum
1798 3347 2149 3415 amicissimi
2177 3354 2299 3405 tum

230 3441 338 3501 tibi
368 3440 566 3516 etiam,
594 3450 660 3502 ut
695 3458 899 3517 spere,
931 3438 1186 3516 probati.
1264 3402 1366 3500 4'2
1396 3440 1665 3516 Exquire
1695 3439 1774 3498 de
1800 3430 2104 3495 Blesamio
2157 3445 2301 3486 num
