2514 3928
175 232 249 287 ⁴7
835 225 1002 285 CAP.
1032 232 1229 286 6--8-
1268 229 1324 290 S.
1359 233 1624 286 12-18,
2141 223 2264 286 145

178 376 310 436 lum
372 373 741 436 domicilium
771 374 992 435 sceleri
1047 391 1163 435 suo
1219 376 1351 435 fore
1405 383 1786 450 putaverunt.
1862 374 2123 435 Caedem
2174 376 2258 435 illi

177 457 431 532 civium,
461 476 577 520 vos
607 458 959 519 servitutem
991 458 1332 533 expetistis.
1374 460 1486 520 Hic
1519 475 1632 519 vos
1657 460 1839 518 etiam
1862 459 2258 523 crudelioreS.

175 540 341 604 Huic
385 541 545 602 enim
596 543 827 616 populo
868 542 949 603 ita
992 544 1188 602 suerat
1227 550 1369 602 alite
1414 559 1529 603 vos
1575 543 1863 601 consules
1892 542 2140 603 libertas
2171 543 2228 601 in

176 626 319 698 sita,
353 633 421 684 ut
449 624 639 685 emori
667 627 873 700 potius
911 641 1092 701 quam
1123 626 1357 684 servire
1382 632 1740 700 praestaret.
1796 623 1897 686 16.
1931 625 2086 685 Illud
2112 642 2256 687 vero

176 707 493 784 geminum
533 709 809 770 consiliis
840 709 1131 770 Catilinae
1175 716 1237 768 et
1271 709 1540 781 Lentuli,
1585 708 1755 783 quod
1784 723 1879 768 me
1909 708 2094 769 domo
2125 726 2261 770 mea

177 791 542 867 expulistis,
581 791 685 851 Cn.
713 792 1069 868 Pompeium
1102 792 1349 853 domum
1380 810 1555 854 suam
1588 791 1992 866 compulistis.
2049 792 2261 867 Neque

175 875 343 936 enim
389 892 485 936 me
525 885 725 938 stante
767 883 828 936 et
859 885 1142 936 manente
1171 877 1231 935 in
1263 876 1433 938 urbis
1468 876 1672 950 vigilia
1704 889 1909 950 neque
1934 873 2260 936 resistente

176 959 291 1020 Cn.
317 959 642 1035 Pompeio,
690 960 954 1021 omnium
999 960 1269 1034 gentium
1301 960 1566 1034 victore,
1600 975 1891 1034 umquam
1921 975 1992 1020 se
2023 958 2103 1018 illi
2134 975 2260 1018 rem

180 1043 490 1139 publicam
521 1044 728 1104 delere
761 1060 952 1118 posse
983 1044 1306 1104 duxerunt.
1346 1048 1405 1104 A
1427 1061 1524 1106 me
1549 1042 1797 1120 quidem
1820 1042 2001 1104 etiam
2024 1059 2260 1117 poenas

181 1125 532 1202 expetistis,
561 1126 787 1202 quibus
803 1126 1257 1187 coniuratorum
1275 1144 1485 1188 manes
1504 1135 1878 1188 mortuorum
1895 1125 2259 1210 expiaretis·

180 1226 367 1270 omne
415 1208 655 1281 odium,
700 1207 1004 1269 inclusum
1048 1209 1296 1269 nefariis
1338 1209 1627 1270 sensibus
1667 1201 2017 1284 impiorum,
2061 1211 2120 1269 in
2165 1227 2262 1271 me

184 1291 572 1366 profudistis·
639 1254 913 1363 ’Quorum
956 1306 1076 1364 ego
1106 1291 1298 1350 furori
1328 1291 1446 1352 nisi
1475 1292 1838 1366 cessissem,
1880 1293 1938 1352 in
1975 1294 2261 1354 Catilinae

184 1375 376 1433 busto
424 1373 600 1434 vobis
646 1372 904 1433 ducibus
951 1380 1250 1433 mactatus
1295 1388 1517 1433 essem.
1593 1373 1771 1446 Quod
1811 1383 2011 1434 autem
2063 1378 2260 1435 maius

184 1455 481 1517 indicium
510 1455 884 1530 exspectatis
926 1455 1073 1515 nihil
1109 1456 1264 1515 inter
1292 1472 1409 1516 vos
1450 1456 1852 1517 et·Catilinam
1891 1456 2261 1529 interfuisse,

191 1556 381 1616 quam
429 1539 597 1616 quod
639 1540 913 1600 eamdem
959 1539 1118 1599 illam
1151 1556 1395 1600 manum
1424 1557 1503 1600 ex
1531 1539 1943 1601 intermortuis
1975 1540 2264 1601 Catilinae

186 1624 475 1698 reliquiis
517 1621 913 1683 concitastis?
968 1624 1136 1698 quod
1178 1639 1394 1684 omnes
1438 1624 1714 1700 undique
1759 1625 2036 1699 perditos
2081 1627 2263 1685 colle·

183 1708 409 1784 gistis?
463 1707 631 1783 quod
685 1707 744 1766 in
791 1722 887 1766 me
931 1723 1245 1767 carcerem
1292 1706 1641 1770 effudistis?
1696 1709 1866 1783 quod
1909 1708 2264 1770 coniuratos

184 1791 515 1851 armastis?
558 1790 724 1866 quod
770 1806 981 1851 eorum
1024 1792 1189 1851 ferro
1233 1806 1307 1850 ac
1349 1793 1537 1853 furori
1581 1808 1782 1853 meum
1817 1808 2045 1867 corpus
2078 1800 2263 1868 atque

185 1875 456 1936 omnium
498 1874 798 1935 bonorum
844 1875 1025 1935 vitam
1071 1874 1340 1936 obiicere
1392 1875 1717 1937 voluistis?
1788 1876 1950 1935 Vlll.
1992 1873 2090 1939 17.
2134 1875 2261 1938 Sed
2345 1934 2348 1935 ⁷

185 1961 307 2020 iam
348 1959 537 2020 redeo
570 1958 650 2018 ad
683 1959 1057 2034 praeclaram
1087 1958 1250 2020 illam
1282 1958 1629 2022 contionem
1659 1968 1843 2021 tuam.
1922 1960 2011 2023 Tu
2040 1977 2111 2022 es
2142 1961 2260 2035 ille,

186 2044 288 2104 cui
323 2043 652 2103 crudelitas
682 2041 1006 2117 displicet?
1045 2042 1178 2118 qui,
1221 2060 1407 2119 quum
1439 2052 1692 2105 senatus
1722 2045 1947 2105 luctum
1982 2061 2057 2106 ac
2087 2045 2258 2105 dolo·

184 2144 316 2187 rem
361 2142 538 2186 suum
584 2127 776 2186 vestis
830 2125 1159 2187 mutatione
1192 2127 1624 2189 declarandum
1655 2128 2033 2202 censuisset,
2075 2144 2262 2202 quum

188 2210 434 2271 videres
478 2226 751 2272 maerere
791 2227 918 2270 rem
957 2210 1265 2285 publicam
1306 2211 1666 2286 amplissimi
1711 2212 1943 2273 ordinis
1986 2213 2178 2282 luctu,
2223 2227 2280 2272 o.

188 2302 401 2355 noster
440 2292 824 2366 misericorS,
869 2293 1018 2370 quid
1058 2293 1255 2355 facis?
1294 2293 1467 2369 Quod
1500 2296 1665 2357 nulla
1693 2293 1752 2354 in
1783 2295 2064 2356 barbaria
2094 2293 2280 2371 quis--

192 2395 378 2454 quam
407 2385 725 2457 tyrannus.
791 2377 1009 2439 Omitto
1038 2379 1197 2439 enim
1226 2378 1406 2450 illud,
1444 2380 1761 2441 consulem
1786 2380 2036 2440 'edicere
2069 2389 2135 2442 ut
2164 2395 2260 2438 se-

191 2469 370 2524 natus
415 2462 696 2524 consulto
737 2477 814 2521 ne
854 2463 1332 2538 obtemperetur=
1379 2480 1501 2538 quo
1544 2463 1786 2525 foedius
1827 2479 1940 2523 nec
1985 2462 2118 2524 fieri
2147 2478 2273 2523 nec¹

194 2545 447 2621 cogitari
476 2545 810 2621 quidquam
844 2555 1066 2621 potest.
1110 2546 1210 2606 Ad
1240 2547 1724 2608 misericordiam
1755 2547 1946 2607 redeo
1978 2546 2129 2617 eiuS,
2163 2546 2264 2606 cui

196 2625 372 2690 nimis
416 2630 658 2691 videtur
686 2639 937 2700 senatus
967 2629 1025 2690 in
1044 2646 1086 2692 -t
1099 2630 1489 2690 onservanda
1516 2629 1717 2706 patria
1747 2629 1940 2689 fuisse
1973 2628 2256 2689 crudelis!

195 2711 296 2775 18.
338 2714 594 2775 EdIcere
624 2720 719 2775 est
743 2729 935 2774 ausus
970 2730 1105 2775 cum
1135 2712 1238 2774 illo
1270 2728 1386 2773 suo
1419 2712 1581 2787 pari,
1626 2728 1809 2788 quem
1838 2719 2038 2771 tamen
2069 2710 2247 2773 omni·

193 2798 313 2858 bus
353 2796 513 2859 vitiis
553 2813 848 2873 superare
888 2797 1201 2874 cupiebat,
1243 2805 1312 2857 ut
1356 2806 1608 2857 senatus
1651 2803 1863 2856 contra
1903 2811 2084 2870 quam
2125 2794 2269 2871 ipse·

197 2882 541 2942 censuisset
567 2882 644 2942 ad
674 2882 957 2942 vestitum
985 2881 1226 2943 rediret.
1277 2879 1424 2955 Quis
1449 2879 1573 2941 hoc
1602 2879 1743 2939 fecit
1769 2879 1893 2940 ulla
1924 2878 1982 2938 in
2010 2878 2265 2958 Scythia

196 2973 520 3044 tyrannus,
572 2973 637 3027 ut
668 2981 814 3038 eos,
859 2982 1020 3040 quos
1050 2967 1216 3026 luctu
1244 2964 1568 3038 adficeret,
1604 2964 1814 3038 lugere
1844 2979 1963 3025 non
1996 2963 2267 3028 sineret?

197 3049 533 3110 Maerorem
565 3049 895 3125 relinquis:
939 3050 1235 3110 maeroris
1268 3049 1475 3109 aufers
1504 3047 1784 3124 insignia.
1854 3047 2057 3125 Eripis
2087 3049 2261 3110 lacri-

198 3149 329 3193 mas
401 3149 524 3194 non
568 3133 983 3206 consolando,
1027 3133 1139 3193 sed
1178 3133 1486 3194 minando.
1555 3131 1729 3207 Quod
1771 3132 1826 3194 si
1866 3143 2097 3194 vestem
2135 3149 2262 3192 non

196 3216 443 3293 publico
478 3216 757 3291 consilio,
800 3226 1007 3292 patres
1049 3216 1414 3291 conscripti,
1465 3217 1578 3277 sed
1620 3214 1858 3291 privato
1903 3217 2112 3278 officio
2156 3223 2266 3275 aut

203 3298 621 3362 misericordia
648 3301 1082 3374 mutavissent,
1113 3309 1311 3360 tamen
1342 3300 1405 3361 id
1438 3299 1534 3360 his
1572 3316 1695 3359 non
1724 3299 1911 3360 licere
1940 3316 2051 3373 per
2077 3300 2260 3359 inter-

196 3387 358 3448 dicta
369 3383 699 3463 potestatis
715 3391 858 3445 tuae
872 3380 1252 3444 crudelitatis
1268 3388 1399 3442 erat
1413 3396 1536 3441 non
1560 3380 1880 3442 serendae·
1906 3395 2091 3455 quum
2108 3393 2261 3437 vero

198 3470 259 3531 id
282 3477 539 3532 senatus
566 3470 861 3544 frequens
895 3464 1244 3529 censuisset
1274 3472 1338 3527 et
1360 3478 1577 3525 omnes
1599 3463 1852 3603 ordinfg
1886 3459 2106 3531 reliqui
2137 3458 2264 3516 iam

283 3570 399 3616 cic.
429 3554 500 3613 ll.
531 3559 584 3613 3.
