2514 3928
229 198 317 261 64
469 199 546 259 ΙΝ
583 199 650 259 P.
692 199 1076 260 VATlNlUM
1117 199 1426 260 TESTEM
1467 200 2063 264 INTERROGATIO.

236 371 357 430 que
393 361 455 414 tu
485 370 672 428 quum
716 351 811 412 his
857 343 1044 427 a‘tque
1091 352 1276 414 huius
1321 354 1486 413 modi
1518 352 1795 416 consiliis
1829 371 1904 415 ac
1936 356 2312 421 facinoribus

237 436 480 498 nomine
517 437 579 497 C.
618 435 933 512 Caesaris,
984 436 1444 513 clementissimi
1489 446 1673 513 atque
1709 438 1922 514 optimi
1970 440 2117 516 viri,
2177 459 2308 503 sce-

238 524 360 582 lere
391 536 541 581 vero
574 529 762 596 atque
799 521 1060 580 audacia
1094 527 1226 596 tua,
1278 521 1360 580 Μ.
1395 518 1679 583 Bibulum
1714 523 1880 595 soro,
1930 524 2131 597 curia,
2164 534 2306 587 tem·

235 605 383 681 pliS,
414 605 567 665 locis
602 603 867 679 publicis
897 605 1181 666 omnibus
1206 604 1592 681 expulisseS,
1625 606 1926 668 inclusum
1966 609 2132 669 domi
2165 626 2305 671 con-

228 689 492 764 tinereS,
547 705 860 764 quumque
894 705 1015 749 non
1061 691 1377 753 maiestate
1418 688 1687 765 imperii,
1746 708 1867 752 non
1909 692 2041 753 iure
2086 695 2307 770 legum,

234 774 347 835 sed
376 774 598 834 ianuae
629 772 943 849 praesidio
986 779 1046 833 et
1080 774 1379 849 parietum
1411 773 1712 834 custodiis
1758 776 2038 838 consulis
2073 778 2194 839 vita
2221 788 2306 840 te-

231 866 507 934 geretur,
563 855 885 917 miserisne
911 856 1208 917 viatorem
1239 856 1345 933 qui
1372 857 1455 917 M.
1483 857 1768 919 Bibulum
1801 861 1986 921 domo
2017 860 2078 921 vi
2109 871 2306 924 extra-

232 942 431 1012 heret,
465 949 558 1012 ιιι,
600 941 767 1017 quod
798 938 858 1000 in
891 938 1146 1016 privatis
1176 958 1423 1017 semper
1444 950 1540 1003 est
1568 952 1907 1019 servatum,
1935 943 1997 1004 id
2032 953 2089 1005 te
2119 945 2305 1006 tribu-

233 1042 311 1086 no
319 1026 521 1103 plebis
540 1023 777 1086 consuli
808 1025 1030 1086 domus
1061 1024 1347 1086 exsilium
1388 1042 1533 1087 esse
1583 1044 1705 1088 non
1751 1035 2009 1103 posset?
2077 1027 2180 1090 23.
2215 1029 2306 1091 Si·

232 1109 483 1185 mulque
508 1107 651 1168 mihi
676 1109 1053 1183 respondeto
1086 1117 1180 1182 tu,
1212 1109 1320 1185 qui
1349 1126 1495 1183 ηοε,
1530 1110 1634 1186 qui
1666 1112 1745 1172 de
1775 1111 2077 1173 communi
2109 1115 2306 1176 salute

232 1191 685 1268 consentimuS,
729 1200 1029 1271 tyrannos
1063 1210 1289 1266 vocas,
1338 1194 1608 1256 fuerisne
1634 1212 1761 1256 non
1784 1196 2065 1255 tribunus
2091 1197 2309 1270 plebis,

232 1277 346 1338 sed
374 1276 796 1341 intolerandus
827 1293 908 1337 ex
943 1293 1142 1339 caeno
1187 1279 1400 1340 nescio
1439 1278 1545 1354 qui
1575 1290 1761 1356 atque
1800 1296 1881 1341 ex
1912 1280 2181 1342 tenebris
2213 1289 2305 1360 ty-

230 1369 505 1423 rannus?
561 1361 664 1438 qui
696 1361 955 1439 primum
986 1379 1123 1423 eam
1158 1379 1286 1423 rem
1322 1362 1659 1439 publicam,
1704 1380 1863 1439 quae
1890 1364 2189 1441 auspiciis
2217 1366 2304 1426 in·

234 1447 431 1508 ventis
487 1446 818 1508 constituta
867 1454 994 1521 est,
1061 1448 1283 1508 iisdem
1345 1446 1643 1523 auspiciis
1694 1448 1952 1509 sublatis
2003 1444 2305 1510 ‘conarere

233 1539 607 1607 pervertere,
631 1530 856 1591 deinde
879 1530 1304 1592 sanctissimas
1330 1533 1519 1616 legeS,
1538 1532 1775 1592 Aeliam
1799 1541 1860 1593 et
1879 1532 2112 1593 Fufiam
2144 1535 2303 1607 dico,

231 1632 392 1690 quae
423 1614 485 1675 in
517 1614 930 1675 Gracchorum
970 1614 1286 1677 ferocitate
1317 1615 1465 1676 etin
1508 1616 1770 1678 audacia
1807 1616 2117 1678 Saturnini
2152 1626 2213 1678 et
2243 1619 2300 1678 in

230 1698 580 1759 colluvione
611 1698 792 1758 Drusi
823 1705 884 1758 et
917 1697 979 1757 in
1011 1699 1404 1762 contentione
1435 1699 1688 1776 Sulpicii
1721 1710 1782 1762 et
1821 1702 1882 1760 in
1915 1717 2135 1762 cruore
2168 1702 2300 1762 Cin-

232 1799 422 1853 nano,
471 1781 652 1842 etiam
689 1781 846 1843 inter
874 1780 1124 1844 Sullana
1154 1799 1322 1844 arma
1351 1783 1661 1856 vixerunt,
1709 1787 1883 1846 solus
1914 1786 2298 1847 conculcaris

229 1881 303 1925 ac
335 1881 450 1941 pro
488 1864 678 1925 nihilo
708 1864 979 1943 putaris,
1024 1868 1126 1942 qui
1159 1869 1474 1938 consulem
1518 1868 1696 1930 morti
1731 1870 2065 1944 obieceris,
2110 1869 2302 1930 inclu-

229 1966 367 2011 sum
411 1949 763 2026 obsederis,
795 1950 1117 2012 extrahere
1152 1969 1232 2013 ex
1270 1952 1401 2014 suis
1429 1952 1607 2015 tectis
1639 1963 1898 2016 conatus
1931 1952 2051 2017 sis:
2098 1952 2202 2032 qui
2237 1953 2300 2015 in

231 2050 306 2093 eo
323 2033 685 2110 magistratu
708 2051 832 2099 non
860 2037 1074 2109 [modo]
1102 2036 1431 2097 emerseris
1457 2054 1533 2096 ex
1550 2035 1957 2108 mendicitate,
1984 2040 2098 2099 sed
2122 2039 2303 2099 etiam

229 2116 458 2178 divitiis
487 2134 604 2178 nos
633 2117 755 2178 iam
778 2117 901 2180 tuis
924 2126 1178 2192 terreas,
1215 2120 1489 2182 merisne
1512 2129 1681 2182 tanta
1706 2122 2086 2197 crudelitate,
2111 2131 2179 2184 ιιι
2199 2123 2303 2184 de·

230 2203 427 2262 lectos
458 2201 627 2262 viros
659 2211 723 2262 et
748 2202 1060 2278 principes
1098 2204 1365 2265 civitatis
1397 2208 1617 2265 tollere
1653 2213 1713 2266 et
1742 2206 1953 2267 delere
1983 2213 2091 2268 tua
2120 2223 2298 2283 roga·

229 2286 399 2345 tione
430 2301 747 2359 conarere,
779 2287 878 2361 [X.
902 2285 1029 2361 24.]
1063 2305 1252 2364 quum
1271 2290 1338 2348 L.
1363 2290 1659 2364 Vettium,
1696 2289 1800 2364 qui
1823 2289 1881 2350 in
1905 2299 2127 2352 senatu
2151 2308 2297 2353 con-

229 2372 435 2430 sessus
462 2377 633 2430 esset
654 2385 726 2431 se
752 2387 891 2432 cum
914 2375 1039 2432 telo
1065 2372 1280 2444 fuisse,
1303 2385 1564 2436 mortem
1588 2374 1696 2436 Cn.
1713 2374 2031 2450 Pompeio,
2056 2391 2297 2436 summo
2321 2376 2328 2381 ’

224 2463 291 2514 et
323 2454 664 2516 clarissimo
696 2455 845 2527 civi,
889 2455 1020 2517 suis
1050 2456 1330 2517 manibus
1363 2458 1590 2518 offerre
1620 2459 1927 2532 voluisse,
1972 2461 2031 2520 in
2069 2457 2304 2520 contio·

227 2553 369 2599 nem
400 2538 790 2615 produxeris,
816 2539 1080 2601 indicem
1102 2541 1163 2600 in
1185 2542 1427 2614 rostriS,
1449 2541 1509 2602 in
1540 2543 1663 2611 illo,
1701 2542 1971 2619 inquam,
1998 2541 2302 2620 augurato

227 2626 458 2701 templo
490 2640 565 2685 ac
595 2626 736 2686 loco
763 2625 1109 2695 collocaris,
1147 2642 1273 2701 quo
1299 2627 1683 2687 auctoritatis
1709 2627 2132 2703 exquirendae
2159 2644 2302 2688 cau-

227 2725 300 2769 sa
346 2708 537 2771 ceteri
578 2709 804 2771 tribuni
848 2708 1045 2785 plebis
1087 2708 1403 2787 principes
1453 2709 1716 2772 civitatis
1757 2711 2111 2787 producere
2156 2728 2304 2772 con·

228 2802 512 2869 suerunt,
565 2793 648 2854 ibi
700 2805 765 2856 tu
819 2794 1080 2855 indicem
1119 2794 1388 2856 Vettium
1436 2794 1702 2870 linguam
1749 2803 1811 2856 et
1860 2811 2076 2857 vocem
2123 2812 2301 2856 suam

229 2877 450 2936 sceleri
485 2885 547 2938 et
574 2878 759 2938 menti
801 2887 941 2939 tuae
975 2879 1273 2955 praebere
1303 2877 1582 2952 voluisti,
1628 2878 1931 2941 dixeritne
1959 2879 2028 2939 L.
2056 2879 2300 2940 Vettius

229 2959 288 3021 in
321 2959 607 3022 contione
640 2968 743 3023 tua
774 2971 1026 3038 rogatus
1064 2980 1100 3023 a
1128 2971 1188 3024 te
1233 2979 1377 3023 sese
1414 2971 1701 3025 auctores
1732 2971 1794 3024 et
1834 2963 2204 3039 impulsores
2241 2973 2304 3024 et

229 3044 439 3107 socios
483 3044 778 3106 habuisse
809 3047 1065 3109 sceleris
1107 3048 1270 3108 illius
1313 3064 1425 3109 eos
1461 3046 1664 3123 viros,
1717 3046 1943 3123 quibus
1990 3064 2026 3108 e
2057 3046 2303 3108 civitate

227 3129 516 3204 sublatiS,
568 3131 735 3204 quod
769 3138 832 3191 tu
861 3146 938 3193 eo
983 3138 1262 3207 tempore
1304 3131 1668 3206 moliebare,
1710 3131 1927 3192 civitas
1971 3140 2133 3193 stare
2175 3147 2299 3191 non

224 3220 486 3289 posset?
538 3213 620 3272 M.
652 3213 966 3291 Bibulum,
1012 3215 1189 3277 cuius
1224 3215 1569 3279 inclusione
1613 3225 1939 3279 contentus
1975 3232 2096 3277 non
2139 3230 2302 3289 eraS,

225 3296 569 3359 interficere
602 3300 920 3373 volueraS,
951 3300 1257 3376 spoliaras
1290 3301 1649 3377 consulatu,
1694 3300 1891 3377 patria
1920 3298 2163 3377 privare
2192 3314 2304 3360 cu-

225 3382 472 3458 piebas=
528 3382 596 3442 L.
623 3382 972 3457 Lucullum,
1021 3385 1197 3448 cuius
1241 3395 1305 3447 tu
1351 3387 1536 3448 rebus
1579 3385 1802 3462 gestis.
1854 3385 2019 3461 quod
2051 3383 2188 3462 ipse
2220 3382 2303 3443 ad
