2514 3928
165 249 315 313 *212
568 249 717 310 PRO
756 249 820 310 C.
849 248 1172 309 RABIRIO
1207 246 1569 309 POSTUMO
1603 248 1912 311 ORATIO.
2173 264 2292 319 11⁵

129 408 134 413 ’
185 417 498 478 repugno=
524 399 676 462 illud
703 408 904 461 tamen
931 402 1250 478 deprecor,
1272 409 1354 474 ut,
1391 419 1576 476 quum
1597 402 1676 461 ab
1704 400 2118 478 ipsaFortuna
2140 422 2292 469 cru-

185 484 501 547 delissime
534 484 739 546 videat
767 484 950 546 huius
973 484 1231 546 consilia
1260 501 1405 546 esse
1432 487 1715 557 multata,
1768 503 1848 548 ne
1880 488 2029 563 quid
2061 490 2142 550 ad
2168 507 2287 553 eas

185 569 413 641 ruinaS,
446 568 673 644 quibus
693 567 794 629 hic
819 585 1166 646 oppressus
1190 577 1303 643 est,
1335 570 1686 630 addendum
1712 571 2064 634 acerbitatis
2086 583 2284 649 putet.

185 652 350 715 Satis
395 662 492 714 est
530 653 811 714 homines
852 653 1265 730 imprudentia
1312 655 1530 728 lapsos
1578 671 1703 714 non
1747 654 2017 732 erigere,
2057 675 2287 734 urgere

184 754 332 797 vero
362 736 636 799 iacentes
667 745 773 799 aut
801 737 1278 815 praecipitantes
1321 737 1638 813 impellere
1680 747 1847 800 certe
1875 748 1974 802 est
2003 740 2286 803 inhuma—

183 838 350 897 num,
373 821 751 898 praesertim,
781 822 1038 897 iudiceS,
1064 838 1248 897 quum
1272 820 1490 883 sithoc
1514 821 1724 897 generi
1744 822 2054 885 hominum
2080 843 2288 904 prope

183 914 401 969 natura
428 907 664 982 datum,
707 906 823 980 uti,
862 924 984 981 qua
1028 903 1089 966 in
1122 904 1348 966 familia
1375 905 1512 967 laus
1546 905 1754 982 aliqua
1800 909 1957 969 sorte
1983 907 2285 985 floruerit,

183 991 342 1051 hanc
389 992 547 1063 fere,
581 990 687 1066 qui
714 997 860 1051 sunt
887 989 1021 1051 eius
1063 989 1304 1065 stirpis,
1344 990 1515 1064 quod
1545 1005 1834 1053 sermone
1864 991 2178 1056 hominum
2205 1011 2287 1056 ac

182 1074 475 1134 memoria
498 1083 738 1150 patrum
767 1071 1022 1135 virtutes
1045 1073 1447 1148 celebrentur,
1473 1071 1874 1150 cupid1ssime
1897 1092 2282 1154 persequan—

183 1166 307 1219 tur=
354 1156 409 1218 si
445 1156 693 1233 quidem
723 1174 846 1219 non
878 1156 1064 1219 modo
1097 1157 1158 1218 in
1194 1158 1389 1232 gloria
1410 1157 1500 1218 rei
1535 1157 1811 1220 militaris
1840 1159 2115 1223 Paullum
2141 1162 2279 1223 Sci·

181 1241 288 1318 pio
344 1249 451 1303 aut
475 1241 809 1302 Maximum
846 1242 1044 1317 filius,
1088 1242 1201 1303 sed
1244 1240 1425 1303 etiam
1466 1240 1528 1301 in
1562 1235 1897 1306 devotione
1927 1245 2087 1307 vitae
2116 1254 2177 1306 et
2212 1244 2277 1306 in

180 1325 324 1402 ipso
356 1342 583 1402 genere
612 1327 823 1388 mortis
853 1326 1121 1388 imitatus
1158 1334 1256 1388 est
1283 1326 1348 1386 Ρ.
1379 1325 1634 1387 Decium
1664 1326 1848 1389 filius.
1937 1328 2071 1390 Sint
2095 1328 2281 1406 igitur

183 1409 422 1485 similia,
446 1411 706 1485 iudiceS‚
735 1428 930 1487 parva
957 1411 1215 1488 magnis.
1288 1411 1366 1471 ΙΙ.
1397 1410 1457 1471 3.
1492 1410 1631 1471 Fuit
1659 1412 1819 1472 enim
1856 1412 2067 1489 pueris
2094 1414 2279 1475 nobis

181 1495 365 1557 huius
396 1504 572 1571 pater
596 1495 656 1555 C.
686 1495 946 1570 CurtiuS,
975 1495 1267 1573 princeps
1297 1494 1533 1556 ordinis
1555 1495 1863 1571 equestris
1907 1496 2279 1559 fortissimus

182 1589 245 1642 et
271 1579 576 1641 maximus
609 1580 1004 1656 publicanus,
1050 1579 1227 1641 cuius
1257 1577 1318 1638 in
1351 1579 1618 1655 negotiis
1653 1580 1944 1655 gerendis
1975 1583 2267 1658 magnitu-

184 1664 388 1725 dinem
418 1664 603 1725 animi
634 1681 757 1725 non
786 1673 905 1726 tam
935 1663 1217 1725 homines
1248 1663 1639 1738 probassent,
1672 1662 1793 1725 nisi
1823 1665 1881 1725 in
1918 1666 2140 1727 eodem
2170 1667 2277 1726 be·

182 1749 446 1824 nignitas
495 1748 870 1809 incredibilis
915 1748 1161 1821 ruisset,
1201 1753 1270 1807 ut
1310 1746 1369 1807 in
1420 1749 1706 1823 augenda
1727 1764 1794 1808 re
1826 1765 1946 1809 non
1980 1747 2278 1811 avaritiae

182 1833 478 1909 praedam
496 1877 512 1907 ,
555 1833 667 1892 sed
708 1832 1170 1893 instrumentum
1200 1830 1461 1893 bonitati
1492 1847 1793 1907 quaerere
1826 1831 2153 1896 videretur.
2213 1832 2275 1896 4.

181 1916 318 1977 Hoc
347 1913 451 1976 ille
475 1921 687 1986 natuS,
736 1931 1107 1991 quamquam
1135 1922 1376 1993 patrem
1405 1932 1586 1979 suum
1617 1932 1951 1993 numquam
2021 1918 2276 1989 viderat,

182 2007 386 2060 tamen
420 2003 486 2061 et
513 2006 733 2061 natura
761 1998 898 2076 ipsa
929 2001 1106 2071 duce,
1137 2017 1300 2077 quae
1314 2001 1644 2077 plurimum
1668 2004 1848 2072 valet,
1883 2009 1944 2063 et
2001 2001 2277 2064 adsiduis

187 2080 665 2144 domesticorum
699 2078 1089 2141 sermonibus
1131 2079 1193 2140 in
1233 2088 1529 2156 paternae
1582 2096 1771 2154 curae
1827 2079 2280 2143 similitudinem

188 2167 495 2229 deductus
523 2173 636 2229 est.
725 2163 915 2224 Multa
944 2165 1166 2239 gessit=
1196 2166 1384 2225 multa
1414 2163 1750 2226 contraxite
1780 2181 2039 2240 magnas
2076 2173 2280 2242 partes

186 2249 402 2311 habuit
442 2248 863 2326 publicorumz
907 2246 1166 2309 credidit
1205 2248 1488 2324 populis=
1530 2247 1589 2308 in
1638 2247 1917 2324 pluribus
1944 2247 2279 2323 provinciis

189 2334 320 2394 eius
362 2341 611 2394 versata
648 2348 751 2393 res
797 2340 922 2393 est=
973 2332 1141 2392 dedit
1174 2347 1244 2392 se
1275 2331 1457 2393 etiam
1491 2331 1772 2407 regibus:
1815 2331 1957 2392 huic
1985 2332 2108 2408 ipsi
2144 2331 2279 2393 Ale-

186 2416 492 2478 xandrino
535 2416 830 2491 grandem
874 2415 994 2476 iam
1032 2422 1170 2477 ante
1200 2416 1525 2492 pecuniam
1559 2416 1857 2478 credidit:
1905 2431 2019 2477 nec
2048 2414 2281 2477 interea

186 2501 564 2576 locupletare
606 2498 841 2561 amicos
883 2516 1174 2576 umquam
1225 2517 1380 2562 suos
1410 2499 1671 2573 destitit,
1720 2500 1955 2562 mittere
1995 2499 2054 2561 in
2089 2515 2278 2576 nego-

184 2583 363 2653 tium,
412 2586 562 2646 dare
593 2593 835 2661 partes,
867 2600 1095 2660 augere
1120 2598 1219 2659 re,
1250 2585 1376 2646 fide
1401 2592 1766 2646 sustentare.
1857 2583 2014 2659 Quid
2044 2586 2231 2645 multa
2249 2590 2281 2642 v

190 2686 379 2747 quum
412 2668 829 2747 magnitudine
858 2667 1042 2729 animi
1069 2676 1194 2730 tum
1222 2668 1584 2730 liberalitate
1613 2667 1799 2729 vitam
1829 2668 2021 2745 patris
2052 2676 2113 2730 et
2133 2684 2278 2728 con-

187 2753 574 2817 suetudinem
618 2761 1034 2829 expresserat.
1127 2753 1348 2814 Pulsus
1386 2753 1620 2814 interea
1659 2769 1850 2829 regno
1892 2752 2277 2814 Ptolemaeus

194 2838 435 2901 dolosis
476 2837 774 2913 consiliis,
804 2847 872 2900 ut
910 2836 1064 2899 dixit
1093 2837 1359 2916 Sibylla,
1393 2836 1590 2899 sensit
1615 2835 1973 2910 PostumuS,
2022 2836 2276 2898 Romam

189 2923 378 2983 venit.
464 2923 622 2984 Huic
663 2922 869 2998 egenti
897 2931 959 2984 et
984 2921 1224 2997 roganti
1266 2919 1367 2980 hic
1395 2921 1609 2982 infelix
1641 2921 1964 2996 pecuniam
1997 2918 2276 2992 credidit,

187 3021 306 3066 nec
329 3012 456 3066 tum
483 3006 776 3081 primum=
802 3022 942 3066 nam
966 3005 1244 3082 regnanti
1269 3004 1616 3066 crediderat
1636 3004 1884 3078 absens,
1910 3019 2026 3064 nec
2050 3012 2277 3064 temere

188 3106 258 3151 se
283 3089 537 3150 credere
559 3089 828 3164 putabat,
849 3089 1015 3165 quod
1039 3097 1173 3151 erat
1183 3088 1412 3150 nemini
1435 3088 1690 3150 dubium
1710 3088 1860 3165 quin
1878 3088 1933 3149 is
1948 3087 2009 3148 in
2025 3103 2276 3164 regnum

185 3172 608 3235 restitueretur
651 3189 689 3232 a
722 3181 940 3235 senatu
968 3174 1329 3249 populoque
1358 3174 1658 3235 Romano.
1748 3171 1807 3234 5.
1836 3172 2143 3246 Infidando
2173 3188 2277 3231 au·

189 3266 309 3319 tem
331 3266 393 3319 et
415 3257 726 3318 credendo
752 3259 1058 3332 processit
1079 3256 1342 3333 longius,
1373 3273 1489 3319 nec
1525 3272 1701 3318 suam
1724 3257 1926 3319 solum
1955 3253 2276 3332 pecuniam

189 3339 479 3416 credidit,
512 3341 623 3400 sed
657 3340 837 3401 etiam
866 3340 1218 3404 amicorum.
1309 3341 1533 3403 Stultez
1582 3340 1722 3416 quis
1752 3346 1977 3417 negat?
2006 3348 2110 3401 aut
2141 3336 2277 3414 quis

188 3426 307 3485 iam
336 3441 459 3485 non
490 3422 819 3485 admonet?
874 3424 1047 3499 Quod
1086 3427 1244 3486 male
1265 3425 1502 3501 cecidit,
1535 3424 1694 3487 bene
1727 3428 2074 3488 consultum
2106 3429 2276 3498 puta-

191 3516 337 3570 res?
375 3510 444 3569 Id
478 3516 574 3570 est·
620 3508 903 3583 difficile,
948 3509 1116 3584 quod
1145 3526 1284 3571 cum
1314 3525 1431 3586 spe
1465 3525 1690 3586 magna
1720 3509 1810 3572 sis
1834 3509 2184 3585 ingressus,
2212 3501 2276 3568 td
