2514 3928
55 335 126 389 19
558 370 569 376 .
809 324 1201 385 CAP.1—2.
1245 329 1299 388 s.
1331 333 1524 386 1—5.
2005 320 2127 383 117

49 476 195 538 tatis
217 483 440 549 tantae,
468 481 750 551 quantam
767 490 883 534 vos
907 476 965 534 in
997 490 1094 533 me
1117 490 1259 534 esse
1284 473 1583 546 voluistiS,
1608 491 1759 536 usus
1784 472 2136 544 mediocriS,

50 560 283 636 ingenii
310 557 555 619 minime
585 557 880 619 voluntati
911 557 1098 632 paris.
1183 558 1331 617 Nam
1409 558 1658 631 ceteris,
1702 576 1739 619 a
1783 557 2006 633 quibus
2042 565 2136 618 est

51 645 376 715 defensus,
407 643 570 703 hunc
602 643 826 702 debere
858 640 1180 716 plurimum
1208 641 1421 702 video=
1454 657 1590 716 ego,
1623 650 1915 717 quantum
1944 640 2002 700 ei
2030 641 2136 700 de-

53 729 267 798 beam,
305 726 426 786 alio
467 726 647 786 loco=⁷
672 725 735 787 2.
767 723 1068 801 principio
1098 723 1395 786 orationis
1421 724 1540 784 hoc
1577 741 1771 799 pono,
1819 741 1916 784 me
1946 722 2137 785 omni-

48 811 208 884 bu8‚
244 808 349 885 qui
377 809 555 870 amici
585 808 805 871 suerint
834 807 1015 870 saluti
1046 817 1108 870 et
1141 806 1418 884 dignitati
1446 824 1636 879 meae,
1669 807 1946 869 siminus
1980 807 2137 866 rese·

51 895 251 954 reuda
277 895 472 969 gratia
499 891 649 954 satis
682 894 882 953 facere
918 892 1248 968 potuerim,
1292 891 1708 967 praedicanda
1747 901 1809 952 et
1856 890 2140 950 habenda

54 986 224 1038 certe
254 976 405 1038 satis
435 993 580 1039 esse
612 977 923 1037 facturum.
960 976 1127 1050 Quae
1157 977 1338 1038 fuerit
1369 976 1659 1037 hesterno
1692 975 1793 1035 die
1824 973 1928 1034 Cn.
1964 974 2138 1034 Pom-

57 1060 185 1134 peii
221 1060 489 1136 gravitas
519 1061 579 1120 in
611 1059 905 1132 dicende,
939 1060 1207 1133 iudiceS‚
1242 1076 1403 1137 quae
1434 1060 1711 1132 facultaS,
1746 1074 1907 1134 quae
1937 1056 2139 1132 copia,

53 1160 180 1204 non
215 1144 508 1220 opinione
538 1143 716 1204 tacita
744 1151 1088 1205 vestrorum
1118 1145 1455 1205 animorum
1478 1189 1496 1218 ‚
1527 1144 1638 1204 sed
1673 1141 2003 1225 perspicua
2032 1141 2139 1200 ad-

54 1227 376 1289 miratione
419 1226 717 1288 declarari
762 1226 1101 1287 videbatur.
1195 1227 1357 1287 Nihil
1400 1229 1561 1286 enim
1598 1243 1889 1302 umquam
1930 1222 2140 1285 audivi

57 1313 229 1386 quod
271 1309 418 1369 mihi
471 1311 551 1368 de
589 1308 720 1368 iure
760 1308 1045 1370 subtilius
1086 1308 1208 1368 dici
1262 1310 1602 1382 videretur,
1645 1309 1793 1369 nihil
1846 1307 2141 1370 memoria

58 1393 295 1453 maiore
331 1393 410 1451 de
452 1392 771 1465 exempli3‚
810 1390 959 1450 nihil
1008 1390 1260 1465 peritius
1292 1391 1371 1451 de
1401 1390 1784 1465 foederibus,
1828 1392 1976 1452 nihil
2008 1392 2140 1451 illu-

62 1475 289 1537 striore
318 1474 676 1534 auctoritate
707 1474 784 1534 de
812 1472 1008 1546 bellis,
1040 1472 1189 1533 nihil
1217 1474 1296 1534 de
1325 1489 1393 1534 re
1424 1472 1669 1548 publica
1696 1473 1965 1548 gravius,
1997 1473 2143 1533 nihil

63 1561 146 1619 de
176 1560 316 1634 ipso
346 1555 717 1629 modestiuS,
763 1555 911 1616 nihil
941 1558 1020 1617 de
1051 1573 1241 1618 causa
1270 1566 1331 1619 et
1365 1555 1618 1617 crimine
1646 1555 1949 1616 ornatius:
1987 1555 2047 1617 3.
2077 1565 2143 1616 ut

62 1642 208 1702 mihi
238 1644 357 1702 iam
384 1657 591 1701 verum
626 1639 905 1702 videatur
932 1641 1078 1700 illud
1110 1657 1271 1716 esse,
1304 1640 1471 1716 quod
1500 1657 1624 1701 non
1657 1641 1802 1701 nulli
1835 1638 2047 1700 litteris
2071 1655 2145 1698 ac

61 1725 283 1788 studiis
301 1723 615 1786 doctrinae
629 1724 816 1784 dediti
844 1725 1020 1800 quasi
1045 1723 1335 1800 quiddam
1362 1723 1720 1785 incredibile
1745 1723 1951 1784 dicere
1973 1730 2145 1799 puta·

56 1811 300 1881 bantur,
330 1807 404 1883 ei,
423 1807 530 1884 qui
555 1825 768 1870 omnes
795 1808 998 1869 animo
1017 1808 1271 1871 virtutes
1286 1807 1531 1885 penitus
1559 1807 2144 1884 comprehendisset,

61 1893 284 1966 omnia,
322 1909 483 1969 quae
516 1893 764 1966 faceret,
793 1900 960 1953 recte
990 1910 1060 1953 se
1089 1895 1256 1954 dare.
1335 1893 1502 1969 Quae
1532 1890 1691 1952 enim
1723 1891 1786 1954 in
1819 1893 1885 1951 L.
1918 1891 2139 1952 Crasso

61 1977 277 2053 potuit,
307 1976 557 2037 homine
592 1985 734 2038 nato
762 1978 844 2038 ad
876 1976 1120 2038 dicendi
1143 1979 1514 2054 singularem
1544 1977 1870 2053 quamdam
1894 1976 2142 2037 faculta-

59 2070 214 2132 tem,
260 2059 312 2120 si
340 2060 499 2120 hanc
529 2077 779 2122 causam
808 2070 1047 2136 ageret,
1094 2062 1291 2122 maior
1337 2078 1482 2122 esse
1527 2062 1810 2134 uberum,
1863 2059 2145 2131 varietaS,

64 2144 264 2219 copia,
301 2160 484 2219 quam
520 2143 630 2204 fuit
656 2144 717 2203 in
750 2160 859 2219 e0,
890 2144 996 2219 qui
1030 2153 1254 2205 tantum
1281 2143 1477 2221 potuit
1504 2144 1813 2220 impertire
1843 2141 1985 2203 huic
2018 2150 2143 2202 stu·

63 2228 169 2289 dio
201 2225 514 2301 temporis,
551 2236 838 2303 quantum
863 2229 1001 2303 ipse
1024 2245 1060 2288 a
1083 2228 1345 2304 pueritia
1365 2245 1567 2302 usque
1589 2229 1669 2289 ad
1696 2228 1856 2287 hanc
1886 2232 2146 2286 aetatem

63 2328 104 2371 a
132 2308 438 2371 continuis
472 2310 650 2371 bellis
680 2319 742 2372 et
772 2310 1042 2373 victoriis
1073 2311 1480 2388 conquievit?
1529 2310 1589 2373 4.
1639 2310 1771 2385 Quo
1815 2309 1957 2369 mihi
1987 2307 2143 2367 diffi-

66 2393 239 2454 cilior
271 2401 368 2454 est
394 2393 494 2453 hic
524 2402 830 2455 extremus
860 2397 1187 2469 perorandi
1226 2397 1426 2456 locus.
1510 2394 1747 2457 Etenim
1781 2393 1839 2454 ei
1873 2390 2145 2454 succedo

68 2476 342 2547 orationi,
378 2494 537 2553 quae
573 2494 695 2540 non
725 2486 1144 2554 praetervecta
1173 2479 1252 2541 sit
1282 2495 1466 2541 aures
1495 2487 1753 2551 vestras,
1786 2478 1899 2538 sed
1926 2476 1986 2535 in
2018 2473 2147 2534 ani·
2232 2531 2246 2542 ,

66 2560 183 2620 mis
212 2560 479 2621 omnium
509 2560 752 2636 penitus
783 2560 1092 2636 insederit,
1130 2572 1198 2625 ut
1224 2565 1364 2638 plus
1401 2562 1732 2638 voluptatis
1762 2577 1840 2619 ex
1861 2559 2147 2619 recorda·

68 2637 237 2699 tione
261 2639 424 2702 illius
451 2642 771 2712 orationiS,
812 2659 998 2717 quam
1023 2659 1148 2702 non
1176 2643 1362 2704 modo
1392 2659 1470 2703 ex
1496 2659 1654 2718 mea,
1692 2642 1806 2702 sed
1832 2658 1912 2701 ex
1937 2636 2139 2701 cuius·

70 2738 256 2795 quarn
285 2725 567 2786 oratione
592 2742 817 2801 capere
839 2725 1113 2802 possitis.
1154 2727 1226 2785 Π.
1253 2726 1378 2786 Sed
1395 2743 1532 2788 mos
1558 2734 1654 2787 est
1675 2724 1992 2799 gerundus
2015 2735 2139 2781 non

68 2806 256 2866 modo
273 2807 574 2882 Cornelio,
592 2808 768 2871 cuius
783 2826 900 2884 ego
916 2810 1219 2869 voluntati
1235 2808 1295 2867 in
1313 2809 1446 2870 eius
1460 2808 1753 2884 periculis
1767 2808 1933 2868 nullo
1950 2806 2137 2866 modo

76 2886 301 2946 deesse
332 2903 605 2962 possum,
638 2888 752 2948 sed
781 2888 962 2948 etiam
993 2888 1096 2948 Cn.
1135 2888 1448 2963 Pompei0‚
1489 2888 1595 2963 qui
1624 2888 1721 2949 sui
1749 2885 1909 2962 facti,
1941 2888 2038 2947 sui
2067 2885 2155 2947 iu·

77 2967 238 3041 dicii,
282 2968 378 3030 sui
410 2969 693 3030 beneficii
724 2970 917 3031 voluit
944 2988 1041 3031 me
1071 2989 1242 3044 esse,
1265 2980 1332 3032 ut
1359 2973 1526 3047 apud
1552 2972 1806 3033 eosdem
1835 2988 1967 3044 voS‚
2000 2970 2157 3033 iudi·

77 3068 214 3124 ces,
241 3069 436 3127 nuper
460 3052 520 3113 in
544 3054 662 3113 alia
689 3070 878 3114 causa
902 3055 1148 3129 fuerim,
1187 3065 1248 3117 et
1272 3055 1753 3131 praedicatorem
1785 3065 1845 3119 et
1866 3065 2155 3118 actorem.

202 3132 261 3197 5.
290 3138 385 3196 Ac
422 3136 567 3197 mihi
603 3137 845 3212 quidem
875 3136 996 3199 hoc
1039 3138 1289 3215 dignum
1326 3156 1394 3199 re
1435 3139 1681 3215 publica
1722 3141 1991 3213 videtur,
2036 3139 2157 3199 hoc

78 3220 287 3304 deberi
330 3219 514 3281 huius
556 3221 915 3282 excellentis
957 3220 1073 3281 viri
1115 3221 1680 3299 praestantissimae
1720 3223 2000 3299 gloriae,
2033 3222 2153 3282 hoc

79 3303 393 3379 proprium
424 3321 569 3384 esse
605 3304 793 3365 vestri
823 3304 1039 3378 officii,
1067 3305 1187 3367 hoc
1223 3307 1374 3368 satis
1405 3318 1551 3369 esse
1580 3324 1827 3379 causae,
1862 3312 1945 3378 ut,
1984 3304 2151 3380 quod

80 3387 305 3448 secisse
339 3388 444 3448 Cn.
473 3388 829 3464 Pompeium
873 3396 1141 3462 constet,
1180 3391 1244 3451 id
1291 3406 1505 3452 omnes
1551 3390 1609 3451 ei
1646 3389 1898 3450 licuisse
1932 3402 2155 3450 conce·

79 3469 242 3532 dant.
329 3473 482 3532 Nam
513 3471 722 3532 verius
755 3471 901 3532 nihil
931 3482 1056 3547 est,
1105 3490 1287 3549 quam
1329 3475 1498 3550 quod
1543 3474 1833 3533 hesterno
1874 3470 1974 3529 die
2004 3466 2157 3527 dixit

79 3551 241 3628 ipse,
278 3555 360 3615 ita
384 3555 452 3615 L.
485 3551 830 3617 Cornelium
860 3557 938 3617 de
969 3555 1226 3617 fortunis
1257 3556 1541 3617 omnibus
1572 3553 1890 3622 dimicare,
1929 3560 1997 3608 ut
2024 3548 2145 3604 nul·

2447 2856 2514 3016 mr
2449 2303 2514 2796 nummatis(
2458 2144 2514 2239 m:
2462 1665 2514 2082 ninum...
2407 1343 2514 1607 ..η-,ᾗῇ
