2514 3928
320 221 445 284 404
555 223 631 281 IN
660 221 746 281 Μ.
777 219 1179 281 ANTONIUM
1215 220 1501 283 ORATIO
1536 221 1960 281 PHILIPPICA
1995 222 2155 280 Vlll.
2320 232 2437 286 106

319 389 475 435 sum.
529 375 727 433 Antea
761 373 1068 434 deterrere
1105 384 1160 435 tc
1196 389 1274 433 ne
1308 371 1624 449 popularis
1654 387 1832 434 esses
1863 390 1982 433 non
2016 381 2432 447 poteramus:

317 472 577 517 exorare
610 472 771 518 nunc
815 465 879 515 ut
920 456 1008 516 sis
1051 458 1367 532 popularis
1412 473 1533 517 non
1577 473 1931 532 possumus.
2020 456 2187 516 Satis
2224 461 2434 519 multa

319 555 456 600 cum
487 539 661 602 Fufio
692 555 765 600 ac
796 539 932 600 sine
964 540 1109 601 odio
1140 541 1361 612 omnia,
1395 539 1543 599 nihil
1573 539 1708 599 sine
1740 540 1973 601 dolore.
2065 539 2278 602 Credo
2311 559 2427 602 au·

319 632 470 697 tem,
509 622 611 699 qui
646 622 855 700 generi
875 626 1210 698 querellam
1228 623 1547 684 moderate
1575 624 1744 695 serat,
1780 638 1981 697 aequo
2012 622 2228 685 animo
2265 626 2431 685 latu·

318 724 450 768 rum
478 706 677 767 amici.

441 792 575 850 vn.
605 790 711 852 20.
745 792 946 854 Venio
976 791 1054 852 ad
1088 789 1362 866 reliquos
1393 792 1772 864 consulares,
1804 806 2063 866 quorum
2094 806 2291 852 nemo
2329 801 2432 852 est

315 875 560 935 -iure
596 874 713 935 hoc
758 893 897 937 meo
941 876 1079 936 dico
1110 906 1196 919 —
1228 875 1373 948 quin
1418 890 1658 935 mecum
1698 873 1919 934 habeat
1949 876 2230 950 aliquam
2268 892 2429 936 con·

315 957 688 1024 iunctionem
718 958 966 1032 gratiae,
998 958 1098 1017 alii
1128 958 1471 1032 maximam,
1503 956 1603 1017 alii
1633 957 2022 1030 mediocrem,
2051 974 2247 1020 nemo
2283 962 2425 1021 nul-

318 1044 456 1104 lam.
544 1041 732 1113 Quam
761 1041 1086 1112 hesternus
1117 1039 1251 1101 dies
1283 1042 1490 1114 nobis,
1533 1040 1961 1102 consularibus
1988 1040 2162 1115 dico,
2212 1044 2427 1119 turpis

317 1124 538 1185 illuxit!
596 1124 817 1187 Iterum
847 1126 1128 1200 legatos?
1191 1123 1366 1198 Quid,
1397 1124 1450 1185 si
1480 1123 1579 1184 ille
1608 1126 1835 1185 faceret
1862 1123 2192 1186 inducias?
2256 1115 2426 1188 Ante

317 1224 390 1268 os
420 1209 761 1282 oculosque
789 1210 1126 1284 legatorum
1161 1207 1478 1270 tormentis
1506 1207 1797 1268 Mutinam
1829 1207 2209 1271 verberavit:
2255 1227 2424 1286 opus

316 1291 680 1353 ostendebat
708 1291 1224 1366 munitionemque
1252 1290 1499 1367 legatis=
1544 1307 1621 1351 ne
1653 1299 1940 1366 punctum
1969 1290 2235 1368 quidem
2266 1303 2422 1355 tem·

320 1373 509 1451 poris,
543 1392 731 1450 quum
760 1375 942 1450 legati
962 1376 1271 1450 adessent,
1306 1374 1680 1451 oppugnatio
1704 1373 2049 1450 respiravit.
2110 1377 2219 1436 Ad
2250 1378 2422 1439 hunc

323 1464 602 1537 legatos?
630 1464 785 1523 Cur?
811 1479 889 1522 an
911 1470 980 1523 ut
1000 1479 1211 1523 eorum
1232 1465 1433 1525 reditu
1452 1464 1873 1524 vehementius
1896 1461 2414 1537 pertimescatis?

322 1547 424 1606 21.
447 1545 749 1621 Equidem
775 1564 962 1622 quum
983 1555 1128 1608 ante
1150 1550 1392 1624 legatos
1418 1546 1669 1610 decerni
1694 1563 1815 1606 non
1840 1545 2260 1617 censuissem,
2290 1547 2412 1607 hoc

322 1646 421 1691 me
441 1637 646 1691 tamen
669 1631 1058 1701 consolabar,
1085 1634 1253 1705 quod
1277 1649 1464 1707 quum
1481 1631 1567 1691 illi
1584 1629 1947 1692 abAntonio
1967 1631 2329 1705 contempti
2352 1642 2411 1690 et

322 1713 532 1774 reiecti
556 1714 964 1775 revertissent
982 1715 1569 1790 renuntiassentque
1590 1714 1831 1776 senatui
1856 1730 1978 1774 non
2005 1714 2203 1773 modo
2236 1714 2406 1774 illum

322 1799 402 1856 de
432 1798 624 1857 Gallia
654 1815 776 1859 non
808 1798 1195 1866 discessisse,
1232 1799 1317 1860 uti
1338 1799 1816 1871 censuissemuS,
1849 1798 1961 1860 sed
1987 1812 2064 1855 ne
2091 1812 2133 1855 a
2156 1797 2405 1858 Mutina

325 1879 572 1954 quidem
616 1881 990 1956 recessisse,
1043 1891 1419 1959 potestatem
1470 1883 1589 1945 sibi
1638 1883 1708 1942 D.
1751 1883 1924 1943 Bruti
1972 1881 2399 1942 conveniendi
2498 1869 2500 1914 ¹

325 1981 446 2025 non
477 1964 701 2037 fuisse,
733 1968 866 2027 fore
888 1970 1177 2043 putabam
1201 1976 1269 2028 ut
1298 1985 1515 2029 omnes
1546 1964 1904 2027 inflammati
1927 1964 2074 2026 odio
2094 2010 2111 2032 ,
2145 1966 2404 2027 excitati

310 2050 544 2121 dolore,
572 2049 775 2121 armis,
808 2049 1006 2125 equis,
1039 2049 1183 2109 viris
1201 2051 1273 2110 D.
1297 2051 1485 2111 Bruto
1511 2045 1996 2121 subveniremus.
2053 2049 2190 2111 Nos
2218 2054 2398 2113 etiam

311 2132 725 2207 languidiores
765 2143 984 2208 postea
1027 2132 1165 2194 sacti
1194 2150 1406 2194 sumus
1437 2150 1617 2208 quam
1644 2132 1724 2191 M.
1754 2131 2002 2192 Antonii
2031 2149 2160 2192 non
2195 2138 2399 2196 solum

312 2214 631 2274 audaciam
661 2225 723 2276 et
750 2218 975 2287 sceluS,
1002 2217 1114 2277 sed
1143 2216 1324 2277 etiam
1348 2215 1728 2278 insolentiam
1751 2215 2241 2291 superbiamque
2268 2236 2395 2294 per·

313 2296 650 2372 speximus.
738 2298 840 2360 22.
884 2299 1124 2360 Utinam
1151 2301 1218 2360 L.
1249 2300 1476 2361 Caesar
1505 2302 1751 2372 valeret,
1788 2298 2040 2359 Servius
2073 2298 2394 2376 Sulpicius

313 2380 575 2442 viveret=
633 2383 820 2443 multo
862 2382 1080 2443 melius
1127 2383 1281 2444 haec
1323 2400 1509 2444 causa
1537 2390 1821 2458 ageretur
1848 2399 1886 2441 a
1920 2380 2150 2457 tribuS,
2213 2402 2394 2460 quain

314 2481 474 2526 nunc
512 2465 710 2540 agitur
751 2465 829 2526 ab
867 2484 1011 2528 uno.
1096 2468 1385 2528 Dolenter
1415 2467 1533 2528 hoc
1562 2465 1760 2526 dicam
1792 2467 1996 2542 potius
2027 2483 2220 2540 quam
2255 2486 2392 2530 con·

313 2548 664 2611 tumeliose=
697 2550 942 2622 deserti,
973 2551 1216 2624 deserti,
1247 2550 1515 2627 inquam,
1546 2566 1777 2623 sumuS,
1803 2559 2006 2624 patres
2032 2553 2392 2629 conscripti,

312 2652 349 2693 a
380 2632 779 2708 principibus.
835 2635 960 2695 Sed
982 2668 1048 2678 -—-
1072 2651 1266 2709 saepe
1286 2635 1403 2695 iam
1428 2632 1556 2695 dixi
1582 2667 1650 2680 --
1683 2650 1895 2695 omnes
1925 2632 1983 2692 in
2021 2640 2192 2694 tanto
2239 2636 2389 2711 peri·
2474 2646 2475 2653 ’

314 2718 469 2791 culo,
504 2716 609 2794 qui
631 2726 797 2779 recte
820 2724 881 2778 et
903 2716 1135 2779 fortiter
1156 2716 1438 2790 sentient,
1468 2726 1644 2777 erunt
1662 2717 2040 2777 consulares.
2102 2718 2390 2781 Animum
2445 2760 2449 2841 ἶ

312 2800 490 2860 nobis
532 2802 776 2862 adferre
815 2800 995 2877 legati
1037 2799 1404 2861 debuerunt=
1460 2800 1731 2862 timorem
1778 2802 2133 2861 attulerunt=
2181 2820 2390 2878 quam·

315 2899 496 2957 quam
526 2883 672 2943 mihi
704 2884 950 2960 quidem
980 2885 1238 2945 nullum=
1285 2883 1566 2960 quamvis
1597 2885 1675 2944 de
1708 2883 1842 2958 illo,
1885 2885 1964 2944 ad
1998 2900 2181 2959 quem
2219 2886 2389 2947 missi

314 2972 484 3038 sunt,
541 2967 699 3027 bene
755 2969 1130 3029 existiment=
1191 2985 1226 3029 a
1279 2984 1400 3042 quo
1449 2967 1629 3028 etiam
1671 2969 1955 3029 mandata
1994 2980 2388 3044 acceperunt.

311 3048 470 3106 VIII.
501 3049 602 3109 23.
637 3048 796 3110 Proh
832 3053 893 3111 di
921 3051 1319 3113 immortales!
1359 3050 1464 3111 ubi
1493 3060 1589 3111 est
1616 3050 1716 3112 ille
1746 3069 1884 3113 mos
1914 3049 2237 3127 virtusque
2268 3070 2387 3114 ma-

314 3128 552 3189 iorum?
585 3130 648 3189 C.
671 3131 942 3205 Popilius
966 3135 1132 3210 apud
1150 3134 1414 3197 maiores
1437 3144 1683 3196 nostros
1709 3152 1893 3210 quum
1916 3135 1994 3194 ad
2017 3134 2383 3215 Antiochum

313 3226 520 3284 regem
565 3211 803 3286 legatus
845 3217 1071 3278 missus
1111 3226 1282 3279 esset
1320 3226 1381 3279 et
1422 3217 1626 3279 verbis
1661 3225 1910 3280 senatus
1951 3217 2302 3281 nuntiasset
2325 3229 2386 3281 ut

314 3290 391 3388 ab
419 3292 810 3385 Alexandrea
840 3297 1203 3375 discederet,
1234 3318 1417 3376 quam
1443 3302 1780 3378 obsidebat,
1811 3319 1995 3378 quum
2020 3308 2271 3377 tempus
2290 3302 2384 3363 ille

314 3373 601 3447 differret,
633 3377 868 3452 virgula
898 3389 1153 3444 stantem
1179 3383 1658 3460 circumscripsit
1680 3384 1956 3461 dixitque
1976 3401 2046 3445 se
2073 3386 2381 3447 renuntia·
2428 3442 2429 3459 ,

316 3464 510 3517 turum
538 3459 793 3535 senatui,
816 3461 934 3522 nisi
956 3466 1128 3537 prius
1150 3465 1270 3527 sibi
1290 3470 1718 3544 respondisset
1740 3467 1884 3545 quid
1909 3468 2176 3529 facturus
2198 3479 2382 3537 esset.
2425 3476 2429 3571 j
