2514 3928
217 206 296 300 ³⁵
798 311 803 316 ‚
862 236 1031 296 cAi.
1063 245 1130 297 2⁶
1148 269 1219 280 -
1238 245 1325 297 29.
1373 243 1425 303 s.
1447 246 1515 299 65
1536 272 1605 279 -
1626 244 1712 298 72.
2177 237 2301 299 333

217 386 332 451 tibi
356 388 596 448 obiecta
619 384 698 447 sit
721 384 966 460 species
989 384 1314 459 singularis
1341 384 1470 461 viri,
1495 386 1873 461 perterritum
1900 395 1956 447 te
1981 388 2058 446 de
2085 402 2304 450 somno

216 469 509 542 excitari,
547 470 746 529 furere
776 467 956 528 etiam
981 485 1172 542 saepe
1204 467 1570 542 vigilantem.
1656 469 1758 530 69.
1784 470 1882 530 Me
1916 470 2163 546 quidem
2197 472 2301 531 mi-

217 562 391 615 seret
422 551 717 627 parietum
752 550 1028 625 ipsorum
1057 560 1240 624 atque
1273 558 1587 610 tectorum.
1636 552 1791 626 Quid
1824 553 1983 613 enim
2013 571 2304 630 umquam

220 638 451 697 domus
491 634 607 706 illa,
641 634 874 695 viderat
924 634 1042 695 nisi
1072 635 1406 709 pudicum?
1450 634 1597 709 quid
1629 637 1741 694 nisi
1776 653 1852 695 ex
1877 638 2104 712 optimo
2136 654 2305 699 more

219 728 291 779 et
330 716 717 778 sanctissima
770 717 1137 793 disciplina?
1186 716 1322 777 Fuit
1366 716 1523 776 enim
1579 719 1678 777 ille
1724 718 1843 789 vir,
1897 728 2103 794 patres
2159 738 2304 781 con-

222 800 885 877 scripti,sieutisciti8,
927 818 1112 877 quum
1148 800 1298 861 soris
1331 801 1531 860 clarus
1563 810 1688 861 tum
1719 801 1884 861 domi
1906 802 2303 864 admirandus

223 901 435 959 neque
474 886 661 947 rebus
700 886 970 945 externis
1010 884 1203 959 magis
1247 885 1592 945 laudandus
1635 902 1815 959 quam
1861 884 2149 946 institutis
2197 888 2304 947 do·

222 967 530 1029 mesticis=
561 969 740 1030 huius
765 970 823 1028 in
855 967 1110 1029 sedibus
1141 984 1251 1043 pro
1277 967 1575 1028 cubiculis
1600 969 1857 1040 stabula,
1895 985 2006 1043 pro
2036 970 2306 1031 tricliniis

225 1053 499 1129 popinae
532 1062 693 1116 sunt.
757 1052 887 1113 Etsi
918 1052 1036 1112 iam
1071 1063 1268 1127 negat.
1356 1052 1553 1112 Nolite
1594 1069 1910 1128 quaerere.
1997 1053 2177 1127 Frugi
2225 1053 2307 1111 fa-

224 1144 365 1198 ctus
407 1145 520 1196 est.
609 1137 777 1195 lllam
821 1152 995 1195 suam
1021 1152 1167 1195 suas
1198 1152 1301 1195 res
1333 1134 1450 1195 sibi
1477 1135 1702 1196 habere
1733 1136 1931 1209 iussit,
1961 1154 2040 1197 ex
2070 1137 2303 1197 duode-

227 1220 351 1280 cim
396 1218 619 1279 tabulis
664 1220 873 1279 claves
904 1218 1160 1289 ademit,
1206 1218 1428 1293 exegit.
1529 1219 1718 1293 Quam
1765 1238 1947 1294 porro
1992 1229 2307 1294 spectatus

226 1301 404 1374 civis,
436 1319 618 1376 quam
648 1301 971 1377 probatus!
1010 1300 1184 1361 cuius
1222 1318 1301 1360 ex
1330 1301 1493 1361 omni
1527 1302 1647 1362 vita
1684 1303 1827 1364 nihil
1858 1312 1955 1365 est
1981 1302 2303 1364 honestius

229 1402 417 1460 quam
448 1387 612 1460 quod
646 1401 781 1445 cum
814 1384 994 1445 mima
1025 1383 1166 1444 fecit
1195 1383 1545 1444 divortium.
1633 1384 1733 1445 70.
1769 1390 1851 1445 At
1875 1404 2057 1460 quarn
2089 1387 2304 1446 crebro

230 1476 521 1545 usurpat:
564 1476 623 1529 et
654 1473 861 1530 consul
891 1476 950 1529 et
987 1465 1319 1531 Antonius?
1360 1468 1478 1526 hoc
1519 1477 1616 1528 est
1644 1468 1880 1546 dicere,
1917 1477 1978 1530 et
2008 1470 2306 1529 consulet

232 1551 789 1626 impudicissimus,
844 1560 904 1613 et
936 1553 1150 1612 consul
1184 1560 1244 1611 et
1272 1551 1454 1611 homo
1486 1550 1924 1625 nequissimus.
2014 1552 2171 1626 Quid
2216 1559 2315 1613 est

233 1635 396 1695 enim
422 1636 586 1694 aliud
602 1635 949 1696 Antonius?
975 1636 1126 1695 Nam
1141 1635 1193 1706 si
1218 1633 1481 1709 dignitas
1496 1634 1940 1718 significaretur
1960 1636 2019 1694 in
2047 1635 2307 1705 nomine,

232 1718 517 1793 dixisset,
548 1722 759 1792 credo,
791 1718 1125 1795 aliquando
1189 1736 1344 1778 avus
1376 1725 1515 1778 tuus
1546 1736 1616 1779 se
1658 1728 1718 1779 et
1753 1721 2067 1780 consulem
2098 1727 2160 1780 et
2183 1721 2302 1778 An-

234 1803 483 1863 tonium.
570 1803 912 1878 Numquam
943 1802 1113 1862 dixit.
1201 1801 1475 1862 Dixisset
1503 1802 1683 1862 etiam
1715 1804 1952 1879 collega
1981 1819 2171 1876 meuS,
2204 1819 2311 1879 pa-

233 1894 402 1947 truus
426 1893 595 1960 tuuS,
650 1886 773 1946 nisi
804 1887 856 1947 si
890 1894 952 1947 tu
982 1903 1052 1947 es
1084 1887 1255 1947 solus
1279 1884 1604 1945 Antonius.
1678 1885 1803 1946 Sed
1833 1886 2040 1948 omitto
2064 1904 2138 1947 ea
2170 1903 2312 1962 pec·

236 1966 401 2043 c'ata,
449 1987 620 2044 quae.
651 1988 771 2030 non
810 1978 952 2031 sunt
979 1987 1187 2031 earum
1219 1969 1480 2046 partium
1519 1972 1796 2045 propria,
1835 1972 2059 2047 quibus
2092 1981 2150 2032 tu
2183 1984 2308 2032 rem

239 2052 543 2128 publicam
576 2053 903 2115 vexavisti=
942 2054 1019 2113 ad
1055 2055 1225 2129 ipsas
1260 2062 1394 2114 tuas
1428 2062 1633 2128 partes
1662 2056 1871 2128 rede0,
1904 2056 1964 2114 id
1994 2065 2088 2116 est
2114 2057 2194 2115 ad
2230 2057 2308 2114 ci-

234 2135 356 2196 vile
378 2135 621 2208 bellum,
661 2139 831 2212 quod
853 2146 1075 2210 natum,
1101 2135 1450 2212 conflatum,
1480 2148 1834 2212 susceptum
1861 2155 2049 2212 opera
2072 2147 2175 2199 tua
2197 2148 2311 2199 est.

357 2220 564 2280 XXIX.
612 2218 711 2283 71.
753 2221 860 2282 Cui
902 2221 1062 2281 bello
1098 2238 1282 2297 quum
1314 2229 1563 2296 propter
1587 2221 1956 2282 timiditatem
1993 2230 2154 2282 tuam
2189 2229 2313 2283 tum

237 2313 490 2378 propter
536 2302 818 2364 libidines
861 2304 1152 2365 defuisti?
1193 2305 1488 2366 Gustaras
1533 2305 1773 2366 civilem
1816 2305 2174 2380 sanguinem
2216 2307 2309 2365 vel

237 2385 441 2462 potius
476 2388 886 2449 exsorbueras
915 2410 929 2443 =
963 2390 1166 2449 fueras
1208 2388 1272 2447 in
1294 2390 1428 2449 acie
1464 2389 1813 2450 Pharsalica
1841 2391 2311 2464 antesignanus:

241 2471 305 2530 L.
335 2469 678 2543 Domitium,
709 2471 1116 2533 clarissimum
1151 2480 1212 2533 et
1241 2471 1687 2533 nobilissimum
1721 2473 1931 2546 virum,
1971 2473 2312 2544 occideraS‚

240 2555 587 2629 multosque
621 2565 964 2630 praeterea,
1002 2556 1108 2631 qui
1144 2572 1179 2616 e
1216 2555 1450 2631 proelio
1483 2555 1840 2631 effugerant,
1875 2573 2032 2630 quos
2071 2556 2313 2628 Caesar,

238 2645 307 2698 ut
345 2653 467 2697 non
502 2639 733 2711 nuHOS,
777 2641 1043 2700 fortasse
1085 2649 1432 2712 servasset,
1478 2638 1899 2700 crudelissime
1948 2648 2312 2714 persecutus

224 2720 596 2782 ‚trucidaras
697 2723 929 2797 Quibus
987 2723 1174 2784 rebus
1234 2723 1414 2784 tantis
1475 2723 1694 2784 talibus
1751 2721 1942 2798 gestis
2000 2721 2149 2796 quid
2205 2721 2314 2782 fuit

244 2820 468 2865 causae
499 2821 608 2866 cur
640 2803 698 2865 in
733 2807 1004 2867 Africam
1034 2807 1355 2867 Caesarem
1389 2824 1506 2867 non
1539 2822 1887 2881 sequerere,
1921 2822 2106 2879 quum
2139 2821 2311 2880 praea

244 2887 449 2949 sertim
491 2888 634 2948 belli
677 2905 819 2965 pars
862 2898 1024 2951 tanta
1063 2897 1366 2950 restaret?
1412 2890 1624 2964 Itaque
1678 2906 1860 2964 quem
1902 2890 2099 2951 locum
2146 2889 2312 2965 apud

245 2970 445 3047 ipsum
471 2972 790 3032 Caesarem
826 2982 967 3049 post
1000 2974 1133 3034 eius
1164 2990 1244 3033 ex
1276 2971 1483 3033 Africa
1509 2973 1768 3034 reditum
1799 2971 2155 3034 obtinuisti?
2189 2989 2311 3048 quo

144 3078 158 3091 ·
245 3071 492 3119 numero
526 3054 733 3117 luisti?
766 3057 950 3118 Cuius
974 3067 1037 3119 tu
1068 3057 1453 3131 imperatoris
1485 3066 1778 3131 quaestor
1803 3058 2027 3131 rueras,
2063 3055 2314 3121 dictato-

246 3139 328 3199 ris
354 3137 643 3213 magister
667 3140 956 3214 equitum,
976 3141 1115 3202 belli
1150 3140 1456 3216 princeps,
1485 3140 1855 3202 crudelitatis
1878 3148 2110 3210 auctor,
2137 3156 2311 3215 prae-

248 3223 359 3282 dae
389 3223 626 3295 sociuS,
655 3231 1045 3295 testamento,
1079 3231 1146 3285 ut
1174 3224 1425 3301 dicebas
1460 3224 1627 3298 ipse,
1651 3225 1831 3296 filius,
1867 3223 2210 3299 appellatus
2243 3237 2314 3282 es

250 3305 323 3365 de
359 3304 646 3380 pecunia,
681 3325 865 3382 quam
902 3325 1011 3384 pro
1045 3308 1248 3380 dom0,
1285 3324 1395 3381 pro
1433 3306 1640 3375 hortis,
1676 3324 1785 3382 pro
1816 3307 2092 3369 sectione
2126 3306 2312 3364 debe·

253 3387 378 3448 bas.
464 3385 565 3452 72.
600 3389 798 3454 Primo
827 3390 1204 3469 respondisti
1240 3392 1420 3465 plane
1453 3389 1736 3470 ferociter
1783 3398 1859 3458 et,
1893 3404 1970 3445 ne
2001 3385 2205 3446 omnia
2226 3385 2313 3442 vi-

256 3469 396 3531 dear
424 3481 633 3534 contra
661 3482 737 3551 te,
772 3492 967 3551 prope
1000 3475 1244 3536 modum
1281 3489 1478 3547 aequa
1512 3482 1571 3533 et
1599 3472 1757 3531 iusta
1788 3469 2058 3528 dicebas.
2132 3469 2189 3523 A
2217 3481 2314 3523 nse
