2514 3928
855 334 1019 406 οᾸΡ.
1054 353 1319 409 28-30.
1360 350 1411 412 s.
1448 352 1711 409 60-664
2238 345 2327 411 25

252 517 439 562 unum
481 497 647 561 illum
698 497 1073 567 labefactari
1102 497 1493 558 viderentur?
1580 496 1682 558 63.
1726 498 1930 573 Atque
1973 497 2151 558 etiam
2201 499 2322 560 1106
2403 552 2408 557 .

249 584 527 645 videbat:
588 582 874 658 quoniam
913 581 1015 642 illa
1056 583 1116 641 in
1155 578 1504 656 re‘Publica
1542 581 1779 640 macula
1820 581 1989 655 regni
2034 581 2322 656 publicati

248 672 552 740 maneret,
589 682 768 742 quam
798 683 976 727 nemo
1009 664 1129 724 iam
1154 664 1378 740 posset
1401 666 1634 735 eluere,
1669 664 1836 738 quod
1863 681 1939 724 ex
1971 665 2145 724 malis
2173 665 2324 726 boni

250 756 469 827 posset
493 748 555 810 in
584 765 712 810 rem
735 751 1039 825 publicam
1074 747 1423 824 pervenire,
1460 747 1522 807 id
1547 747 1752 808 utilius
1774 763 1919 808 esse
1952 764 2061 823 per
2083 763 2152 809 se
2176 765 2320 809 con-

251 831 486 896 servari
519 849 697 909 quam
728 847 839 908 per
868 832 1042 893 alios.
1129 834 1336 908 Atque
1365 831 1466 891 ille
1495 831 1677 891 etiam
1706 830 1759 891 si
1787 831 1905 892 alia
1938 831 2225 906 quapiam
2263 828 2333 891 vi'

251 917 663 992 expelleretur
690 915 808 977 illis
849 915 1228 990 temporibus
1269 931 1348 975 ex
1390 914 1504 974 hac
1548 914 1725 986 urbe,
1779 915 1955 974 facile
1992 922 2319 990 pateretur.

245 999 482 1062 Etenim
515 999 619 1075 qui
653 1001 971 1076 superiore
1002 1016 1161 1058 anno
1195 1006 1412 1059 senatu
1442 997 1773 1070 caruisset,
1820 1014 1941 1073 quo
1977 998 2030 1058 si
2063 1006 2188 1060 tum
2220 1014 2319 1058 ve-

248 1083 432 1158 niret,
483 1100 579 1144 me
628 1087 826 1146 tamen
871 1083 1133 1144 socium
1151 1088 1404 1142 suorum
1432 1081 1493 1141 111
1522 1098 1589 1141 ie
1637 1081 1882 1155 publica
1925 1080 2320 1142 consiliorum

250 1166 462 1241 videre
486 1175 716 1262 posset,
741 1166 796 1227 is
819 1183 1019 1241 aequo
1047 1166 1246 1226 animo
1271 1172 1395 1225 tum
1416 1181 1513 1224 me
1536 1166 1798 1239 expulso
1827 1173 1889 1226 61
1908 1181 2055 1227 meo
2074 1165 2324 1225 nomine

251 1267 438 1326 quum
472 1249 757 1310 universo
795 1258 1013 1310 senatu
1044 1257 1168 1309 turn
1203 1247 1504 1308 sententia
1531 1264 1646 1308 sua
1676 1249 2126 1309 condemnata
2110 1267 2171 1309 111
2203 1249 2319 1308 hac

249 1334 403 1393 urbe
444 1349 587 1392 esse
629 1337 884 1406 posset?
935 1332 1044 1390 lile
1084 1347 1230 1391 vero
1276 1330 1474 1389 eidem
1501 1331 1760 1426 tempori
1806 1332 1914 1392 6111
1953 1348 2101 1406 noe,
2157 1332 2319 1392 eius-

254 1416 393 1474 dem
420 1414 646 1484 i’urori,
698 1412 932 1474 eisdem
958 1412 1344 1482 consulibuS,
1362 1411 1593 1470 eisdem
1617 1413 1825 1486 minis,
1855 1415 2121 1487 insidiis,
2162 1416 2316 1490 peri·

257 1497 412 1556 culis
456 1495 660 1555 cessit.
742 1495 998 1554 Luctum
1033 1511 1170 1555 nos
1184 1493 1499 1552 hausimus
1540 1495 1854 1595 maiorem,
1906 1497 2178 1556 dolorem
2221 1499 2326 1557 ille

256 1578 442 1639 animi
477 1594 596 1638 non
629 1577 941 1638 minorem.

418 1662 599 1722 XXX.
624 1660 726 1724 64.
758 1645 870 1722 His
895 1663 971 1721 de
995 1668 1083 1724 tot
1102 1658 1412 1734 tantisque
1436 1658 1668 1720 iniuriis
1692 1658 1749 1719 in
1782 1658 2007 1733 socios„
2038 1660 2096 1721 in
2124 1678 2326 1737 regeS,

248 1746 310 1807 in
357 1745 632 1807 civitates
673 1745 899 1805 liberas
937 1745 1257 1807 consulum
1300 1744 1572 1819 querella
1598 1759 1739 1804 esse
1796 1742 2033 1805 debuit:
2084 1745 2145 1805 in
2190 1745 2323 1806 eius

140 1882 149 1885 -
250 1829 639 1905 magistratus
676 1831 860 1890 tutela
894 1842 1073 1905 reges
1106 1836 1291 1903 atque
1328 1835 1572 1888 exterae
1606 1827 1884 1888 nationes
1919 1844 2165 1905 semper
2195 1830 2321 1889 fue·

246 1920 405 1975 runt.
460 1913 710 1989 Ecquae
735 1929 858 1974 vox
881 1914 1169 1988 umq'uam
1195 1920 1290 1973 est
1318 1910 1523 1973 audita
1553 1912 1870 1973 consulum
1887 1919 1917 1970 '3
1951 1929 2319 1990 quamquam

233 1997 391 2073 'quis
422 1997 686 2070 audiret,
726 1997 791 2057 si·
811 1996 1071 2057 maxime
1105 1997 1277 2072 queri
1306 1996 1574 2055 vellent?
1611 1995 1702 2055 De
1734 1996 1959 2074 Cyprio
1995 2014 2141 2073 rege
2171 2015 2319 2075 que-

247 2087 569 2143 rerentur?
617 2080 722 2155 qui
761 2096 858 2140 me
888 2080 1082 2139 civem
1117 2080 1280 2162 nullo
1313 2095 1452 2139 meo
1482 2078 1763 2153 crimine,
1816 2080 2044 2155 patriae
2075 2082 2320 2142 nomine

246 2166 625 2225 laborantem
676 2180 799 2224 non
854 2164 1036 2226 modo
1088 2170 1346 2223 stantem
1405 2179 1526 2222 non
1582 2163 2012 2237 defenderunt,
2072 2166 2184 2225 sed
2239 2182 2321 2224 ne

246 2249 553 2307 iacentem,
592 2245 834 2320 quidem
880 2252 1315 2321 protexerunt?
1380 2247 1727 2319 cesseram,
1784 2246 1835 2307 si
1866 2248 2124 2308 allenam
2154 2265 2192 2308 a
2220 2264 2317 2307 me

250 2330 492 2407 plebem
531 2331 720 2390 fuisse
757 2330 966 2403 vultis,
1004 2346 1163 2405 quae
1196 2346 1319 2390 non
1355 2328 1492 2400 fuit,
1527 2328 1823 2391 invidiaez
1860 2330 1913 2390 si
1943 2330 2314 2392 commoveri

247 2413 452 2475 omnia
475 2412 853 2490 videbantur,
881 2412 1169 2488 tempori:
1205 2414 1257 2475 si
1283 2412 1376 2472 vis
1398 2412 1663 2485 suberat,
1696 2413 1913 2473 armis:
1949 2414 2000 2474 si
2025 2413 2314 2487 societas,

246 2496 705 2572 magistratuum
744 2496 1042 2572 pactioni:
1101 2496 1153 2557 si
1202 2494 1532 2571 periculum
1577 2496 1828 2566 civium,
1880 2497 1967 2557 rei
2013 2498 2314 2573 publicae.

244 2580 344 2642 65.
395 2579 542 2653 Cur,
592 2596 777 2655 quum
818 2580 896 2639 de
938 2577 1137 2654 capite
1180 2579 1333 2640 civis
1363 2611 1447 2622 —
1481 2595 1601 2639 non
1645 2578 1892 2654 disputo
1929 2583 2103 2642 cuius
2148 2580 2313 2642 modi

248 2663 398 2723 civis
425 2696 512 2708 ——
541 2673 601 2724 et
641 2666 717 2723 de
761 2662 938 2723 bonis
982 2661 1352 2738 proscriptio
1394 2664 1682 2735 ferretur,
1732 2680 1917 2737 quum
1959 2673 2019 2723 et
2058 2664 2313 2724 sacratis

247 2747 488 2823 legibus
521 2754 581 2807 et
608 2764 698 2805 x11
731 2745 949 2807 tabulis
983 2754 1261 2807 sanctum
1290 2754 1486 2818 esset,
1515 2751 1685 2805 utne
1707 2745 1805 2806 cui
1828 2745 2208 2824 privilegium
2236 2747 2312 2805 ir·
2351 2769 2366 2780 ·

244 2830 447 2905 rogari
487 2828 698 2891 liceret
738 2840 898 2891 neve
930 2830 1008 2889 de
1042 2829 1241 2905 capite
1273 2828 1390 2889 nisi
1420 2828 1677 2890 comitiis
1708 2829 2056 2890 centuriatis
2094 2830 2318 2906 rogari,

246 2915 411 2974 nulla
443 2929 567 2975 vox
595 2919 691 2974 est
717 2909 924 2974 audita
954 2916 1304 2985 consulum,
1338 2912 1854 2988 constitutumque
1884 2919 1980 2974 est
2007 2912 2107 2974 illo
2132 2930 2310 2976 ann0.

247 3005 539 3073 quantum
563 2995 622 3060 111
647 2996 766 3057 illis
791 2997 1029 3058 duabus
1053 2996 1272 3059 huius
1255 2996 1491 3071 imperii
1514 2995 1793 3071 pestibus
1818 2994 1986 3068 fuit,
1970 3015 2099 3058 iure
2127 3015 2320 3074 posse

248 3097 359 3155 per
390 3096 616 3155 operas
648 3079 980 3141 concitatas
1011 3070 1288 3156 quemvis
1322 3079 1516 3141 civem
1551 3078 1901 3140 nominatim
1935 3081 2153 3142 tubum
2188 3084 2310 3158 ple-

246 3164 341 3224 bis
386 3163 646 3225 concilio
688 3178 768 3223 ex
809 3163 1050 3226 civitate
1085 3163 1437 3225 exturbari?
1520 3163 1621 3225 66.
1669 3162 1837 3237 Quae
1867 3180 2013 3227 vero
2046 3167 2316 3241 promul-

242 3254 384 3323 gata
405 3247 510 3308 illo
535 3264 695 3307 anno
722 3246 959 3322 fuerint,
994 3265 1153 3325 quae
1183 3246 1488 3323 promissa
1510 3246 1732 3319 multis,
1762 3263 1920 3323 quae
1944 3247 2316 3322 conscripta,

244 3347 405 3407 quae
435 3337 714 3407 sperata,
748 3346 905 3406 quae
935 3331 1223 3406 cogitata,
1259 3328 1407 3405 quid
1437 3329 1676 3390 dicam?
1710 3329 1814 3405 qui
1841 3331 2014 3391 locus
2037 3329 2170 3394 orbi
2198 3337 2315 3390 ter·

239 3425 348 3476 rae
396 3412 518 3474 iam
564 3430 688 3474 non
732 3421 862 3475 erat
907 3412 1088 3474 alicui
1139 3413 1522 3473 destinatus?
1575 3411 1768 3473 cuius
1802 3413 2031 3488 negotii
2090 3409 2318 3486 publici

242 3496 531 3574 cogitari,
567 3498 795 3573 optari,
827 3496 975 3572 fingi
1006 3495 1238 3557 curatio
1274 3495 1467 3570 potuit
1497 3511 1654 3570 quae
1686 3510 1806 3554 non
1839 3502 2005 3554 esset
2034 3492 2315 3551 attributa

238 3590 428 3657 atque
486 3543 826 3654 discripta?
881 3580 1048 3654 quod
1100 3595 1296 3655 genus
1345 3575 1583 3649 imperii
1629 3582 1733 3633 aut
1779 3587 1935 3645 quae
1981 3566 2318 3641 [ιι-3111116111,
