2514 3928
225 195 347 259 116
611 192 759 254 PRO
795 194 862 257 L.
899 188 1285 253 CORNELIO
1317 188 1580 250 BALBO
1615 187 1932 251 ORATIO.
2254 203 2320 258 18

800 403 902 528 M.
959 442 1233 526 Τυιιιι
1291 436 1721 522 clcssnole

421 598 616 694 PRO
677 600 761 695 1..
819 593 1306 695 CORNELIO
1365 589 1683 686 BALBO
1745 590 2143 692 ORATIO.

1203 779 1386 787 *W

935 874 1613 950 ARGUMENTUM.

364 1026 425 1080 L.
458 1024 720 1076 Cornelius
741 1024 931 1076 Balbus
952 1022 1234 1076 Gaditanus
1266 1023 1382 1079 fuit.
1416 1023 1584 1086 Quum
1602 1024 1860 1089 Gaditani,
1878 1023 1969 1086 qui
1990 1024 2095 1074 iam
2118 1036 2170 1075 a.
2192 1037 2248 1074 ιι.
2271 1037 2317 1072 c.

225 1098 351 1150 542.
385 1109 503 1146 eum
532 1095 592 1148 L.
621 1095 833 1158 Marcio,
861 1095 1032 1158 equite
1053 1095 1307 1158 Romano,
1331 1095 1421 1158 qui
1454 1095 1674 1145 mortuis
1696 1092 1789 1145 Cn.
1820 1101 1871 1143 et
1905 1094 1963 1143 P.
1990 1090 2322 1157 Scipionibus

228 1167 293 1217 ab
318 1164 546 1217 exercitu
578 1165 684 1217 dux
717 1172 827 1216 erat
844 1163 1030 1227 factus,
1068 1163 1251 1216 foedus
1273 1164 1520 1228 fecerant,
1546 1178 1650 1229 qua
1674 1163 1739 1214 de
1772 1177 1829 1212 re
1854 1161 1976 1213 vide
2005 1161 2190 1218 Livii
2226 1160 2317 1212 lib.

225 1233 393 1288 XXV.
434 1249 480 1284 c.
503 1232 612 1297 37„
643 1241 826 1300 postea
859 1248 981 1285 vero
1003 1248 1052 1286 a.
1091 1249 1148 1285 u.
1186 1249 1230 1288 c.
1271 1232 1392 1289 676.
1427 1233 1494 1285 M.
1530 1233 1752 1284 Aemilio
1775 1231 1973 1296 Lepido
2011 1230 2071 1291 Q.
2108 1230 2315 1281 Lutatio

227 1302 404 1355 Catulo
435 1318 595 1367 coss.,
636 1304 776 1368 quod
810 1302 941 1355 illud
987 1303 1171 1355 foedus
1199 1303 1512 1354 Marcianum
1559 1304 1731 1354 minus
1778 1300 1983 1352 firmum
2033 1299 2321 1361 videbatur,

229 1388 261 1424 a
290 1380 473 1424 senatu
519 1373 584 1424 de
620 1373 828 1425 foedere
858 1372 1236 1440 postulaverant
1278 1381 1328 1424 et
1356 1372 1541 1425 foedus
1573 1371 1707 1424 illud
1741 1370 2016 1437 pristinum
2046 1383 2325 1420 renovave·
2413 1376 2422 1383 '

227 1451 365 1504 rant,
409 1442 547 1506 quod
587 1443 759 1508 ipsum
799 1450 973 1494 tamen
1003 1442 1184 1510 populi
1217 1442 1439 1494 Romani
1484 1443 1628 1492 iussu
1668 1454 1770 1492 non
1802 1445 1913 1490 erat
1949 1437 2322 1499 confirmatum,

228 1527 343 1563 sese
372 1513 442 1562 ad
479 1510 570 1562 Cn.
602 1512 837 1577 Pompeii
876 1512 1214 1572 voluntatem,
1260 1526 1419 1575 quum
1459 1514 1503 1562 is
1541 1511 1823 1564 exercitum
1857 1510 1914 1559 in
1948 1508 2194 1575 Hispania
2228 1508 2325 1560 du-

229 1588 383 1642 ceret,
421 1580 783 1647 applicassent,
818 1583 872 1632 in
899 1596 961 1632 eo
983 1596 1194 1632 numero
1227 1582 1384 1632 etiam
1408 1580 1599 1635 Balbus
1627 1581 1739 1640 fuit,
1776 1580 1866 1645 qui
1895 1593 1927 1629 a
1948 1576 2036 1632 cu.
2060 1578 2326 1643 Pompeio,

229 1652 315 1701 cni
354 1650 440 1700 lex
479 1665 513 1701 a
551 1650 612 1704 L.
652 1649 813 1701 Gellio
843 1649 1104 1717 Poplicola
1144 1658 1194 1700 et
1229 1649 1319 1702 Cn.
1351 1649 1585 1701 Cornelio
1630 1648 1847 1702 Lentulo
1890 1646 2135 1699 Clodiano
2186 1660 2324 1701 coss.

230 1734 279 1773 a.
303 1735 356 1773 u.
385 1735 433 1772 c.
466 1717 589 1771 682.
627 1717 731 1769 lata
770 1734 881 1770 eam
918 1727 1222 1785 potestatem
1252 1718 1469 1786 fecerat,
1506 1735 1623 1770 cum
1650 1719 1767 1770 aliis
1794 1717 2061 1770 Gaditanis
2094 1717 2158 1767 ob
2197 1730 2320 1781 ope-

227 1802 337 1838 ram
373 1788 427 1836 in
451 1801 508 1836 re
542 1787 752 1838 militari
787 1789 1033 1839 Romanis
1065 1790 1361 1854 praestitam
1398 1789 1600 1840 civitate
1637 1789 1857 1840 donatus
1904 1793 2001 1841 est.
2075 1784 2173 1847 Qui
2218 1785 2327 1836 iam

229 1857 356 1906 civis
384 1856 644 1907 Romanus
694 1864 801 1908 erat
849 1856 1016 1908 factus
1063 1859 1124 1912 L.
1164 1856 1427 1908 Cornelius
1466 1856 1654 1910 Balbus
1695 1859 1751 1908 in
1782 1854 1875 1912 Cn.
1910 1857 2143 1922 Pompeii
2186 1863 2239 1905 et
2272 1854 2324 1910 in

227 1925 282 1977 C.
302 1925 538 1976 Caesaris
560 1924 956 1978 familiaritatem
982 1943 1097 1979 sese
1114 1928 1463 1979 insinuaverat
1486 1935 1537 1980 et
1582 1942 1757 1980 eorum
1792 1927 1963 1993 gratia
1991 1926 2176 1992 opibus
2218 1940 2325 1976 cre-

228 2008 371 2046 seere
401 1995 683 2049 studuerat.
732 1995 839 2052 Hac
869 2011 926 2047 re
953 1998 1197 2049 commoti
1226 1997 1386 2049 invidi
1417 1998 1528 2048 eius
1565 2006 1616 2047 et
1652 1996 1728 2048 illi
1756 1996 1995 2056 Romani,
2030 1996 2213 2060 quibus
2234 1994 2327 2045 Cn.

228 2064 458 2130 Pompeii
495 2070 544 2114 et
571 2062 627 2118 C.
658 2064 887 2116 Caesaris
906 2066 1248 2117 reconciliatio
1276 2067 1472 2133 gratiae
1491 2067 1661 2117 minus
1680 2066 1934 2133 placebat,
1966 2080 2015 2115 a.
2049 2080 2102 2114 u.
2128 2081 2173 2115 e.
2202 2062 2325 2116 698.

231 2130 322 2183 Cn.
362 2131 594 2184 Cornelio
638 2133 852 2184 Lentulo
898 2134 1191 2186 Marcellino
1235 2135 1298 2187 L.
1332 2135 1525 2186 Marcio
1563 2135 1803 2201 Philippo
1843 2150 1977 2186 coss.
2032 2134 2327 2190 effecerunt.

228 2209 284 2251 ut
317 2201 595 2254 Gaditanus
636 2203 844 2267 qnidam
872 2204 934 2258 L.
972 2203 1261 2256 Cornelium
1291 2204 1509 2256 Balbum
1547 2212 1812 2257 accusaret
1858 2209 1909 2254 et
1945 2206 2111 2255 civem
2137 2204 2329 2255 Roma·

228 2286 352 2320 num
383 2285 498 2321 esse
529 2279 756 2338 negaret.
802 2272 881 2323 'Is
910 2272 1012 2324 hoc
1044 2281 1344 2341 argumento
1360 2310 1374 2334 ‚
1418 2282 1477 2325 nt
1511 2275 1771 2326 civitatem
1804 2273 1865 2327 L.
1896 2272 2132 2325 Cornelio
2163 2271 2327 2324 Balbo

228 2341 342 2389 sine
377 2340 534 2391 dubio
564 2356 595 2391 a
627 2340 718 2394 Cn.
750 2343 996 2408 Pompeio
1026 2344 1199 2395 datam
1231 2343 1521 2403 infirmaret,
1554 2359 1684 2395 usus
1716 2349 1843 2404 erat,
1879 2344 2019 2406 qnod
2038 2343 2229 2394 diceret
2264 2356 2331 2394 ex

229 2408 489 2460 foederato
509 2410 701 2476 populo
724 2411 977 2474 neminem
1001 2413 1250 2479 potuisse,
1284 2413 1387 2463 nisi
1416 2413 1462 2464 is
1491 2412 1716 2480 populus
1735 2450 1753 2474 ,
1791 2412 1936 2463 cuius
1986 2412 2114 2463 civis
2168 2418 2326 2471 esset,

228 2479 339 2528 eius
364 2479 441 2528 rei
467 2478 657 2531 fundus
676 2478 843 2532 factus
869 2488 1022 2547 esset,
1045 2482 1102 2533 in
1119 2482 1378 2534 civitatem
1395 2483 1679 2533 Romanam
1699 2483 1894 2536 venire.
1931 2481 2042 2532 Hoo
2063 2481 2145 2531 ius
2171 2480 2328 2529 etiam

228 2545 492 2599 Gaditanis
528 2547 738 2600 foedere
785 2564 899 2601 esse
947 2566 1274 2603 concessum:
1323 2552 1514 2602 idcirco
1559 2552 1620 2603 L.
1664 2550 1956 2602 Cornelium
1989 2549 2204 2601 Balbum
2246 2548 2329 2599 in-

227 2618 372 2667 iussu
402 2618 582 2685 populi
612 2616 849 2669 Gaditani
885 2633 989 2671 non
1018 2622 1248 2686 potuisse
1297 2621 1460 2671 civem
1491 2622 1781 2673 Romanum
1810 2619 1942 2675 fleri.
2002 2620 2169 2681 Quum
2196 2617 2331 2669 haec

226 2690 482 2740 accusatio
522 2687 611 2743 Cn.
636 2689 881 2754 Pompeio
913 2689 1080 2741 minus
1112 2700 1259 2758 grata
1295 2696 1447 2750 esset,
1482 2705 1584 2742 non
1617 2690 1785 2742 solum
1810 2690 1925 2756 ipse
1952 2703 2048 2755 pro
2070 2690 2130 2740 L.
2167 2688 2328 2739 Balbo

227 2756 373 2817 dixit,
420 2773 599 2809 verum
634 2760 888 2824 permovit
923 2760 1078 2809 etiam
1113 2761 1179 2809 M.
1212 2758 1450 2810 Crassum
1482 2767 1530 2810 et
1550 2760 1621 2812 M.
1656 2758 1970 2824 Ciceronem,
2000 2766 2057 2808 ut
2091 2758 2327 2809 clientem

226 2840 377 2875 suum
414 2826 761 2879 defenderent.
812 2826 985 2880 Cicero
1019 2829 1180 2895 igitur
1211 2828 1388 2879 ultimo
1422 2828 1534 2880 loco
1565 2828 1665 2881 hac
1693 2830 1827 2895 ipsa,
1865 2843 1995 2892 quae
2026 2828 2160 2879 infra
2195 2826 2327 2893 legi-

225 2900 308 2942 tur
325 2930 342 2956 ,
381 2897 609 2946 oratione
639 2897 700 2947 L.
737 2896 950 2948 Balbum
987 2898 1261 2949 defendere
1298 2898 1519 2961 studuit,
1572 2913 1725 2963 quem
1767 2903 1965 2949 constat
2007 2912 2123 2948 esse
2174 2896 2326 2946 abso·

225 2969 332 3011 tum
378 2969 429 3013 et
459 2972 640 3029 postea
669 2981 720 3017 a.
752 2982 806 3017 ιι.
836 2982 883 3022 c.
919 2966 1040 3019 714.
1077 2968 1230 3017 etiam
1266 2966 1526 3018 consulem
1563 2967 1745 3035 populi
1775 2966 1994 3018 Romani
2030 2965 2239 3019 factum.

352 3117 399 3178 Ι.
446 3114 504 3180 1.
555 3115 623 3177 Si
651 3117 1049 3181 auctoritates
1081 3129 1481 3197 patronorum
1525 3119 1588 3182 in
1619 3119 1866 3182 iudiciis
1897 3120 2201 3193 valerent,
2242 3118 2323 3179 ab

226 3198 624 3275 amplissimis
651 3202 720 3268 L.
753 3202 1027 3265 Cornelii·
1049 3220 1239 3266 causa
1273 3207 1533 3267 defensa
1562 3213 1687 3267 est=
1721 3204 1775 3265 si
1804 3220 1980 3279 usus,
2010 3220 2048 3264 a
2081 3200 2322 3279 peritis-

227 3283 427 3344 simis:
461 3283 515 3346 si
539 3284 812 3361 ingenia,
859 3289 937 3348 ab
971 3288 1526 3365 eloquentissimis=
1558 3292 1612 3350 si
1646 3288 1845 3351 studia
1865 3336 1881 3365 ,
1910 3289 1988 3349 ab
2019 3286 2323 3349 amicissi-

226 3370 340 3429 mis
390 3378 451 3430 et
494 3388 684 3447 quum
716 3372 1036 3433 beneflciis
1080 3389 1220 3434 eum
1265 3375 1331 3434 L.
1365 3372 1646 3435 Cornelio
1688 3379 1816 3434 tum
1851 3370 2117 3434 maxima
2147 3369 2321 3431 fami·

225 3453 481 3516 liaritate
514 3455 877 3518 coniunctis.
952 3456 1120 3531 Quae
1150 3467 1293 3519 sunt
1319 3457 1500 3535 igitur
1529 3474 1703 3519 meae
1733 3463 1987 3533 partes?
2032 3454 2320 3517 Auctori-
