2514 3928
269 240 397 305 304
584 239 661 298 IN
687 237 767 297 M.
797 235 1200 297 ANTONIUM
1229 234 1513 296 ORATIO
1542 233 1967 295 PHILIPPICA
1997 233 2040 293 1.
2080 281 2087 286 .
2319 245 2357 299 5
2440 313 2447 324 Ι

269 407 495 465 essem,
524 387 863 448 remisisset
889 386 1120 462 aliquid
1149 388 1424 462 profecto
1455 387 1534 446 de
1559 386 1883 446 severitate
1914 385 2202 460 cogendi.
2243 386 2355 446 vl.

275 474 371 536 13.
403 476 498 533 An
525 487 621 532 me
650 469 918 531 censetis
936 516 953 544 ,
982 479 1189 545 patres
1215 468 1579 545 conscripti,
1615 469 1781 544 quod
1806 467 2122 547 vos-inviti
2152 469 2355 530 secuti

269 555 450 628 estis,
494 556 875 617 decreturum
909 554 1130 626 fuisse,
1169 560 1236 613 ut
1269 552 1609 628 parentalia·
1631 567 1767 613 cum
1793 550 2355 629 supplicationibus

270 639 716 700 miscerentur?
763 644 826 697 ut
862 635 1269 713 inexpiabiles
1312 635 1641 711 religiones
1666 635 1729 696 in
1757 651 1883 696 rem
1919 636 2227 711 publicam
2261 637 2356 697 in·

269 725 681 785 ducerentur?
721 729 785 782 ut
825 722 1299 781 decernerentur
1343 718 1824 794 supplicationes
1867 726 2151 780 mortuo?
2201 714 2351 780 nibil

271 809 410 868 dico
441 804 560 868 cui.
645 804 851 865 Fuerit
868 803 969 865 ille
996 806 1239 875 BrutuS,
1276 802 1381 878 qui
1423 810 1484 863 et
1512 800 1648 879 ipse
1678 804 1992 864 dominatu
2018 801 2190 877 regio
2223 819 2350 863 rem

272 889 578 966 publicam
618 887 897 949 liberavit
940 894 1000 948 et
1040 888 1120 946 ad
1161 885 1419 947 similem
1463 887 1741 947 virtutem
1783 894 1845 948 et
1883 885 2082 947 simile
2126 887 2347 947 facturo
2460 881 2465 890 '

269 975 522 1048 stirpem
572 970 691 1031 iam
748 987 944 1045 prope
987 969 1046 1029 in
1088 969 1640 1045 quingentesimum
1688 986 1912 1031 annum
1956 970 2389 1045 propagavit&

269 1055 495 1117 adduci
523 1063 720 1115 tamen
755 1070 875 1113 non
908 1068 1159 1128 possem
1197 1061 1263 1114 ut
1285 1068 1655 1129 quemquam
1685 1037 1987 1115 mortuum
2018 1054 2343 1129 coniunge·
2440 1081 2449 1087 =

270 1155 397 1199 rem
422 1154 559 1198 cum
583 1135 1006 1198 immortalium
1029 1135 1363 1233 religione·
1388 1144 1470 1211 ut,
1502 1136 1679 1198 cuius
1708 1137 2059 1213 sepulcrum
2087 1153 2350 1212 usquam

270 1228 472 1283 exstet
501 1218 603 1279 ubi
634 1228 1001 1295 parentetur‚
1027 1220 1085 1280 ei
1117 1219 1361 1296 publice
1385 1219 1786 1297 supplicetur.
1872 1221 2002 1295 Ego
2033 1236 2180 1281 vero
2212 1237 2347 1281 eam

271 1302 631 1368 sententiam
658 1304 953 1365 dixissem
971 1304 1211 1402 [patres
1234 1301 1602 1382 conscripti}
1606 1312 1682 1365 ιιι
1703 1320 1801 1365 me
1823 1305 2126 1365 adversus
2152 1320 2361 1379 popu-

271 1390 395 1451 lum
423 1388 796 1461 Romanum,
836 1386 890 1449 si
940 1387 1047 1463 qui
1082 1387 1414 1449 accidisset
1443 1386 1690 1463 gravior
1718 1386 1808 1448 rei
1834 1386 2117 1463 publicae
2147 1402 2356 1462 casuS,

272 1471 325 1534 si
369 1473 624 1546 bellum,
668 1472 721 1532 si
771 1472 1050 1556 morbuS,
1096 1471 1148 1532 si
1177 1473 1406 1545 fames,
1462 1469 1640 1531 l'acile
1688 1487 1941 1547 possem
1983 1470 2320 1532 defendere

276 1573 437 1632 quae
484 1554 701 1631 partim
743 1556 863 1616 iam
895 1562 1063 1629 sunt,
1107 1553 1323 1630 partim
1366 1554 1576 1616 timeo»
1603 1571 1679 1616 ne
1723 1554 2135 1630 impendeant.
2226 1553 2361 1616 Sed

274 1638 393 1701 hoc
440 1639 762 1714 ignoscant
807 1637 867 1699 di
909 1635 1281 1700 immortales
1330 1638 1507 1699 velim
1538 1646 1600 1699 et
1630 1640 1859 1714 populo
1889 1639 2198 1711 Romano,
2250 1637 2357 1714 qui

273 1721 336 1782 id
367 1738 485 1781 non
523 1722 759 1797 probat,
792 1729 854 1782 et
883 1720 1025 1782 huic
1055 1720 1272 1793 ordini,
1307 1721 1413 1797 qui
1441 1720 1717 1783 decrevit
1739 1721 1981 1787 invitus,
2020 1719 2117 1782 14.
2156 1720 2358 1795 ouidi

272 1805 350 1865 de
374 1803 629 1879 reliquis
663 1805 750 1864 rei
784 1803 1064 1878 publicae
1098 1804 1274 1864 malis
1307 1804 1527 1866 licetne
1568 1806 1771 1867 dicere
1791 1812 1821 1864 ἲ
1864 1804 2007 1865 mihi
2037 1821 2185 1866 vero
2216 1807 2362 1865 licet

272 1895 333 1948 et
366 1902 613 1961 semper
634 1886 841 1947 licebit
869 1886 1218 1961 dignitatem
1250 1887 1433 1962 tueri,
1460 1897 1713 1950 mortem
1746 1897 2153 1952 contemnere.
2240 1888 2360 1950 Po·

275 1978 463 2032 testas
504 1971 688 2031 modo
732 1970 1017 2032 veniendi
1057 1970 1115 2032 in
1158 1972 1322 2033 hunc
1346 1973 1547 2035 locum
1589 1972 1695 2034 sit:
1741 1972 1985 2035 dicendi
2017 1973 2362 2049 periculum

275 2071 398 2115 non
433 2070 678 2116 recuso.
744 2056 950 2131 Atque
974 2056 1221 2130 utinam,
1257 2062 1465 2132 patres
1496 2056 1848 2137 conscripti,
1877 2057 2170 2117 Kalendis
2202 2056 2361 2131 Sex·

275 2137 477 2201 lilibus
519 2139 746 2200 adesse
788 2137 1153 2215 potuissem!
1198 2156 1322 2201 non
1364 2156 1487 2215 quo
1529 2140 1745 2215 profici
1792 2139 2058 2216 potuerit
2098 2138 2360 2215 aliquid,

276 2222 389 2282 sed
429 2238 507 2282 ne
535 2240 696 2283 unus
726 2224 911 2283 modo
942 2223 1316 2296 consularis,
1351 2223 1514 2297 quod
1550 2231 1673 2284 tum
1707 2221 1954 2295 accidit,
1993 2221 2220 2299 dignus
2248 2223 2362 2284 illo

276 2305 545 2377 honore,
597 2305 821 2380 dignus
867 2322 933 2366 re
981 2306 1224 2381 publica
1257 2304 1650 2367 inveniretur.
1739 2306 1870 2381 Qua
1898 2305 2144 2382 quidem
2175 2323 2255 2367 ex
2291 2324 2365 2368 re

273 2403 559 2462 magnum
602 2387 841 2464 accipio
884 2389 1189 2463 dolorem,
1233 2388 1512 2452 homines
1549 2388 1945 2465 amplissimis
1988 2390 2199 2466 populi
2232 2392 2364 2451 Ro-

274 2470 437 2532 mani
481 2471 798 2533 beneficiis
840 2489 994 2534 usos
1036 2472 1101 2531 L.
1135 2435 1420 2535 Pisonem
1462 2473 1682 2535 ducem
1712 2472 1977 2550 optimae
2015 2475 2364 2535 sententiae

274 2572 396 2616 non
471 2565 741 2618 secutos.
830 2554 1147 2617 Idcircone
1201 2573 1318 2618 nos
1378 2557 1648 2633 populus
1701 2558 2012 2619 Romanus
2061 2559 2362 2619 consules

274 2639 457 2715 fecit,
526 2648 592 2703 ut
630 2642 688 2701 in
758 2639 1054 2703 altissimo
1110 2640 1306 2716 gradu
1369 2639 1678 2716 dignitatis
1741 2641 1919 2702 locati
1975 2658 2102 2703 rem
2148 2632 2364 2716 publi-

274 2740 405 2784 cam
448 2741 561 2800 pro
608 2722 794 2787 nihilo
838 2724 1252 2786 haberemus?
1306 2724 1436 2785 Non
1479 2725 1663 2785 modo
1710 2739 1863 2785 voce
1920 2741 2098 2786 nemo
2150 2726 2217 2785 L.
2259 2722 2363 2784 Pi-

273 2806 411 2869 soni
467 2808 853 2883 consularis,
912 2809 1027 2871 sed
1082 2824 1159 2871 ne
1217 2809 1386 2869 vultu
1422 2807 1667 2883 quidem
1701 2810 2008 2870 adsensus
2049 2815 2162 2870 est.
2254 2805 2362 2869 15.

275 2888 474 2964 Quae,
516 2893 766 2953 malum!
818 2898 915 2953 est
943 2892 1059 2954 ista
1091 2890 1434 2954 voluntaria
1464 2888 1775 2954 servitus?
1812 2891 2019 2955 Fuerit
2049 2892 2362 2969 quaedam

274 2973 646 3034 necessaria.
735 2975 946 3050 Neque
998 2991 1115 3051 ego
1160 2976 1281 3036 hoc
1322 2976 1400 3035 ab
1447 2974 1728 3038 omnibus
1759 2974 1835 3036 iis
1869 2975 2196 3051 desidero,
2237 2974 2355 3055 qui,

274 3056 633 3117 sententiam
690 3059 997 3118 consulari
1037 3060 1177 3120 loco
1223 3057 1447 3121 dicunt.
1548 3058 1687 3120 Alia
1746 3075 1935 3121 causa
1977 3066 2073 3123 est
2112 3075 2354 3134 eorum,

276 3154 536 3213 quorum
560 3137 801 3201 silentio
829 3138 1117 3214 ignosco=
1141 3141 1261 3203 alia
1283 3158 1514 3218 eorum,
1540 3159 1800 3219 quorum
1829 3159 2045 3205 vocem
2067 3143 2359 3219 requiro=

276 3238 434 3296 quos
479 3220 727 3297 quidem
768 3222 950 3284 doleo
988 3222 1050 3284 in
1092 3224 1497 3299 suspitionem
1555 3226 1785 3304 populo
1815 3228 2092 3288 Romano
2138 3225 2361 3288 venire

274 3320 398 3364 non
437 3305 619 3366 modo
651 3313 843 3381 metu,
910 3309 1076 3383 quod
1108 3306 1312 3384 ipsum
1344 3317 1513 3372 esset
1540 3318 1733 3386 turpe,
1771 3311 1883 3371 sed
1912 3308 2094 3371 alium
2123 3308 2243 3370 alia
2275 3309 2363 3373 de

231 3401 467 3451 causa
513 3387 738 3450 deesse
768 3387 1043 3466 dignitati
1085 3409 1255 3454 suae.
1341 3395 1472 3454 VII.
1506 3393 1635 3469 Qua
1669 3410 1736 3454 re
1763 3393 2019 3469 primum
2053 3391 2362 3457 maximas

277 3468 502 3543 gravas
551 3479 613 3534 et
654 3489 772 3551 ago
820 3482 882 3537 et
924 3476 1121 3540 habeo
1151 3477 1389 3550 Pisoni,
1457 3476 1561 3553 qui
1595 3494 1718 3538 non
1749 3477 1897 3552 quid
1928 3477 2174 3538 efficere
2204 3494 2367 3555 pos
