2514 3928
133 285 266 343 158
595 373 602 379 .
840 278 1003 340 CAP.
1037 287 1073 341 2
1094 287 1233 339 -4.
1278 282 1329 344 S.
1360 284 1553 338 5—9.
2122 275 2247 341 451

137 430 338 504 dear,
379 428 578 505 eique,
615 431 696 492 uti
727 431 865 505 deo,
892 446 1157 507 paream.
1245 427 1304 491 7.
1336 430 1546 503 ltaque
1576 425 1629 489 si
1660 426 1922 504 receptis
1954 425 2072 489 illis
2103 444 2246 489 esse

147 513 755 592 possumus-liberi,
791 514 1105 574 vincamus
1151 514 1358 580 odium
1394 527 1731 588 pacemque
1771 510 2098 587 patiamur=
2151 512 2246 574 sin

141 597 366 659 otium
414 596 817 658 incolumibus
859 596 955 658 his
989 612 1145 657 >esse
1174 597 1401 656 nullum
1436 603 1664 670 potest,
1715 596 2004 656 laetemur
2033 595 2242 655 decer·

145 681 342 742 tandi
375 680 634 740 oblatam
666 696 810 740 esse
848 682 1167 744 fortunam.
1252 682 1378 739 Aut
1405 676 1565 738 enim
1595 677 1926 739 intersectis
1947 677 2063 738 illis
2084 679 2231 739 frue-

148 781 306 825 mur
347 763 596 824 victrice
636 780 704 822 re
748 762 993 839 publica
1031 771 1134 824 aut
1163 762 1452 839 oppressi
1478 794 1567 809 —-
1598 761 1762 836 quod
1796 777 1973 820 omen
2016 771 2250 824 avertat

149 847 470 923 luppiter!
501 882 587 894 —
622 846 673 906 si
705 863 824 907 non
853 846 1101 921 spiritu,
1132 855 1195 907 at
1222 845 1459 907 virtutis
1491 845 1668 905 laude
1698 844 1993 904 vivemus.
2232 887 2233 892 η

296 932 404 989 tv.
449 931 528 990 At
558 929 715 989 enim
748 945 863 990 nos
892 929 971 989 M.
1004 930 1309 1005 Lepidus,
1337 928 1666 1004 imperator
1693 929 1936 1001 iterum,
1971 927 2245 1002 pontifex

149 1011 511 1085 maximus,
543 1013 771 1088 optime
800 1013 1080 1089 proximo
1112 1012 1274 1073 civili
1307 1013 1467 1073 bello
1499 1013 1576 1071 de
1606 1028 1672 1073 re
1705 1011 1948 1086 publica
1977 1010 2247 1083 merituS,

151 1098 245 1157 ad
284 1112 506 1171 pacem
540 1096 914 1157 adhortatur.
986 1096 1220 1157 Nullius
1260 1097 1426 1170 apud
1470 1111 1597 1170 me,
1640 1103 1848 1170 patres
1894 1091 2248 1168 conscripti,

149 1178 505 1241 auctoritas
529 1180 721 1240 maior
735 1188 831 1241 est
845 1195 1025 1255 quam
1040 1180 1120 1238 Μ.
1134 1180 1350 1255 Lepidi
1367 1179 1464 1238 vel
1488 1186 1734 1254 propter
1757 1176 1952 1253 ipsius
1966 1176 2248 1237 virtutem

151 1265 264 1323 vel
302 1270 553 1338 propter
582 1262 841 1323 familiae
865 1261 1234 1337 dignitatem.
1307 1255 1628 1322 Accedunt
1656 1261 1872 1321 eodem
1911 1261 2092 1320 multa
2126 1258 2246 1335 pri·

156 1354 310 1405 vata
342 1361 559 1419 magna
584 1347 718 1406 eius
753 1344 812 1406 in
846 1361 942 1406 me
970 1345 1213 1418 merita,
1248 1361 1384 1405 mea
1406 1346 1706 1419 quaedam
1737 1344 1945 1408 cilicia
1969 1343 2028 1404 in
2059 1342 2246 1403 illum.

159 1428 503 1489 Maximum
538 1443 686 1490 vero
717 1430 852 1489 eius
882 1428 1244 1489 beneficium
1277 1445 1559 1500 numero,
1599 1427 1766 1504 quod
1798 1428 1916 1487 hoc
1954 1427 2154 1487 auimo
2185 1425 2246 1485 in

160 1528 300 1572 rem
355 1511 657 1587 publicam
708 1519 833 1586 est,
877 1528 1037 1587 quae
1089 1510 1234 1571 mihi
1264 1512 1387 1571 vita
1432 1528 1568 1571 mea
1612 1527 1856 1586 semper
1888 1510 1996 1571 suit
2027 1509 2246 1571 carior.

160 1597 227 1657 8.
265 1595 417 1654 Nam
463 1613 650 1670 quum
691 1595 980 1669 Magnum
1010 1594 1397 1670 Pompeium,
1442 1594 1843 1655 clarissimum
1888 1595 2245 1654 adolescen-

163 1688 312 1753 tem,
345 1678 852 1753 praestantissimi
883 1677 994 1738 viri
1022 1677 1230 1751 filium,
1264 1678 1620 1739 auctoritate
1641 1677 1895 1738 adduxit
1923 1678 1999 1736 ad
2033 1692 2244 1751 pacem

167 1778 426 1837 remque
459 1763 765 1837 publicam
796 1760 931 1824 sine
961 1759 1146 1821 armis
1175 1761 1441 1822 maximo
1474 1760 1839 1828 civilisxbelli
1874 1759 2142 1836 periculo
2178 1758 2239 1818 li·

165 1844 436 1919 beravit,
476 1852 600 1905 tum
645 1861 743 1904 me
790 1842 924 1905 eius
975 1843 1276 1905 beneflcio
1326 1846 1464 1920 plus
1507 1860 1690 1918 quam
1731 1860 1844 1918 pro
1889 1843 2041 1903 virili
2075 1851 2244 1918 parte

169 1927 507 2004 obligatum
565 1937 728 2005 puto.
816 1928 1048 2005 ltaqueae
1076 1935 1136 1989 et
1174 1928 1445 1989 honores
1487 1924 1545 1988 ei
1588 1927 1833 1988 decrevi
1877 1943 2035 2003 quos
2079 1926 2249 2002 potui

166 2011 619 2088 amplissimos,
643 2011 707 2072 ¹in
745 2011 968 2088 quibus
996 2014 1140 2075 mihi
1175 2033 1291 2076 vos
1318 2012 1469 2073 estis
1501 2010 1781 2083 adsensi,
1818 2027 1930 2071 nec
1960 2026 2250 2086 umquam

170 2097 253 2156 de
282 2091 385 2155 illc
418 2103 481 2156 et
509 2111 759 2170 sperare
788 2094 1014 2170 optime
1048 2104 1111 2156 et
1150 2097 1318 2171 loqui
1350 2095 1574 2156 destiti.
1661 2093 1899 2170 Magnis
1947 2104 2007 2155 et
2046 2093 2247 2154 multis

172 2177 537 2255 pignoribus
565 2178 644 2238 M.
674 2179 967 2254 Lepidum
1004 2195 1103 2239 res
1135 2179 1380 2255 publica
1407 2176 1697 2253 illigatum
1731 2185 1911 2238 tenet.
1996 2177 2248 2238 Summa

172 2261 460 2323 nobilitas
512 2270 637 2334 est,
698 2278 912 2322 omnes
960 2262 1265 2337 honoreS,
1320 2260 1763 2338 amplissimum
1819 2259 2247 2334 sacerdotium,

178 2345 434 2421 plurima
481 2344 650 2405 urbis
694 2354 1046 2406 ornamenta
1131 2345 1362 2422 ipsiuS,
1414 2344 1613 2406 fratris
1657 2345 2073 2421 maiorumque
2122 2361 2250 2406 mo·

178 2432 476 2492 nimenta:
533 2428 964 2503 probatissima
993 2446 1182 2503 uxor,
1221 2428 1585 2504 optatissimi
1618 2427 1820 2502 liberi,
1863 2446 1963 2490 res
1995 2428 2246 2489 familia-

177 2512 262 2572 ris
293 2529 475 2587 quum
503 2513 708 2588 ampla
739 2520 861 2572 tum
891 2520 1061 2574 casta
1088 2529 1130 2573 a-
1154 2528 1371 2573 cruore
1402 2512 1582 2573 civili.
1651 2513 1839 2572 Nemo
1871 2514 1948 2573 ab
1985 2530 2059 2573 eo
2093 2513 2246 2572 civis

178 2595 468 2670 violatus,
501 2597 670 2656 multi
701 2595 838 2656 eius
878 2595 1180 2658 beneficio
1211 2604 1273 2657 et
1311 2594 1731 2656 misericordia
1759 2596 2015 2656 liberati.
2084 2593 2248 2656 Talis

179 2677 353 2753 igitur
379 2679 473 2738 vir
502 2687 561 2739 et
584 2678 735 2740 civis
767 2678 1054 2754 opinione
1083 2680 1201 2740 labi
1235 2687 1468 2755 potest,
1503 2678 1810 2739 voluntate
1839 2697 1875 2739 a
1909 2695 1973 2737 re
2005 2677 2248 2753 publica

185 2761 480 2823 dissidere
523 2764 689 2824 nullo
733 2771 913 2837 pacto
964 2771 1188 2838 potest.
1275 2763 1334 2825 9.
1390 2764 1606 2823 Pacem
1661 2762 1787 2823 vult
1830 2762 1911 2821 Μ.
1956 2761 2246 2836 Lepidus.

180 2846 508 2907 praeclar-02
540 2847 593 2907 si
622 2848 801 2906 talem
819 2852 1032 2921 potest
1061 2847 1327 2919 efficere,
1360 2848 1601 2922 qualem
1636 2862 1831 2920 nuper
1861 2845 2089 2905 effecit:
2125 2862 2248 2918 qua

184 2944 331 3005 pace
370 2929 475 2989 Cn.
512 2929 783 3004 Pompeii
839 2929 1026 2989 lilium
1078 2946 1180 2990 res
1224 2930 1467 3005 publica
1514 2929 1774 3006 aspiciet
1823 2946 2062 3004 suoque
2107 2929 2244 2988 sinu

183 3015 624 3087 complexuque
653 3012 940 3088 recipiet,
985 3029 1185 3088 neque
1216 3014 1414 3073 solum
1447 3012 1644 3088 illum,
1691 3014 1805 3073 sed
1850 3030 2001 3077 cum,
2029 3014 2130 3072 illo
2175 3029 2246 3074 se

184 3094 370 3172 ipsam
411 3097 528 3157 sibi
570 3094 904 3158 restitutam
940 3097 1191 3172 putabit.
1261 3097 1428 3182 Haep
1455 3113 1644 3158 causa
1677 3095 1788 3158 suit
1815 3113 1923 3158 cur
1952 3098 2244 3157 decerne-

185 3179 321 3240 retis
350 3189 609 3241 statuam
653 3183 709 3241 in
742 3179 962 3242 rostris
1002 3196 1140 3241 cum
1183 3179 1581 3255 inscriptione
1614 3182 1954 3257 praeclara,
2000 3198 2108 3243 cur
2139 3180 2241 3239 ab—

188 3262 331 3324 senti
357 3264 743 3339 triumphum.
804 3263 1178 3339 Quamquam
1212 3262 1374 3324 enim
1406 3280 1657 3340 magnas
1692 3280 1791 3326 res
1821 3266 2071 3326 bellicas
2107 3279 2242 3339 ges·

190 3357 340 3409 serat
393 3357 455 3410 et
502 3346 806 3422 triumpho
849 3347 1099 3423 dignas,
1160 3364 1282 3409 non
1324 3355 1454 3408 erat
1493 3356 1688 3408 tamen
1735 3347 1793 3407 ci
1838 3347 2240 3420 tribuendum,

191 3431 341 3506 quod
383 3447 499 3492 nec
537 3431 602 3491 L.
630 3430 888 3491 Aemilio
932 3446 1047 3491 nec
1091 3432 1429 3492 Aemiliano
1467 3430 1739 3507 Scipioni
1785 3447 1898 3492 nec
1939 3428 2238 3508 superiori

183 3514 462 3578 Africano
492 3530 607 3575 nec
634 3512 826 3575 Mario
850 3531 964 3575 nec
987 3514 1299 3590 Pompeio,
1334 3513 1437 3590 qui
1469 3516 1695 3575 maiora
1707 3514 1875 3656 ἔξω
1899 3521 2240 3589 gesserunt,

1799 3600 1829 3633 ια
