2514 3928
71 265 178 317 131
740 256 903 317 ΟΑΡ.
937 264 1130 320 5-7.
1174 262 1228 324 S.
1260 265 1520 320 11—17.
2047 257 2173 318 429

65 406 660 483 praestantissimus
690 405 873 478 civiS,
921 406 1175 481 Aquila,
1212 406 1504 467 Pollentia
1532 408 1804 484 expulit,
1837 415 1895 468 et
1923 407 2170 484 quidem

64 495 268 551 crure
304 492 527 551 fracto:
570 490 738 565 quod
766 489 992 551 utinam
1021 489 1105 549 illi
1138 497 1280 551 ante
1298 488 1660 574 accidisset,
1702 506 1782 550 ne
1822 490 1940 551 huc
1969 492 2171 553 redire

69 572 433 648 potuisset!
520 574 754 634 Lumen
780 582 842 634 ει
870 573 1061 633 decus
1094 572 1257 633 illius
1298 563 1607 634 exercitus
1639 589 1837 647 paene
1864 576 2166 649 praeterii,

72 655 141 715 Τ.
158 656 441 718 Annium
467 656 786 731 Cimbrum,
810 655 1079 753 Lysidici
1102 656 1310 730 filium,
1332 655 1723 733 Lysidicum
1707 671 1908 730 ipsum
1933 658 2167 719 Graeco

69 740 316 810 verbo,
352 739 643 815 quoniam
672 739 873 801 omnia
904 738 1038 800 iura
1068 738 1379 801 dissolvitz
1424 738 1543 798 nisi
1574 741 1731 801 forte
1762 739 2168 802 iure.Germa·

69 840 229 883 niim
276 822 520 883 Cimber
567 822 809 884 occidit.
898 823 1091 897 Quum
1135 822 1294 882 hano
1335 830 1396 883 et
1439 822 1622 883 huius
1652 822 1896 897 generis
1926 825 2166 898 copiam

67 914 316 967 tantam
347 907 569 967 habeat
585 905 907 981 AntoniuS,
939 906 1107 981 quod
1131 908 1339 968 scelus
1363 904 1614 980 omittet,
1645 921 1832 1002 quum
1854 906 2170 967 Dolabella

70 988 272 1050 tantis
318 1006 389 1050 se
431 988 826 1051 obstrinxerit
862 987 1212 1067 parricidiis
1243 1004 1632 1085 nequaquam
1685 988 1818 1064 pari
1867 989 2169 1050 latronum

72 1089 274 1133 manu
306 1081 367 1140 et
396 1072 620 1148 eopia?
703 1071 804 1135 15.
836 1073 1235 1148 Quapropter,
1265 1079 1330 1133 ut
1356 1071 1582 1133 invitus
1613 1087 1805 1147 saepe
1834 1071 2103 1133 dissensi
2134 1090 2168 1132 a

74 1156 152 1230 Q.
181 1155 385 1229 Fufio,
417 1157 499 1218 ita
528 1174 664 1217 sum
694 1156 828 1217 eius
857 1156 1195 1217 sententiae
1225 1156 1481 1215 libenter
1507 1155 1832 1215 adsensus.
1903 1155 1999 1215 Ex
2042 1172 2166 1231 quo

76 1237 365 1299 iudicare
400 1239 637 1301 debetis
672 1256 769 1300 me
797 1255 918 1299 non
949 1255 1084 1299 cum
1114 1238 1360 1312 homine
1389 1240 1620 1311 solere,
1668 1239 1782 1298 sed
1813 1254 1949 1298 cum
1979 1252 2169 1299 causa

78 1322 417 1383 dissidere.
502 1324 718 1399 ltaque
763 1339 888 1384 non
926 1323 1240 1383 adsentior
1279 1323 1507 1397 solum,
1559 1320 1672 1381 sed
1717 1321 1897 1382 etiam
1939 1322 2166 1396 gratias

80 1421 205 1480 ago
239 1404 310 1478 Ω.
338 1404 532 1466 Fufio.
619 1406 785 1467 Dixit
816 1404 976 1467 enim
1018 1422 1331 1477 severam,
1374 1420 1653 1481 gravem,
1697 1420 1764 1464 re
1797 1404 2044 1480 publiea
2072 1405 2161 1465 di-

81 1505 273 1565 gnam
308 1489 696 1550 sententiam:
740 1488 1032 1551 iudicavit
1069 1490 1306 1551 hostem
1351 1488 1757 1551 Dolabellam=
1816 1489 1977 1548 bona
2025 1504 2165 1548 cen-

83 1573 210 1634 suit
243 1572 492 1647 publice
535 1571 930 1648 possidenda.
1019 1572 1150 1647 Quo
1184 1583 1372 1648 quum
1401 1572 1547 1632 addi
1576 1570 1721 1631 nihil
1753 1570 2057 1645 potuisset
2084 1607 2164 1617 —-

87 1656 240 1731 quid
271 1655 434 1715 enim
464 1658 730 1718 atrocius
766 1656 979 1732 potuit,
1011 1656 1157 1732 quid
1188 1655 1468 1716 severius
1491 1656 1867 1716 decernere?
1891 1688 1989 1728 —,
2014 1655 2165 1714 dixit

86 1750 327 1813 tamen,
376 1739 431 1800 si
463 1740 599 1816 quis
627 1756 870 1815 eorum,
913 1740 1017 1814 qui
1049 1747 1193 1815 post
1220 1756 1292 1800 se
1322 1739 1518 1813 rogati
1548 1745 1786 1809 essent,
1821 1736 2164 1813 graviorem

90 1824 453 1884 sententiam
499 1823 785 1895 dixisset,
832 1822 892 1882 in
939 1840 1073 1883 eam
1117 1839 1187 1883 se
1228 1821 1469 1883 iturum.
1558 1822 1746 1895 Quam
1777 1820 2163 1882 severitatem

93 1906 233 1981 quis
265 1913 471 1981 potest
496 1923 618 1968 non
647 1907 949 1982 laudaret,

220 1990 352 2048 Vll.
398 1987 498 2051 16.
540 1991 740 2063 Νιιιιε,
788 1989 1076 2064 quoniam
1118 1989 1313 2049 hostis
1352 1999 1449 2058 est
1489 1989 1791 2049 iudicatus
1828 1989 2161 2062 Dolabella,

97 2072 258 2133 bello
288 2080 385 2132 est
415 2074 901 2148 persequendus.
984 2073 1198 2148 Neque
1241 2072 1399 2133 enim
1437 2070 1728 2147 quiescit:
1769 2071 1952 2131 habet
1977 2070 2164 2145 legio-

102 2172 271 2228 nem,
311 2155 496 2216 habet
539 2154 858 2230 fugitivoS,
904 2156 1084 2216 habet
1123 2155 1481 2216 sceleratam
1525 2152 1849 2228 impiorum
1890 2169 2164 2214 manum:

100 2246 195 2299 est
222 2236 358 2314 ipse
389 2238 707 2298 confidens
726 2238 1096 2316 „impotens
1127 2239 1486 2314 gladiatorio
1519 2236 1728 2312 generi
1756 2236 1967 2297 mortis
1995 2236 2165 2296 addi-

101 2331 251 2382 ctus.
340 2322 528 2395 Quam
574 2321 653 2382 ob
694 2338 823 2384 rem
865 2320 1154 2400 quoniam
1186 2320 1501 2382 Dolabella
1531 2321 1819 2381 hesterno
1856 2320 1956 2380 die
1988 2320 2166 2382 hoste

103 2406 345 2466 decreto
397 2405 621 2468 bellum
672 2407 1010 2481 gerundum
1060 2413 1185 2479 est,
1240 2404 1568 2480 imperator
1624 2410 1721 2464 est
1792 2401 2164 2478 diligendus.

103 2490 269 2549 Duae
291 2488 490 2549 dictae
516 2497 660 2550 sunt
680 2490 1034 2557 sententiae.
1072 2505 1327 2564 quarum
1349 2494 1624 2548 neutram
1645 2487 1841 2562 probo
1858 2509 1874 2542 ε
1898 2489 2164 2559 alteram,

107 2571 246 2646 quia
287 2587 561 2647 semper,
607 2571 726 2632 nisi
769 2589 957 2647 quum
986 2580 1083 2634 est
1108 2587 1397 2646 necesse,
1441 2569 1850 2647 periculosam
1879 2567 2167 2629 arbitron

107 2654 365 2728 alteram,
398 2654 542 2730 quia
569 2653 830 2716 alienam
857 2654 953 2716 his
986 2655 1361 2731 temporibus
1393 2653 1696 2714 existimo.
1755 2648 1854 2712 17.
1883 2651 2033 2710 Nam
2062 2666 2167 2711 ex-

109 2736 561 2799 traordInarinm
606 2737 929 2814 imperium
969 2739 1266 2814 populare
1310 2745 1492 2813 atque
1522 2744 1841 2796 ventosum
1883 2742 2007 2804 est,
2059 2733 2167 2793 mi-

110 2819 537 2882 nimenostrae
566 2821 899 2898 gravitatis,
935 2821 1181 2882 minime
1203 2819 1385 2883 huius
1417 2817 1669 2882 ordinis.
1754 2818 1925 2877 Bello
1954 2816 2165 2878 Antio-

114 2901 311 2977 chino,
332 2919 556 2979 magno
582 2914 644 2966 et
662 2905 853 2980 gravi,
881 2923 1068 2981 quum
1092 2908 1157 2966 L.
1174 2905 1450 2981 Scipioni
1471 2903 1792 2981 provincia
1803 2901 1955 2963 Asia
1979 2903 2141 2965 obve

116 2984 314 3055 nisset,
350 3003 696 3063 parumque
717 2988 779 3048 in
810 3005 885 3050 eo
910 2996 1232 3065 putaretur
1254 3005 1396 3049 esse
1418 2988 1618 3056 animi,
1654 3002 1872 3064 parum
1901 2987 2165 3059 roboriS,

117 3076 481 3144 senatusque
503 3073 584 3131 ad
609 3073 910 3148 collegam
935 3073 1089 3143 eiuS,
1121 3073 1183 3132 C.
1211 3072 1500 3142 Laelium,
1526 3071 1691 3134 illius
1718 3069 2027 3146 Sapientis
2057 3088 2166 3146 pa-

116 3158 280 3220 trem,
303 3155 608 3228 negotium
625 3155 912 3227 deferret,
936 3155 1204 3216 surrexit
1216 3157 1282 3216 P.
1299 3155 1646 3226 Africanus,
1670 3156 1862 3214 frater
1881 3154 2078 3214 maior
2094 3156 2159 3216 L.

122 3236 440 3313 ScipioniS,
482 3247 541 3300 et
569 3238 732 3300 illam
763 3238 1153 3314 ignominiam
1182 3256 1220 3299 a
1251 3239 1475 3301 familia
1504 3241 1869 3316 deprecatus
1913 3248 2036 3312 est,
2082 3238 2171 3297 di-

123 3320 319 3395 xitque
355 3329 416 3382 ει
453 3320 515 3382 in
563 3323 746 3384 fratre
786 3337 901 3383 suo
937 3339 1234 3384 summam
1263 3323 1542 3384 virtutem
1573 3339 1717 3384 esse
1745 3337 2172 3395 summumque

126 3402 426 3464 consilium
458 3420 663 3481 neque
693 3420 763 3466 se
792 3404 848 3466 ei
879 3405 1162 3481 legatum,
1195 3406 1255 3465 id
1281 3407 1496 3468 aetatis
1525 3406 1727 3481 iisque
1752 3406 1940 3465 rebus
1963 3402 2172 3478 gestiS‚

128 3486 467 3573 defuturum.
554 3489 730 3563 Quod
786 3505 972 3566 quum
1015 3489 1092 3550 ab
1132 3506 1208 3552 eo
1253 3497 1423 3551 esset
1465 3489 1723 3560 dictum,
1773 3484 1919 3547 nihil
1961 3492 2056 3547 est
2096 3486 2172 3544 de
