2514 3928
553 65 633 73 δ-»
648 23 1156 74 »ἕρ-*ἠΰν

322 88 327 95 ,
345 86 387 92 -,
410 70 545 89 --ιἾ-’“

0 110 141 135 ’'p—‘¹⁶⁷
782 129 1746 141 mamm.
1769 129 2264 139 ”wa-.-
2281 138 2328 145 ——.

108 134 2258 237 Α-κρῗζτ-ΣΣ-ἭἿ
2365 152 2432 179 ...ἢκ

649 318 812 380 CAP.
837 326 1101 381 63—65.
1145 324 1194 384 S.
1226 325 1322 378 131
1347 351 1422 364 --·
1441 326 1559 381 135.
2058 320 2138 382 51

98 470 373 532 omnibus
399 469 698 531 machinis
746 485 821 530 ac
852 468 1198 543 tormentis,
1237 469 1332 543 vi,
1375 471 1678 543 exercitu,
1714 470 1911 547 copiis
1945 489 2139 549 oppu-

90 570 321 630 gnarer,
367 554 446 614 de
487 570 614 615 uno
659 552 972 627 sagittario
1022 570 1118 613 me
1162 553 1336 628 queri
1382 554 1731 617 convenire.
1807 560 1963 618 Acta
2005 574 2138 617 mea

90 638 192 699 sibi
217 639 299 699 ait
326 635 675 712 displicere.
732 637 880 711 Quis
910 637 1150 697 nescit?
1185 639 1289 713 qui
1322 639 1513 713 legem
1546 655 1742 699 meam
1773 648 2138 709 contemnat,

88 737 232 798 quae
277 719 545 782 dilucide
590 728 753 783 vetat
793 721 1162 797 gladiatores
1206 721 1487 794 biennio,
1543 739 1666 797 quo
1719 722 1858 798 quis
1901 724 2139 799 petierit

85 813 178 867 aut
208 804 501 880 petiturus
532 803 642 878 sit,
688 805 881 866 dare?
945 803 1085 867 134.
1143 805 1205 864 ln
1239 823 1363 881 quo
1394 805 1527 867 eius
1566 806 1958 869 temeritatem
1988 808 2139 868 satis

84 889 301 963 mirari,
338 887 605 965 iudices,
641 905 764 950 non
796 906 979 964 queo.
1052 889 1222 950 Facit
1250 888 1640 966 apertissime
1671 898 1884 951 contra
1912 892 2105 965 legem

84 973 215 1033 lacit
251 971 339 1046 is,
386 972 491 1048 qui
532 989 736 1049 neque
780 973 938 1034 elabi
983 990 1062 1033 ex
1110 972 1339 1034 iudicio
1386 972 1761 1034 iucunditate
1791 991 1905 1034 sua
1938 991 2138 1048 neque

78 1056 253 1118 emitti
295 1055 491 1132 gratia
535 1065 744 1132 potest
782 1074 988 1132 neque
1029 1057 1253 1134 opibus
1289 1066 1350 1118 et
1382 1056 1651 1133 potentia
1683 1059 1852 1133 leges
1882 1073 1956 1118 ac
1986 1056 2136 1117 iudi-

79 1140 165 1202 cia
214 1139 611 1216 perfringere.
686 1140 853 1213 Quae
898 1157 997 1200 res
1045 1141 1350 1202 hominem
1383 1141 1664 1218 impellit,
1696 1150 1761 1202 ut
1788 1142 1867 1204 sit
1900 1150 2014 1203 tam
2050 1141 2134 1200 in-

79 1230 465 1300 temperans?
507 1226 550 1298 †
592 1224 715 1282 Iste
752 1223 935 1283 nimia
970 1225 1198 1298 gloriae
1228 1224 1562 1299 cupiditate
1591 1224 1874 1285 familiam
1905 1225 2133 1301 gladia·

77 1308 312 1380 toriam,
343 1307 559 1376 credo,
588 1312 855 1366 nanctus
885 1314 982 1364 est
1011 1306 1392 1379 speciosam,
1438 1309 1733 1380 nobilem,
1780 1310 2132 1383 gloriosam.

74 1392 254 1450 Norat
297 1385 503 1446 studia
537 1385 776 1460 populi,
812 1387 1057 1445 videbat
1098 1389 1395 1446 clamores
1425 1398 1487 1449 et
1513 1405 1851 1451 concursus
1882 1393 2116 1453 tuturos

77 1473 202 1530 Hac
251 1468 718 1541 exspectatione
758 1469 953 1528 elatus
996 1468 1179 1528 homo
1224 1469 1494 1543 flagrans
1535 1471 1865 1544 cupiditate
1907 1474 2135 1547 gloriae

79 1563 282 1613 tenere
305 1567 375 1611 se
403 1566 523 1609 non
557 1548 768 1626 potuit,
800 1550 945 1626 quin
974 1567 1087 1612 eos
1116 1551 1486 1625 gladiatores
1516 1550 1847 1625 induceret,
1881 1572 2137 1630 quorum

75 1643 243 1698 essct
272 1634 410 1710 ipse
442 1632 905 1710 pulcherrimus,
973 1633 1040 1695 Si
1066 1636 1145 1695 ob
1175 1651 1312 1695 eam
1357 1652 1610 1697 causam
1654 1645 1977 1714 peccaret,
2027 1655 2140 1713 pro

71 1719 298 1781 recenti
341 1719 555 1795 populi
585 1718 845 1780 Romani
886 1719 944 1778 in
986 1735 1058 1780 se
1105 1718 1405 1780 beneficio
1454 1720 1733 1795 populari
1781 1719 1986 1782 studio
2018 1723 2136 1782 ela·

72 1814 195 1875 tuS‚
244 1812 439 1864 tamen
487 1802 837 1878 ignosceret
883 1820 1093 1864 nemo:
1146 1820 1334 1879 quum
1383 1820 1527 1866 vero
1575 1822 1653 1864 ne
1691 1805 1770 1865 de
1822 1804 2137 1866 venalibus

69 1887 311 1963 quidem
335 1887 613 1948 homines
636 1887 884 1962 electoS,
917 1889 1030 1949 sed
1057 1904 1136 1948 ex
1165 1887 1491 1963 ergastulis
1519 1897 1760 1963 emptos
1791 1888 2136 1950 nominibus

67 1971 443 2048 gladiatoriis
478 1971 707 2033 ornarit
737 1981 798 2034 et
826 1974 1042 2033 sortito
1075 1973 1231 2034 alios
1264 1972 1600 2043 Samnites,
1645 1973 1802 2035 alios
1836 1990 2133 2050 provoca-

66 2066 231 2117 tores
276 2055 515 2128 l'eccrit‚
564 2063 730 2117 tanta
777 2057 1047 2128 licentia,
1090 2064 1254 2118 tanta
1289 2058 1490 2132 legum
1527 2059 1897 2134 contemptio
1930 2075 2135 2119 nonne

66 2156 246 2215 quem
294 2140 571 2201 habitura
612 2138 692 2199 sit
728 2140 956 2204 exitum
1002 2140 1414 2217 pertimescit?
1465 2138 1604 2201 135.
1659 2141 1782 2202 Sed
1815 2142 2000 2203 habet
2029 2144 2134 2202 de-

66 2222 579 2285 fensionesduas:
603 2222 897 2298 primum:
924 2223 1036 2291 Do,
1060 2220 1273 2297 inquit,
1293 2222 1655 2283 bestiarios:
1679 2225 1779 2283 lex
1800 2221 2032 2296 scrIpta
2054 2234 2137 2280 est

62 2308 143 2367 de
172 2306 630 2381 gladiatoribus.
663 2338 747 2351 ·—
774 2304 1037 2366 Festive.
1096 2302 1375 2379 Accipite
1398 2304 1630 2379 aliquid
1659 2303 1839 2365 etiam
1874 2304 2133 2365 acutius,

65 2390 242 2450 Dicet
269 2406 338 2449 se
370 2406 490 2450 non
529 2388 932 2465 gladiatores,
978 2389 1088 2449 sed
1125 2405 1312 2449 unum
1344 2387 1740 2462 gladiatorem
1776 2390 1923 2448 dare
1952 2397 2012 2450 et
2046 2397 2133 2449 to·

63 2483 184 2534 tam
216 2472 580 2534 aedilitatem
613 2472 671 2533 in
703 2489 924 2534 munus
955 2472 1072 2533 hoc
1105 2470 1509 2533 transtulisse.
1582 2472 1901 2532 Praeclara
1928 2471 2137 2533 aedili-

64 2564 192 2617 tas!
240 2556 413 2617 Unus
445 2558 572 2628 leo,
618 2556 864 2617 ducenti
904 2555 1196 2617 bestiarii.
1254 2557 1484 2617 Verum
1527 2564 1730 2616 utatur
1765 2556 1880 2617 hac
1922 2556 2132 2617 defen-

62 2639 271 2701 sione=
314 2640 496 2714 cupio
542 2655 681 2700 eum
710 2656 863 2701 suae
891 2655 1120 2700 causae
1148 2640 1484 2701 confidere.
1555 2638 1727 2701 Solet
1759 2639 1920 2700 enim
1952 2640 2135 2700 tribu—

62 2740 184 2783 nos
237 2722 434 2798 plebis
475 2725 792 2799 appellare
821 2731 882 2784 et
909 2722 972 2782 vi
1003 2722 1292 2784 iudicium
1321 2721 1697 2796 disturbare,
1746 2739 1932 2798 quum
1977 2722 2132 2782 disfi-

65 2808 174 2867 dit.
236 2807 424 2880 Quem
462 2823 584 2868 non
617 2815 735 2867 tam
765 2807 1063 2881 admiror,
1107 2808 1277 2882 quod
1307 2822 1503 2867 meam
1542 2808 1738 2881 legem
1784 2807 2134 2878 contemnit,

61 2889 331 2951 hominis
362 2888 617 2962 inimici,
660 2907 842 2966 quam
872 2890 1043 2964 quod
1070 2889 1162 2951 sic
1198 2891 1430 2964 statuit,
1467 2890 1716 2952 omnino
1748 2891 2131 2951 consularem

63 2975 263 3050 legem
312 2974 536 3035 nullam
584 2982 816 3050 putare.
881 2973 1203 3035 Caeciliam
1252 2972 1522 3045 Didiam,
1570 2971 1862 3035 Liciniam
1905 2975 2133 3036 Iuniam

60 3057 457 3133 contempsit.
518 3056 792 3119 Etiamne
835 3058 1001 3132 eius,
1043 3074 1226 3134 quem
1273 3074 1386 3119 sua
1421 3058 1557 3133 lege
1588 3065 1650 3118 et
1682 3075 1798 3120 suo
1831 3059 2134 3122 beneficio

58 3151 364 3214 ornatum,
394 3141 706 3213 munitum,
737 3151 1031 3204 armatum
1062 3143 1221 3202 solet
1244 3140 1511 3217 gloriari,
1541 3140 1603 3201 C.
1630 3140 1911 3204 Caesaris
1941 3146 2137 3217 legem

60 3226 147 3287 de
174 3225 458 3302 pecuniis
487 3225 844 3302 repetundis
877 3243 1000 3289 non
1035 3233 1206 3302 putat
1234 3241 1381 3286 esse
1409 3224 1652 3299 legem?
1675 3226 1753 3288 Et
1784 3226 1951 3287 aiunt
1977 3225 2134 3286 alios

60 3324 242 3382 esse,
286 3309 392 3384 qui
432 3318 570 3370 acta
600 3308 882 3371 Caesaris
924 3309 1307 3380 rescindant,
1352 3325 1540 3383 quum
1587 3308 1740 3370 haec
1771 3308 2001 3385 optima
2035 3310 2134 3367 lex

60 3401 126 3453 et
166 3393 246 3454 ab
293 3392 397 3454 illo
443 3408 664 3457 socero
704 3392 840 3454 eius
875 3402 936 3454 et
963 3393 1040 3453 ab
1071 3392 1190 3453 hoc
1217 3391 1512 3451 adsecula
1544 3391 1928 3469 negligatur?
1957 3391 2137 3449 LXV.

64 3475 140 3536 Et
169 3476 473 3538 cohortari
503 3493 695 3538 ausus
724 3486 821 3537 est
852 3483 1178 3536 accusator
1209 3473 1272 3534 in
1305 3473 1422 3533 hac
1464 3489 1653 3534 causa
1700 3491 1844 3545 vos,
1884 3471 2138 3536 iudices,

67 3569 131 3620 ut
163 3559 492 3639 aliquando
523 3559 747 3621 essetis
777 3556 998 3633 severi,
1024 3556 1357 3632 aliquando
1386 3554 1749 3614 medicinam
1772 3551 2139 3611 adhiberetis

1646 3633 1734 3692 4.
2015 3703 2398 3831 Α

1981 3858 2514 3905 --k
