2514 3928
89 239 212 321 299
816 255 1209 320 cmv-9.
1255 263 1307 323 s.
1337 265 1601 319 20—27.
2112 256 2234 321 397

113 409 439 486 inquam,
470 406 573 469 tali
601 406 765 479 viro,
796 424 979 482 quem
1009 424 1125 467 nos
1157 414 1408 468 senatus
1437 410 1716 468 consulto
1753 409 2104 469 collaudare
2132 409 2237 469 de·

121 494 414 566 henim,
446 489 746 567 poteritne
777 506 921 550 esse
954 500 1209 569 pacatus
1240 490 1590 552 Antonius?
1637 491 1833 564 Quid?
1875 492 1937 551 C.
1973 492 2238 567 Caesari,

125 576 262 652 qui
308 576 482 635 illum
529 573 712 634 urbe:
759 572 950 648 quid?
988 574 1059 633 D.
1091 575 1308 646 Brute,
1358 574 1462 648 qui
1492 573 1684 632 Gallia
1722 574 2074 647 prohibuit?
2133 576 2236 638 25.

130 660 285 719 lam
320 674 473 719 vero
505 660 640 731 ipse
671 672 742 716 se
772 656 1038 729 placabit
1065 665 1127 717 et
1161 657 1348 717 leniet
1376 655 1729 731 provinciae
1760 656 2020 732 Galliae,
2049 675 2086 717 a
2115 677 2236 734 qua

129 741 467 816 expulsus
493 747 554 801 et
585 738 943 814 repudiatus
968 748 1104 800 est?
1141 739 1355 800 Omnia
1383 738 1698 811 videbitiS‚
1731 747 1937 813 patres
1968 742 2229 802 conscri-

134 825 274 901 pti,
314 825 436 884 nisi
464 822 847 899 prospicitiS,
885 824 1066 897 plena
1096 822 1406 896 odiorum,
1439 824 1621 897 plena
1656 822 2128 895 discordiarum,
2162 841 2237 884 ex

140 908 395 985 quibus
426 909 698 967 oriuntur
726 906 887 965 bella
916 906 1133 966 civilia.
1168 907 1363 968 Nolite
1393 905 1575 980 igitur
1601 906 1664 966 id
1697 906 1882 977 velle,
1917 907 2084 981 quod
2106 906 2237 967 fieri

139 1009 281 1052 non
319 999 553 1067 potest,
585 998 646 1050 et
676 998 917 1061 cavete,
953 1007 1063 1064 per
1091 991 1244 1050 deos
1277 991 1681 1051 immortales!
1728 997 1933 1063 patres
1970 990 2239 1051 conscri-

145 1074 277 1151 pti,
315 1090 399 1135 ne
430 1089 544 1148 spe
581 1072 925 1148 praesentis
958 1074 1128 1149 pacis
1161 1083 1518 1148 perpetuam
1549 1089 1767 1148 pacem
1801 1072 2107 1134 amittatis,

283 1158 389 1219 IX.
426 1156 528 1218 26.
571 1156 875 1231 Quorsum
915 1156 1070 1216 haec
1112 1156 1311 1216 omnis
1341 1164 1578 1231 spectat
1607 1155 1845 1218 oratio?
1901 1155 2049 1231 quid
2079 1156 2237 1217 enim

145 1239 346 1316 legati
377 1238 611 1314 egerint
641 1240 914 1299 nondum
945 1239 1194 1299 scimus.
1282 1243 1364 1300 At
1388 1256 1537 1300 vero
1579 1239 1849 1312 excitati,
1881 1240 2098 1315 erecti,
2130 1258 2236 1316 pa·

146 1325 305 1395 rati,
363 1323 575 1383 armati
618 1321 835 1383 animis
877 1323 997 1382 iam
1029 1338 1172 1383 esse
1215 1322 1543 1395 debemuS,
1592 1339 1670 1382 ne
1702 1323 1926 1382 blanda
1955 1332 2059 1383 aut
2091 1341 2235 1399 sup-

152 1406 311 1483 plici
346 1405 623 1466 oratione
650 1413 756 1467 aut
786 1405 1109 1481 aequitatis
1141 1404 1528 1467 simulatione
1561 1407 1857 1468 fallamur.
1903 1404 2117 1465 Omnia
2150 1410 2234 1467 fe-

153 1489 317 1551 cerit
349 1497 622 1565 oportet,
654 1505 813 1565 quae
841 1488 1159 1549 interdicta
1188 1498 1248 1550 et
1279 1486 1634 1550 denuntiata
1668 1497 1826 1562 sunt,
1859 1488 2028 1564 prius
2055 1506 2233 1564 quam

153 1572 399 1649 aliquid
434 1573 734 1649 postulet:
762 1573 1017 1634 Brutum
1048 1572 1509 1649 exercitumque
1547 1573 1682 1634 eius
1717 1588 2105 1648 oppugnare,
2139 1590 2235 1634 ur·

155 1658 275 1718 bes
310 1664 371 1718 et
404 1672 589 1732 agros
629 1655 985 1732 provinciae
1015 1655 1243 1717 Galliae
1279 1655 1563 1732 populari
1607 1656 1933 1717 destiterit:
1975 1657 2054 1716 ad
2084 1658 2230 1717 Bru-

158 1749 290 1800 tum
327 1740 597 1801 adeundi
640 1739 859 1815 legatis
902 1748 1268 1815 potestatem
1299 1741 1541 1814 fecerit,
1583 1741 1916 1801 exercitum
1947 1739 2095 1800 citra
2124 1739 2234 1801 ssu-

159 1841 303 1885 men
346 1823 726 1885 Rubiconem
779 1822 1087 1897 eduxerit,
1150 1840 1265 1884 nec
1310 1822 1580 1899 ‘propius
1623 1823 1839 1884 urbem
1883 1822 2046 1884 milia
2097 1839 2239 1899 pas-

162 1924 346 1969 suum
381 1908 644 1968 ducenta
671 1906 1039 1969 admoverit:
1104 1908 1285 1970 fuerit
1315 1916 1375 1969 et
1415 1908 1474 1967 in
1520 1911 1772 1969 senatus
1818 1915 1878 1969 et
1917 1907 1979 1968 in
2022 1908 2237 1983 populi

162 1989 427 2051 Romani
457 1998 778 2066 potestate.
807 1991 977 2052 Haec
1007 1990 1062 2052 si
1093 1991 1321 2065 fecerit,
1354 1991 1466 2051 erit
1493 1991 1730 2066 integra
1755 1990 2031 2066 potestas
2055 1990 2234 2051 nobis

169 2073 568 2134 deliberandi.
654 2073 720 2134 Si
750 2074 989 2136 senatui
1019 2091 1141 2136 non
1186 2075 1498 2150 paruerit,
1524 2092 1647 2135 non
1678 2074 1764 2136 itli
1800 2084 2080 2147 senatuS,
2125 2075 2237 2136 sed

168 2157 273 2218 ille
314 2158 547 2233 populo
591 2159 870 2218 Romano
903 2159 1126 2220 bellum
1159 2157 1465 2220 indixerit.
1551 2157 1654 2221 27.
1697 2158 1822 2218 Sed
1854 2175 1967 2218 vos
1997 2173 2234 2232 moneo,

170 2249 376 2316 patres
419 2239 779 2317 conscripti:
827 2242 1077 2303 libertas
1119 2243 1317 2317 agitur
1357 2243 1568 2318 populi
1608 2240 1897 2317 Romani,
1951 2257 2112 2317 quac
2142 2250 2237 2301 est

172 2323 589 2386 commendata
628 2323 834 2385 vobis:
886 2324 1012 2386 vita
1052 2334 1113 2386 et
1156 2322 1434 2387 fortunae
1476 2324 1687 2400 optimi
1728 2324 2058 2401 cuiusque,
2111 2341 2234 2400 quo

173 2406 556 2483 cupiditatem
588 2407 883 2469 infinitam
913 2425 1050 2469 cum
1080 2409 1325 2470 immani
1349 2408 1702 2470 crudelitate
1730 2407 1850 2468 iam
1881 2408 2115 2484 pridem
2147 2408 2237 2468 in·

173 2490 357 2552 tendit
386 2492 717 2551 Antonius:
771 2492 1097 2553 auctoritas
1142 2500 1379 2567 vestra,
1431 2509 1610 2567 quam
1649 2493 1873 2553 nullam
1917 2490 2236 2564 habebitiS,

179 2573 291 2634 nisi
318 2584 478 2636 nunc
512 2575 855 2636 tenueritis=
897 2583 1151 2638 taetram
1184 2584 1243 2638 et
1273 2576 1623 2652 pestiferam
1654 2576 1899 2635 beluam
1927 2590 2006 2632 ne
2044 2573 2236 2633 inclu-

181 2673 305 2717 sam
333 2665 390 2717 et
417 2658 806 2720 constrictam
836 2658 1146 2720 dimittatis
1176 2670 1411 2721 cavete.
1468 2661 1552 2722 Te
1581 2659 1819 2733 ipsum,
1850 2657 2075 2728 Pansa,
2107 2672 2236 2717 mo·

182 2757 292 2800 neo
319 2775 399 2786 —
446 2759 816 2819 quamquam
847 2759 970 2803 non
1011 2760 1161 2818 eges
1204 2743 1496 2816 consilio,
1535 2759 1656 2817 quo
1688 2740 1863 2800 vales
1895 2738 2238 2814 plurimum,

184 2833 369 2884 tamen
399 2824 577 2886 etiam
610 2824 831 2886 summi
859 2827 1302 2901 gubernatores
1329 2827 1391 2886 in
1433 2825 1670 2901 magnis
1703 2821 2171 2898 tempestatibus
2201 2840 2239 2883 a

185 2907 517 2970 vectoribus
559 2909 873 2971 admoneri
916 2911 1118 2972 solent
1154 2945 1272 2984 —-‚
1319 2911 1483 2972 hunc
1520 2917 1751 2970 tantum
1778 2916 1947 2968 tuum
1977 2920 2238 2982 appara-

188 2999 302 3051 tum
319 2999 557 3068 tamque
581 2994 958 3067 praeclarum
988 3010 1066 3055 ne
1094 2997 1172 3055 ad
1203 2994 1454 3055 nihilum
1478 2991 1756 3054 recidere
1781 2989 2032 3067 patiare.
2065 2993 2238 3051 Tem·

190 3091 299 3151 pus
323 3074 510 3136 habes
544 3077 693 3154 tale,
734 3077 914 3152 quale
943 3093 1122 3138 nemo
1154 3078 1366 3139 habuit
1391 3092 1702 3151 umquam.
1786 3075 1917 3134 Hac
1946 3071 2244 3148 gravitate

190 3166 452 3228 senatus,
509 3160 630 3220 hoc
677 3159 879 3221 studio
924 3161 1230 3236 equestris
1281 3160 1542 3234 ordinis,
1596 3159 1716 3219 hoc
1756 3158 1978 3219 ardore
2026 3155 2237 3232 populi

193 3241 428 3302 Romani
461 3251 641 3319 potes
665 3242 724 3302 in
765 3253 1127 3319 perpetuum
1168 3262 1298 3305 rem
1339 3244 1643 3320 publicam
1673 3250 1838 3302 metu
1876 3248 1936 3300 et
1965 3239 2236 3314 periculo

195 3322 451 3387 liberare.
499 3325 731 3400 Quibus
761 3327 842 3387 ‘de
871 3328 1058 3389 rebus
1088 3330 1313 3402 rerem,
1341 3329 1403 3387 P.
1442 3324 1701 3386 Servilio
1734 3322 2065 3382 adsentior.

1050 3471 1142 3487 “-
