2514 3928
266 219 387 283 372
559 220 635 280 IN
661 221 743 280 M.
773 219 1179 280 ANTONIUM
1207 214 1498 280 ORATIO
1516 205 1956 279 'PHILIPPICA
1990 217 2068 276 V.
2269 225 2339 276 74

261 390 457 464 Quum
481 393 684 446 autem
709 393 841 445 erat
863 392 1114 448 ventum
1139 386 1218 445 ad
1240 384 1456 446 aedem
1483 383 1884 455 Concordiae,
1908 383 2139 459 gradus
2164 398 2336 444 com·

259 471 605 547 plebantur,
640 466 892 529 lecticae
918 469 1406 548 collocabantur,
1436 483 1560 528 non
1598 483 1721 542 quo
1750 466 1854 527 ille
1883 474 2064 528 scuta
2090 468 2339 527 occulta

261 570 407 614 esse
432 554 635 625 vellet,
660 553 774 614 sed
799 569 877 612 ne
899 550 1247 625 familiareS,
1274 551 1328 613 si
1343 558 1529 629 'scuta
1550 550 1670 626 ipsi
1686 551 1934 622 ferrent,
1959 550 2335 611 laborarent.

260 638 392 697 VH.
433 636 588 697 Illud
621 652 771 697 vero
804 634 1221 697 taeterrimum
1265 652 1397 714 non
1436 635 1623 695 modo
1664 640 1958 710 aspectu,
1994 632 2109 693 sed
2150 631 2336 693 etiam

261 720 499 787 auditu,
563 719 624 780 in
673 721 825 781 cella
879 718 1262 781 Concordiae
1319 717 1616 780 collocari
1671 724 1978 790 armatos,
2038 718 2332 786 latrones.

264 804 553 867 sicarios=
600 806 679 866 de
729 806 955 879 templo
1000 819 1309 864 carcerem
1351 802 1512 863 fieri:
1562 800 1793 877 opertis
1840 800 2037 862 valvis
2067 800 2334 862 Concor-

264 887 432 960 diae,
470 906 658 964 quum
688 888 842 950 inter
870 887 1165 948 subsellia
1194 894 1445 947 senatus
1476 892 1864 946 versarentur
1893 885 2193 958 latroneS,
2224 901 2335 961 pa-

262 979 389 1034 tres
431 970 820 1046 conscriptos
867 971 1201 1039 sententias
1245 968 1470 1029 dicere.
1561 967 1660 1031 19.
1705 969 1839 1030 Huc
1869 967 2046 1029 etiam
2079 968 2198 1029 nisi
2229 986 2336 1029 ve-

262 1055 455 1117 nirem
474 1053 771 1137 Kalendis
795 1051 1278 1129 Septembribus,
1307 1052 1516 1113 fabros
1551 1070 1621 1114 se
1649 1053 1980 1114 missurum
2001 1060 2063 1115 et
2085 1052 2338 1113 domum

264 1153 460 1205 meam
494 1137 968 1199 disturbaturum
993 1153 1139 1198 esse
1160 1136 1330 1199 dixit.
1372 1136 1596 1212 Magna
1617 1152 1739 1212 reS,
1769 1136 1976 1209 cred0‚
2006 1137 2335 1211 agebatur=

262 1223 342 1281 de
373 1218 824 1295 supplicatione
851 1220 1172 1282 referebat.
1260 1218 1418 1281 Veni
1448 1219 1777 1296 postridie=
1815 1219 1953 1295 ipse
1982 1218 2105 1282 n‘on
2152 1220 2337 1282 venit.

261 1304 535 1365 Locutus
565 1320 703 1365 sum
731 1305 812 1364 de
838 1321 907 1365 re
939 1305 1200 1380 publica,
1235 1301 1438 1365 minus
1467 1305 1752 1380 equidem
1781 1302 1972 1365 libere
1994 1320 2180 1380 quam
2199 1320 2342 1365 mea

264 1389 681 1461 consuetudo,
749 1387 999 1450 liberius
1063 1396 1263 1448 tamen
1334 1404 1518 1467 quam
1567 1386 1823 1465 periculi
1871 1385 2072 1449 minae
2120 1395 2338 1464 postu·

264 1471 488 1533 labant.
563 1473 646 1533 At
679 1471 780 1532 ille
824 1473 1008 1533 homo
1037 1472 1373 1533 vehemens
1402 1479 1464 1532 et
1491 1470 1825 1543 violentuS,
1866 1472 1970 1548 qui
1999 1471 2158 1532 hanc
2189 1487 2341 1533 con-

265 1554 653 1617 suetudinem
695 1554 883 1617 libere
925 1555 1170 1616 dicendi
1221 1556 1579 1617 excluderet
1613 1588 1701 1601 —-
1739 1557 1969 1617 fecerat
2015 1554 2175 1615 enim
2217 1555 2336 1616 hoe

263 1639 426 1698 idem
457 1640 720 1699 maxima
746 1656 884 1699 cum
916 1639 1094 1701 laude
1124 1640 1188 1699 L.
1212 1637 1355 1700 Piso
1384 1655 1515 1698 xxx
1545 1638 1763 1701 diebus
1789 1647 1929 1700 ante
1963 1674 2059 1712 —,
2082 1638 2316 1700 inimici

264 1720 383 1782 tias
412 1721 557 1781 mihi
588 1722 994 1785 denuntiavit:
1041 1724 1268 1783 adesse
1297 1721 1357 1782 in
1387 1730 1664 1784 senatum
1688 1721 1870 1784 iussit
1889 1739 1943 1782 a.
1969 1723 2028 1783 d.
2053 1739 2191 1782 x111.
2216 1723 2340 1782 Ka·

270 1805 487 1865 lendas
525 1804 840 1866 Octobres.
913 1807 1057 1881 lpse
1098 1804 1332 1867 interea
1360 1824 1493 1866 xvu
1524 1806 1658 1870 dies
1694 1808 1772 1867 de
1801 1823 1898 1867 me
1931 1806 1992 1867 in
2021 1804 2337 1867 Tiburtino

268 1885 577 1962 Scipionis
609 1887 1043 1963 declamitavit,
1089 1889 1246 1951 sitim
1280 1906 1602 1966 quaerens.
1670 1892 1839 1951 Haec
1869 1890 2028 1950 enim
2058 1889 2115 1950 ei
2150 1906 2338 1950 causa

268 1986 409 2032 esse
448 1971 828 2033 declamandi
870 1975 1044 2035 solet.
1134 1973 1234 2035 20.
1275 1974 1469 2048 Quum
1513 1976 1566 2047 is
1610 1975 1773 2048 dieS,
1819 1992 1940 2049 quo
1982 1991 2081 2035 me
2110 1974 2341 2034 adesse

264 2052 546 2128 iusserat,
583 2054 886 2130 venisset,
916 2065 1039 2119 tum
1074 2074 1220 2118 vero
1246 2056 1488 2134 agmine
1521 2059 1817 2135 quadrato
1849 2058 1908 2118 in
1941 2058 2157 2119 aedem
2180 2057 2333 2117 Con⁴

265 2136 514 2198 cordiae
537 2135 707 2198 venit
727 2145 913 2213 atque
937 2139 1000 2199 in·
1021 2155 1119 2199 me
1140 2139 1463 2199 absentem
1477 2139 1818 2201 orationem
1832 2157 1912 2203 ex
1924 2159 2035 2203 ore
2056 2140 2340 2216 impuris-

265 2219 420 2288 simo
452 2221 741 2283 evomuit.
788 2220 919 2295 Quo
949 2221 1081 2295 die,
1111 2223 1161 2283 si
1193 2240 1306 2299 per
1338 2222 1570 2285 amicos
1600 2223 1746 2285 mihi
1776 2223 2043 2300 cupienti
2073 2223 2133 2284 in
2159 2239 2345 2284 sena·

263 2310 389 2363 tum
419 2302 632 2364 venire
664 2304 966 2377 licuisset,
1001 2304 1210 2368 caedis
1240 2306 1468 2368 initium
1500 2309 1752 2371 fecisset
1780 2325 1818 2368 a
1846 2324 1964 2373 me.
2035 2306 2139 2368 Sic
2170 2306 2341 2369 enim

267 2392 582 2447 statuerat.
673 2387 866 2462 Quum
908 2396 1109 2450 autem
1158 2394 1348 2452 semel
1391 2390 1662 2467 gladium
1715 2393 1951 2453 scelere
1997 2389 2343 2465 imbuisset,

263 2470 427 2529 nulla
472 2485 573 2530 res
615 2470 671 2531 ei
711 2471 894 2531 finem
935 2474 1232 2534 caedendi
1275 2474 1393 2536 nisi
1427 2474 1779 2550 defatigatio
1811 2484 1873 2536 et
1903 2474 2152 2537 satietas
2182 2483 2340 2538 attu-

265 2551 457 2614 lisset.
510 2553 746 2616 Etenim
781 2556 994 2621 aderat
1019 2557 1085 2618 L.
1121 2558 1335 2633 frater,
1365 2559 1665 2634 gladiator
1690 2557 2030 2633 AsiaticuS,
2063 2559 2348 2636 quimyr·

263 2638 428 2697 millo
453 2638 712 2716 Mylasis
740 2641 1145 2716 depugnarat=
1178 2641 1536 2718 sanguinem
1561 2652 1836 2705 nostrum
1860 2642 2118 2717 sitiebat,
2156 2660 2375 2705 suum.

263 2718 326 2779 in
370 2720 474 2781 illa
514 2723 875 2799 gladiatoria
914 2741 1125 2800 pugna
1165 2727 1439 2797 multum,
1455 2727 1833 2802 profuderat.
1895 2726 2009 2788 Hic
2037 2726 2348 2802 pecunias

268 2811 508 2866 vestras
550 2808 938 2871 aestimabam
980 2809 1424 2884 possessiones
1467 2811 1718 2874 notabat
1757 2818 1818 2873 et
1850 2811 2116 2877 urbanas
2148 2818 2210 2872 et
2236 2829 2350 2872 ru·

264 2884 485 2948 sticas=
530 2889 710 2951 huius
758 2890 1117 2954 mendicitas
1159 2892 1449 2955 aviditate
1477 2895 1890 2968 coniunctain
1922 2897 2197 2957 fortunas
2225 2913 2350 2958 no·

263 2976 423 3029 stras
466 2970 843 3035 imminebat=
898 2973 1211 3037 dividebat
1253 2994 1438 3053 agros
1485 2977 1709 3055 quibus
1742 2988 1823 3060 „et
1852 2980 2012 3056 quos
2060 2980 2349 3043 volebat=

261 3051 467 3113 nullus
499 3054 698 3148 aditus
728 3067 857 3118 erat
890 3058 1157 3134 privato,
1187 3063 1353 3123 nulla
1381 3061 1705 3138 aequitatis
1737 3062 2109 3138 deprecatio.
2181 3065 2352 3125 Tan-

262 3142 389 3213 tum
432 3152 695 3229 quisque
725 3138 989 3203 habebat
1018 3159 1382 3221 possessor,
1425 3155 1715 3222 quantum
1743 3147 2076 3227 reliquerat
2100 3147 2355 3210 divisor

263 3217 585 3276 Antonius.
656 3218 775 3281 21.
828 3221 995 3296 Quae
1038 3243 1438 3304 quamquam,
1499 3229 1554 3292 si
1593 3232 1763 3306 leges
1804 3229 2004 3297 irritas
2045 3229 2351 3306 feceritiS,

263 3303 395 3357 rata
424 3312 566 3359 esse
595 3316 716 3362 non
752 3317 1035 3383 possunt,
1070 3316 1270 3372 tamen
1302 3311 1631 3388 separatim
1656 3331 1770 3376 suo
1794 3313 2040 3384 ‚nomIne
2062 3315 2348 3375 notanda

264 3392 518 3454 censeo,
550 3381 1067 3463 iudicandumque
1100 3395 1302 3457 nullos
1332 3398 1739 3472 septemviros
1771 3395 1992 3472 fuisse,
2031 3396 2178 3458 nihil
2203 3400 2355 3473 pla·

264 3475 403 3521 cere
438 3471 631 3525 ratum
663 3484 805 3530 esse
838 3472 1006 3546 quod
1040 3473 1220 3536 abiis
1257 3487 1460 3542 actum
1491 3479 1813 3544 diceretur.
