2514 3928
128 299 196 351 85
754 290 919 353 CAP.
952 296 1183 351 18—19.
1216 299 1269 361 S.
1297 296 1529 356 49—53.
2075 285 2198 348 383

260 457 361 517 53.
411 458 503 517 De
557 456 834 518 exercitu
882 464 1086 516 autem
1141 456 1205 516 C.
1249 454 1527 517 Caesaris
1581 456 1665 516 ita
1713 470 1943 517 censeo
1992 454 2202 514 decer-

133 541 437 601 nundum:
484 539 728 601 senatui
757 542 1035 618 placere,
1075 536 1368 600 militibus
1398 539 1742 608 veteranis,
1782 539 1886 616 qui
1921 537 2201 599 Caesaris

133 622 443 701 pontificis
474 628 615 702 [pro
635 635 934 699 praetore,
967 640 1084 684 auc
1112 625 1387 685 critatem
1416 625 1602 684 secuti
1628 625 1960 685 libertatem
1989 623 2206 699 populi

132 708 414 779 Romani]
458 708 1013 781 auctoritatemque
1058 705 1097 766 h
1146 705 1240 766 'us
1295 704 1528 768 ordinis
1580 705 1965 767 defenderint
2015 713 2202 781 atque

135 790 494 860 defendant,
544 791 617 852 iis
668 790 1003 865 liberisque
1055 804 1269 851 eorum
1308 788 1552 851 militiae
1603 788 1990 850 vacationem
2042 805 2200 859 esse,
2242 829 2248 836 -

133 874 344 949 utique
375 873 437 935 C.
463 873 662 935 Pansa
687 875 764 934 A.
787 872 1016 936 Hirtius
1047 877 1367 949 consules,
1408 876 1563 936 alter
1589 875 1877 948 ambove,
1922 875 1986 936 S.
2015 877 2083 936 E.
2106 880 2202 951 V.‚

134 960 619 1034 cognoscerent·
635 957 741 1035 qui
769 973 917 1034 ager
938 958 1013 1019 iis
1036 958 1297 1021 coloniis
1320 966 1505 1033 esset,
1540 974 1663 1034 quo
1690 958 1910 1020 milites
1936 962 2204 1022 veterani

134 1040 381 1103 deducti
426 1049 665 1114 essent,
713 1040 817 1118 qui
848 1050 1061 1103 contra
1093 1044 1293 1118 legem
1320 1041 1533 1103 Iuliam
1564 1041 2016 1118 possideretur,
2056 1051 2123 1105 ut
2150 1044 2204 1106 is

134 1123 420 1187 militibus
456 1124 765 1186 veteranis
800 1124 1200 1187 divideretur=
1245 1126 1327 1185 de
1356 1142 1504 1201 agro
1536 1126 1844 1202 Campano
1875 1127 2204 1203 separatim

132 1216 582 1284 cognoscerent
622 1207 965 1283 inirentque
1004 1208 1302 1270 rationem
1336 1209 1414 1268 de
1443 1209 1782 1272 commodis
1813 1209 2064 1272 militum
2094 1228 2202 1272 ve·

130 1303 480 1354 teranorum
519 1290 851 1367 augendis,
896 1290 1245 1368 legionique
1286 1291 1541 1354 Martiae
1585 1301 1646 1354 et
1683 1291 1909 1368 legioni
1950 1304 2203 1371 quartae

131 1384 194 1438 et
221 1374 298 1437 iis
323 1373 637 1448 militibus,
683 1373 787 1450 qui
817 1375 896 1434 de
926 1373 1169 1451 legione
1196 1376 1474 1437 secunda
1491 1421 1505 1449 ,
1547 1375 1855 1437 tricesima
1886 1377 2096 1452 quinta
2123 1381 2203 1440 ad

131 1459 195 1520 C.
239 1458 497 1519 Pansam
536 1461 612 1520 A.
655 1456 911 1520 Hirtium
954 1459 1245 1521 consules
1305 1457 1623 1520 venissent
1669 1475 1907 1535 suaque
1959 1460 2204 1522 nomina

131 1541 507 1620 edidissent,
552 1542 720 1619 quod
768 1541 844 1603 iis
891 1541 1221 1604 auctoritas
1272 1549 1524 1604 senatus
1567 1544 1906 1619 populique
1947 1545 2204 1608 Romani

130 1626 385 1688 libertas
426 1621 746 1688 carissima
787 1624 868 1688 sit
907 1634 969 1687 et
1013 1624 1221 1701 fuerit,
1262 1624 1645 1687 vacationem
1675 1624 1922 1687 militiae
1948 1625 2104 1703 ipsis
2133 1628 2204 1690 li-

131 1708 426 1786 berisque
469 1725 680 1771 eorum
711 1726 856 1771 esse
890 1711 1138 1786 placere
1167 1718 1341 1772 extra
1368 1709 1685 1771 tumultum
1724 1708 2017 1771 Gallicum
2045 1710 2204 1772 Itali-

132 1808 428 1871 cumque=
462 1809 697 1871 easque
729 1791 1004 1869 legiones
1035 1794 1195 1855 bello
1221 1795 1503 1855 confecto
1525 1791 1750 1854 missas
1772 1792 1907 1854 fieri
1928 1794 2197 1871 placere,

131 1886 546 1956 quantamque
590 1876 911 1953 pecuniam
941 1875 1227 1939 militibus
1256 1894 1467 1939 earum
1496 1876 1803 1954 legionum
1831 1876 1892 1938 in
1923 1876 2204 1956 singulos

132 1962 196 2025 C
225 1961 476 2035 Caesar,
511 1959 817 2060 pontifex,
849 1979 962 2040 pro
994 1970 1315 2039 praetore,
1342 1959 1648 2039 pollicitus
1678 1959 1785 2034 sit,
1816 1970 2038 2025 tantam
2069 1961 2204 2025 dari

132 2048 409 2124 placere·
443 2045 655 2122 utique
690 2046 754 2105 C.
786 2045 987 2107 Pansa
1018 2047 1093 2106 A.
1131 2044 1359 2107 Hirtius
1389 2046 1712 2119 consules,
1741 2047 1894 2108 alter
1920 2047 2203 2123 ambove,

130 2129 199 2191 S
230 2127 300 2188 Ε.
330 2130 438 2202 V.‚
466 2127 763 2191 rationem
783 2127 927 2205 agri
956 2118 1248 2202 habeant,
1286 2127 1554 2204 quisine
1583 2127 1801 2190 iniuria
1827 2128 2202 2205 privatorum

128 2210 326 2273 dividi
377 2210 611 2289 possitz
665 2210 868 2288 iisque
921 2210 1239 2286 militibuS,
1291 2211 1513 2289 legioni
1567 2210 1821 2273 Martiae
1872 2220 1935 2274 et
1978 2211 2205 2288 legioni

128 2305 394 2374 quartae
444 2296 528 2358 ita
583 2297 825 2367 darent,
877 2294 1300 2372 adsignarent,
1352 2304 1418 2357 ut
1469 2295 1691 2372 quibus
1746 2294 2034 2357 militibus
2075 2313 2201 2357 am·

121 2378 412 2458 piissime
441 2379 565 2441 dati
598 2379 902 2458 adsignati
931 2388 1160 2442 essent.
1236 2379 1374 2443 Dixi
1402 2380 1484 2440 ad
1509 2396 1587 2441 ea
1615 2378 1848 2455 omnia,
1882 2381 2201 2455 eonsules,

122 2465 211 2526 de
260 2465 484 2541 quibus
528 2464 875 2528 rettulistis·
946 2480 1106 2541 quae
1148 2462 1204 2525 si
1239 2470 1416 2526 erunt
1457 2461 1593 2525 sine
1631 2479 1805 2525 mora
1844 2470 2204 2538 matureque

122 2550 413 2624 decreta,
463 2547 701 2610 facilius
745 2545 1121 2627 apparabitis
1161 2563 1265 2620 ea,
1313 2563 1473 2625 quae
1499 2554 1742 2625 tempus
1770 2555 1833 2609 et
1857 2544 2202 2608 necessitas

119 2632 386 2707 flagitat.
474 2629 793 2695 celeritate
845 2641 1045 2694 autem
1105 2648 1267 2708 opus
1307 2640 1432 2694 est·
1503 2647 1626 2709 qua
1670 2628 1725 2692 si
1765 2645 2045 2690 essemus
2085 2626 2200 2701 usi,

121 2715 389 2791 bellum,
422 2723 488 2776 ut
517 2731 705 2792 saepe
732 2714 892 2791 dixi,
923 2717 1152 2778 nullum
1180 2715 1565 2777 haberemus.

973 3013 980 3021 ι
1001 3004 1344 3023 -.οδ---κομι
1365 3007 1383 3017 n
