2514 3928
213 128 298 192 42
806 123 957 186 PRO
1001 125 1064 184 P.
1111 123 1375 184 SESTIO
1421 114 1728 185 ORATIO.

219 295 434 341 omnes
465 277 817 343 honestates
862 275 1153 350 civitatiS,
1201 292 1418 337 omnes
1460 283 1723 348 aetateS,
1771 291 1988 335 omnes
2032 273 2281 337 ordines

220 379 355 422 una·
376 360 780 431 consentiunt,
811 377 887 421 an
919 361 978 420 in
1011 377 1133 435 qua
1163 360 1356 421 suriae
1379 358 1720 420 concitatae
1742 365 2050 435 tamquam
2082 359 2158 418 ad
2196 360 2288 419 l'u-

218 462 336 506 nus
366 443 455 504 rei
485 444 769 519 publicae
799 445 1169 505 convolant?
1232 442 1375 506 110.
1407 447 1534 516 An,
1584 441 1781 505 sicubi
1818 443 2013 503 aderit
2042 442 2286 516 GelliuS‚

217 530 404 593 homo
434 537 496 591 et
528 530 709 591 fratre
741 527 1060 603 indignus,
1108 526 1241 588 viro
1275 526 1615 589 clarissimo
1654 535 1841 601 atque
1879 528 2110 602 optimo
2142 542 2284 587 con-

220 613 387 686 sule,
420 621 479 673 et
506 611 721 675 ordine
745 611 1045 687 equestri,
1079 610 1253 671 cuius
1287 611 1386 671 ille
1416 610 1647 670 ordinis
1678 627 1896 670 nomen
1920 608 2282 684 retinet,‘or·

219 704 503 761 namenta
544 697 835 769 confecit,
878 696 937 755 id
979 695 1091 756 erit
1131 698 1475 771 populare?
1504 729 1581 740 -
1627 694 1737 754 Est
1763 693 1924 754 enim
1953 693 2138 755 homo
2172 693 2286 755 iste

216 781 450 857 populo
495 781 770 843 Romano
816 778 1078 840 deditus.
1122 815 1193 825 -
1240 779 1397 838 Nihil
1458 777 1581 838 vidi
1624 777 1850 852 magis:
1917 777 2052 852 qui,
2103 793 2285 851 quum

215 865 352 925 eius
390 864 805 925 adolescentia
847 861 905 923 in
948 862 1345 938 amplissimis
1391 861 1730 923 honoribus
1771 860 1989 922 summi
2023 861 2169 934 viri,
2219 861 2282 918 L.

215 947 477 1021 Philippi
508 946 734 1021 vitrici,
765 946 988 1006 ssorere
1017 944 1352 1022 potuisset,
1393 962 1593 1021 usque
1622 962 1697 1005 eo
1734 963 1853 1007 non
1889 945 1997 1005 l'uit
2028 945 2283 1020 popula-

214 1032 332 1104 riS‚
364 1040 428 1092 ut
457 1030 618 1097 bona
648 1032 820 1091 solus
852 1040 1179 1091 comesset.
1245 1029 1481 1091 Deinde
1509 1046 1589 1089 ex
1619 1029 1859 1105 impuro
1889 1029 2284 1089 adolescente

212 1124 276 1176 et
315 1114 652 1189 petulante,
698 1122 916 1189 postea
952 1130 1132 1187 quam
1179 1130 1307 1173 rem
1356 1122 1667 1190 paternam
1710 1114 1787 1174 ab
1831 1113 2152 1179 idiotarum
2196 1112 2282 1172 di·

216 1197 378 1258 vitiis
431 1198 510 1258 ad
556 1196 1062 1273 philosophorum
1115 1200 1381 1261 reculam
1435 1197 1749 1273 perduxit,
1802 1196 2163 1257 Graeculum
2215 1211 2285 1256 se

212 1291 403 1355 atque
459 1281 727 1343 otiosum
757 1281 958 1357 putari
987 1281 1211 1356 voluit,
1243 1281 1447 1343 studio
1483 1281 1814 1350 litterarum
1846 1297 1917 1341 se
1946 1280 2147 1342 subito
2180 1280 2288 1339 de-

210 1365 383 1429 didit.
428 1365 585 1433 Nihil
615 1364 904 1426 iuvabant
930 1374 1339 1441 anagnostaez
1372 1364 1557 1426 libelli
1583 1382 1691 1441 pro
1718 1364 1860 1426 vino
1886 1364 2063 1425 etiam
2094 1378 2285 1439 saepe

210 1449 792 1524 oppignerabantur.
880 1449 1167 1511 Manebat
1226 1449 1622 1510 insaturabile
1666 1450 2001 1520 abdomen,
2064 1447 2284 1523 copiae

209 1533 599 1594 deficiebant.
668 1534 881 1607 Itaque
910 1549 1155 1607 semper
1196 1534 1555 1595 versabatur
1593 1532 1652 1593 in
1702 1549 2049 1609 spererum
2094 1548 2283 1593 nova-

212 1634 376 1676 rum=
419 1617 545 1679 otio
590 1624 651 1677 et
690 1616 1118 1691 tranquillitate
1149 1616 1239 1677 rei
1284 1617 1562 1693 publicae
1590 1617 2098 1678 consenescebat.
2163 1615 2282 1675 Lll.

213 1700 462 1773 Ecquae
495 1699 716 1760 seditio
744 1716 1030 1774 umquam
1069 1699 1177 1760 fuit
1211 1699 1271 1760 in
1306 1718 1427 1776 qua
1457 1717 1576 1761 non
1608 1700 1710 1761 ille
1742 1700 2073 1776 princeps?
2100 1697 2280 1773 ecqui

211 1781 547 1843 seditiosus
583 1781 682 1842 cui
724 1781 825 1842 ille
857 1800 977 1843 non
1015 1783 1372 1846 familiaris?
1428 1800 1662 1860 ecquae
1696 1784 2041 1845 turbulenta
2073 1781 2278 1845 contio

211 1864 386 1925 cuius
430 1864 528 1924 ille
578 1881 701 1926 non
751 1867 1130 1929 concitator?
1195 1868 1295 1928 cui
1344 1868 1502 1929 bene
1546 1867 1698 1929 dixit
1740 1878 2043 1943 umquam
2076 1867 2285 1927 bono?

214 1949 370 2008 bene
399 1948 594 2012 dixit?
648 1948 883 2025 immo,
910 1969 1092 2027 quem
1129 1953 1346 2015 fortem
1377 1959 1438 2014 et
1463 1951 1694 2014 bonum
1729 1952 1926 2013 civem
1955 1969 2077 2014 non
2112 1959 2279 2027 petu-

209 2032 547 2096 lantissime
578 2042 674 2096 est
701 2033 1081 2100 insectatus?
1124 2032 1262 2111 qui,
1291 2046 1356 2098 ut
1380 2038 1599 2110 credo,
1631 2047 1752 2098 non
1783 2035 2050 2098 libidinis
2073 2052 2280 2105 causa,

211 2118 325 2177 sed
358 2126 425 2177 ut
454 2116 758 2192 plebicola
788 2118 1123 2193 videretur,
1151 2120 1493 2183 libertinam
1523 2121 1699 2181 duxit
1727 2138 2003 2198 uxorem.
2050 2117 2190 2181 111.
2223 2118 2282 2178 Is

211 2200 289 2260 de
322 2216 419 2260 me
450 2199 807 2276 suffragium
843 2203 1003 2277 tulit,
1046 2203 1098 2263 is
1129 2203 1355 2277 adfuit,
1401 2204 1454 2265 is
1499 2203 1767 2266 interfuit
1805 2206 2008 2282 epulis
2047 2213 2107 2265 et
2143 2219 2280 2277 gra·

214 2282 606 2346 tulationibus
634 2286 1100 2359 parricidarum:
1132 2287 1194 2349 in
1226 2305 1353 2363 quo
1392 2297 1589 2349 tamen
1622 2297 1718 2350 est
1746 2306 1842 2349 me
1872 2290 2050 2361 ultuS‚
2089 2303 2278 2362 quum

210 2365 311 2426 illo
349 2382 457 2430 ore
486 2366 766 2431 inimicos
797 2378 893 2431 est
925 2387 1099 2432 meos
1174 2373 1479 2433 saviatus=
1539 2372 1672 2448 qui,
1727 2371 1903 2448 quasi
1932 2388 2067 2432 mea
2102 2370 2282 2445 culpa

210 2450 372 2514 bona
407 2450 770 2528 perdiderit,
801 2454 884 2513 ita
918 2455 997 2515 ob
1027 2471 1161 2516 eam
1192 2454 1391 2531 ipsam
1414 2472 1662 2518 causam
1688 2466 1785 2517 est
1808 2455 1952 2516 mibi
1980 2454 2278 2526 inimicuS,

211 2534 357 2608 quia
386 2534 531 2595 nihil
563 2535 763 2598 habet.
836 2538 1049 2599 Utrum
1078 2554 1193 2613 ego
1230 2538 1335 2600 tibi
1378 2538 1802 2615 patrimonium
1846 2538 2069 2615 eripui,
2105 2537 2280 2609 Gelli,

208 2635 285 2680 an
322 2627 387 2680 tu
422 2620 786 2682 comedisti?
837 2620 1034 2695 Quid?
1076 2630 1139 2683 tu
1173 2639 1310 2684 meo
1340 2623 1648 2699 periculo,
1679 2639 1904 2699 gurges
1938 2638 2009 2683 ac
2048 2636 2280 2695 vorago

207 2701 586 2777 patrimonii,
623 2705 996 2778 helluabare,
1025 2715 1117 2779 ut,
1148 2707 1201 2766 si
1236 2723 1353 2781 ego
1389 2708 1607 2768 consul
1636 2725 1761 2768 rem
1793 2706 2099 2783 publicam
2130 2720 2277 2765 con-

207 2792 300 2845 tra
334 2794 388 2845 te
426 2794 486 2846 et
509 2790 789 2862 gregales
821 2798 959 2851 tuos
990 2791 1405 2852 defendissem
1424 2836 1440 2865 ,
1481 2790 1540 2850 in
1579 2790 1821 2852 civitate
1850 2805 1995 2852 esse
2024 2804 2120 2849 me
2147 2789 2279 2849 nol·

208 2869 341 2927 les?
373 2869 457 2930 Te
487 2887 666 2934 nemo
691 2879 931 2936 tuorum
957 2872 1164 2934 videre
1194 2873 1351 2936 vult=
1384 2891 1596 2936 omnes
1619 2874 1881 2948 aditum,
1914 2887 2279 2946 sermonem,

207 2967 610 3026 congressum
639 2962 809 3016 tuum
842 2955 1107 3031 tugiunte
1159 2964 1214 3017 te
1245 2959 1480 3018 sororis
1513 2958 1672 3019 filius
1703 2957 2082 3030 Postumius,
2130 2956 2279 3017 ado-

207 3035 450 3098 lescens
492 3035 734 3111 gravis,
778 3039 954 3101 senili
995 3038 1253 3113 iudicio,
1299 3042 1560 3112 notavit,
1607 3058 1791 3116 quum
1821 3040 1881 3101 in
1912 3056 2135 3117 magno
2167 3056 2280 3100 nu-

207 3134 375 3180 mero
406 3128 667 3181 tutorem
703 3120 913 3184 liberis
955 3140 1078 3184 non
1124 3122 1400 3185 instituit.
1472 3124 1596 3185 Sed
1658 3125 1818 3186 latus
1869 3123 2014 3186 odio
2046 3132 2105 3184 et
2136 3139 2276 3183 meo

205 3209 267 3262 et
294 3201 382 3263 rei
411 3201 695 3278 publicae
726 3208 1003 3278 nomine,
1034 3224 1298 3282 quorum
1330 3207 1429 3269 ille
1461 3207 1581 3269 utri
1612 3209 1691 3269 sit
1718 3207 2020 3268 inimicior
2042 3204 2272 3278 nescio,

207 3285 381 3360 plura
411 3285 538 3347 dixi
563 3304 744 3363 quam
769 3289 1093 3352 dicendum
1129 3292 1268 3366 fuit,
1301 3290 1361 3353 in
1389 3290 1859 3353 furiosissimum
1882 3300 2067 3367 atquc
2089 3306 2271 3366 egen·

203 3367 504 3431 tissimum
543 3388 905 3449 ganeonem.
971 3373 1112 3436 112.
1167 3376 1315 3436 Illuc
1345 3381 1651 3437 revertor:
1705 3384 1921 3437 contra
1960 3391 2058 3435 me
2086 3390 2281 3453 quum

2433 608 2477 635 θ’*
