2514 3928
146 368 211 421 23
732 352 893 412 CAP.
929 362 1093 412 1t·-
1109 360 1191 413 13.
1237 356 1290 417 S.
1321 361 1387 413 25
1410 386 1473 394 —
1495 360 1583 413 31.
2075 352 2200 418 321

147 504 411 571 clamavit
444 513 629 579 atque
659 502 724 576 ei
741 512 1160 577 recuperatam
1193 500 1526 563 libertatem
1562 511 1658 562 est
1684 504 2040 576 gratulatus.
2085 504 2204 565 Cur

148 590 279 653 mihi
308 588 734 666 potissimum?
773 586 916 661 quia
958 585 1270 646 sciebam?
1334 585 1495 645 Vide
1536 600 1613 645 ne
1653 585 1754 645 illa
1795 602 1984 647 causa
2028 587 2206 649 fuerit

147 671 477 750 appellandi
492 672 626 744 mei,
658 670 842 744 quod,
859 687 1042 745 quum
1057 686 1183 729 rem
1201 669 1504 743 gessisset
1517 668 1893 729 consimilem
1907 670 2092 731 rebus
2106 670 2204 747 iis,

151 774 292 833 quas
320 755 457 830 ipse
484 770 814 830 gesseram,
847 770 943 812 me
968 751 1353 828 potissimum
1386 759 1641 813 testatus
1674 760 1769 811 est
1798 768 1866 812 se
1899 756 2201 814 aemulum

146 857 401 901 mearum
437 836 698 898 laudium
723 835 1053 897 exstitisse.
1141 835 1244 897 29.
1277 836 1366 897 Tu
1399 845 1632 908 autem,
1669 835 1936 895 omnium
1971 837 2199 898 stultis-

145 926 313 995 sime,
347 939 467 983 non
502 920 814 995 intelligis,
850 918 932 992 si,
979 918 1042 979 id
1079 921 1245 996 quod
1284 936 1380 981 me
1423 919 1659 995 arguis,
1711 919 1985 980 voluisse
2020 920 2200 981 inter·

145 1007 236 1067 tici
265 1008 579 1067 Caesarem
607 1005 829 1064 crimen
864 1003 970 1076 sit,
1002 1002 1179 1065 etiam
1212 1004 1495 1065 laetatum
1528 1020 1671 1064 esse
1701 1011 1893 1064 morte
1921 1003 2198 1065 Caesaris

142 1090 356 1151 crimen
386 1096 573 1150 esse?
612 1086 768 1161 Quid
791 1086 950 1147 enim
978 1085 1232 1147 interest
1263 1087 1419 1148 inter
1447 1104 1771 1149 suasorem
1807 1086 1948 1147 sacti
1979 1094 2041 1148 et
2063 1104 2200 1163 pro·

142 1176 445 1234 batorem?
486 1168 589 1232 au‘t
629 1171 774 1245 quid
816 1172 1000 1229 refert
1038 1178 1234 1230 utrum
1283 1170 1578 1231 voluerim
1613 1170 1745 1231 fieri
1785 1188 1864 1231 an
1896 1174 2197 1247 gaudeam

142 1259 396 1317 sactum?
479 1252 711 1327 Ecquis,
760 1259 857 1311 est
907 1250 1089 1326 igitur
1140 1254 1419 1328 exceptis
1485 1254 1578 1324 iis,
1611 1256 1713 1330 qui
1748 1255 1913 1315 illum
1943 1272 2200 1330 regnare

140 1339 494 1413 gaudebant,
530 1338 631 1411 qui
664 1336 811 1395 illud
839 1342 942 1393 aut
972 1335 1103 1393 fieri
1131 1334 1391 1395 noluerit
1417 1344 1522 1396 aut
1551 1338 1772 1397 facturn
1808 1339 2201 1411 improbarit?

141 1422 359 1482 Omnes
388 1436 534 1493 ergo
567 1419 625 1478 in
656 1420 854 1493 culpa.
912 1416 1145 1477 Etenim
1176 1433 1393 1478 omnes
1423 1418 1598 1492 boni,
1632 1430 1922 1494 quantum
1951 1420 2010 1480 in
2043 1420 2199 1496 ipsis

139 1505 271 1577 suit,
317 1505 639 1564 Caesarem
686 1500 1055 1562 occiderunt.
1143 1499 1299 1560 Aliis
1355 1500 1706 1574 consilium,
1761 1502 1897 1562 aliis
1941 1502 2199 1578 animuS,

134 1589 268 1648 aliis
290 1586 537 1649 occasio
573 1584 791 1644 defuit:
823 1584 1103 1644 voluntas
1132 1583 1374 1645 nemini.
1462 1582 1565 1645 30.
1597 1583 1721 1645 Sed
1749 1592 2061 1659 stuporem
2092 1586 2200 1648 ho-

135 1670 308 1731 minis
344 1670 439 1730 vel
474 1668 671 1730 dicam
705 1668 961 1743 pecudis
992 1666 1299 1728 attendite.
1368 1666 1472 1728 Sic
1504 1666 1662 1727 enim
1694 1667 1871 1728 dixit=
1916 1669 2003 1728 M.
2026 1662 2201 1729 Bru-

130 1766 245 1829 tus,
282 1771 449 1829 quem
474 1769 582 1828 eyo
619 1754 856 1813 honoris
892 1768 1081 1811 causa
1122 1754 1382 1825 nomino,
1421 1757 1726 1822 cruentum
1761 1755 2079 1827 pugionem
2108 1759 2200 1813 te-

130 1856 274 1899 nens
300 1838 633 1897 Ciceronem
654 1838 1044 1897 exclamavit.-
1065 1852 1147 1896 ex
1169 1851 1285 1910 quo
1302 1837 1555 1909 intelliyi
1577 1836 1745 1895 debet
1753 1852 1884 1895 eum
1906 1838 2200 1896 conscium

129 1922 331 1995 sume.
396 1920 557 1997 Ergo
590 1935 705 1996 ego
734 1919 1069 1981 sceleratus
1100 1919 1381 1995 appellor
1413 1935 1451 1978 a
1481 1926 1569 1990 te,
1615 1935 1798 1994 quem
1831 1927 1894 1980 tu
1921 1918 2198 1995 suspica-

131 2017 256 2066 tum
282 2004 509 2080 aliquid
542 2002 909 2079 suspicarts=
941 2002 1071 2075 ille,
1104 2002 1209 2078 qui
1240 2002 1564 2063 stillantem
1591 2018 1739 2078 prae
1769 2019 1839 2062 se
1872 2002 2200 2078 pugionem

131 2088 289 2158 tulit,
333 2088 386 2147 is
426 2104 462 2147 a
510 2096 569 2148 te
606 2086 868 2163 honoris
910 2101 1098 2146 causa
1132 2085 1516 2146 nominatur?
1578 2086 1761 2147 Esto=
1793 2085 1872 2147 sit
1903 2086 1962 2145 in
1995 2084 2200 2146 verbis

130 2169 249 2233 tuis
282 2169 382 2229 hic
416 2179 660 2244 stupor=
692 2176 916 2244 quanto
950 2167 1011 2228 in
1043 2169 1228 2229 rebus
1263 2167 1705 2244 sententiisque
1741 2167 1961 2230 maior!
2045 2169 2200 2230 Con·

126 2253 313 2315 stitue
349 2252 495 2324 hoc,
521 2255 769 2325 consul,
801 2251 1165 2327 aliquandO,
1200 2253 1555 2324 Brutorum,
1591 2252 1651 2312 C.
1687 2251 1910 2324 Cassii,
1946 2254 2049 2312 Cn.
2081 2254 2200 2312 Do-

126 2335 296 2408 mitii,
325 2334 698 2408 C.Trebonii,
724 2334 1093 2412 reliquorum
1119 2352 1300 2412 quam
1326 2335 1476 2397 velis
1500 2351 1642 2395 esse
1666 2351 1946 2395 causamt
1967 2336 2198 2396 edormi

126 2419 472 2495 crapulam,
519 2419 795 2494 inquam,
837 2429 898 2480 et
940 2419 1176 2480 exhala.
1206 2436 1220 2459 ’ν
1249 2421 1348 2479 An
1389 2421 1567 2480 faces
1598 2418 2023 2479 admovendae
2059 2428 2202 2501 sunt

126 2518 289 2578 quae
304 2506 413 2576 [te]
438 2503 708 2564 excitent
725 2512 925 2564 tantae
954 2519 1180 2565 causae
1209 2503 1718 2564 indormientem?
1782 2502 2202 2576 Numquamne

124 2583 831 2660 intelligis-statuendum
861 2585 969 2648 tibi
997 2602 1139 2647 esse
1173 2594 1372 2647 utrum
1401 2584 1517 2659 illi,
1561 2584 1666 2660 qui
1695 2585 1871 2646 istam
1904 2603 2031 2647 rem
2061 2601 2201 2660 ges-

127 2677 374 2738 serunt,
435 2669 788 2730 homicidae
839 2668 963 2729 sint
1012 2685 1089 2730 an
1142 2668 1424 2730 vindices
1477 2668 1816 2730 libertatis?
1899 2670 2054 2729 XIII.
2100 2665 2202 2728 31.

119 2751 393 2813 Attende
454 2753 612 2812 enim
676 2751 1011 2828 paullisper
1078 2750 1629 2828 cogitationemque
1680 2750 1874 2812 sobrii
1937 2749 2200 2812 hominis

121 2844 423 2910 punctum
472 2835 764 2911 temporis
807 2835 1077 2910 suscipe.
1146 2835 1308 2910 Ego,
1355 2834 1459 2911 qui
1490 2852 1626 2896 sum
1656 2834 1927 2907 illorum,
1971 2842 2035 2895 ut
2067 2830 2202 2909 ipse

119 2920 356 2992 fateor,
403 2917 743 2992 familiaris,
796 2927 863 2979 ut
899 2937 938 2979 a
978 2927 1035 2980 te
1076 2935 1332 3016 arguor,
1377 2917 1616 2991 sociuS,
1657 2934 1817 2994 nego
1869 2918 2202 2994 quidquam

114 3018 270 3063 esse
304 3001 601 3062 mediumz
641 3003 948 3063 confiteor
969 3019 1109 3075 eos,
1157 3001 1276 3062 nisi
1305 3001 1665 3063 liberatores
1698 3002 1910 3098 populi
1943 3001 2201 3063 Romani

113 3093 725 3161 conservatoresque
753 3083 842 3145 rei
872 3085 1155 3161 publicae
1185 3085 1334 3158 sint,
1371 3085 1509 3160 plus
1542 3102 1724 3160 quam
1756 3086 2033 3157 sicarioS,
2062 3086 2202 3162 plus

113 3184 309 3243 quam
339 3167 711 3241 homicidas,
757 3170 899 3245 plus
942 3169 1121 3231 etiam
1163 3184 1346 3244 quam
1386 3168 1726 3244 parricidas
1767 3186 1939 3231 esset
1980 3168 2037 3230 si
2071 3168 2206 3245 qui-

112 3253 264 3311 dem
302 3258 401 3313 est
426 3251 697 3313 atrocius
730 3253 960 3328 patriae
989 3261 1303 3329 parentem
1334 3268 1515 3328 quam
1545 3269 1723 3313 suum
1749 3253 2053 3315 occidere.
2094 3253 2203 3327 Tu,

108 3335 307 3394 homo
341 3333 593 3411 sapiens
626 3344 686 3397 et
710 3334 1128 3409 considerate,
1166 3335 1314 3412 quid
1346 3334 1543 3396 dicis?
1603 3335 1668 3396 Si
1699 3336 2058 3412 parricidaS,
2093 3351 2208 3396 cur

107 3416 379 3478 honoris
420 3435 610 3479 causa
651 3435 688 3478 a
732 3428 793 3480 te
832 3427 974 3480 sunt
1010 3429 1071 3480 et
1118 3419 1177 3478 in
1208 3419 1330 3479 hoc
1363 3418 1578 3480 ordine
1615 3427 1674 3480 et
1706 3421 1875 3495 apud
1907 3416 2200 3494 populum

110 3501 494 3561 Romanum
522 3517 770 3577 semper
826 3501 1158 3578 appellati?
1246 3502 1366 3563 Cur
1404 3502 1485 3562 Μ.
1527 3503 1752 3563 Brutus
1805 3504 2103 3561 referente
2145 3505 2208 3557 te

104 3581 374 3725 legibusl
381 3590 511 3724 1es}3
504 3587 761 3659 solutus
785 3586 837 3646 si
863 3587 939 3646 ab
965 3586 1114 3646 urbe
1139 3585 1278 3660 plus
1304 3601 1486 3659 quam
1509 3584 1881 3724 decem2dlies
1906 3577 2217 3639 afuisset&

199 3682 301 3724 cxc
