2514 3928
144 105 430 131 ,ηε-επιννῖ
511 110 518 115 .
545 106 552 107 ff

301 373 368 428 69
933 363 1096 423 CAP.
1129 372 1362 426 7-10.
1403 368 1456 429 s.
1491 372 1751 424 22—28.
1860 340 1877 359 ⁶
2251 365 2374 428 293

302 516 552 575 castello
587 511 1048 586 ciicumsederi,
1079 512 1156 572 de
1184 511 1444 573 Domitio
1477 511 1630 574 dixit
1660 530 1904 576 tersum
1939 512 2235 578 Graecum
2270 534 2371 577 ea-

300 598 439 658 dem
470 594 788 671 sententia,
822 612 942 670 qua
967 610 1081 656 nos
1116 595 1413 655 habemus
1445 594 1753 659 Latinum·

598 681 857 741 Pereunt
880 682 1072 754 amici,
1103 680 1242 739 dum
1269 680 1497 740 inimici
1523 697 1648 740 una
1676 682 2049 744 intercidant.

301 763 497 862 Quod·
507 762 637 835 ille,
670 760 723 823 si
753 771 933 823 esset
956 726 1105 823 tibi
1088 760 1564 835 mimicissimuS,
1593 779 1921 839 numquam
1951 766 2165 826 tamen
2181 763 2370 827 dixis·

300 853 423 908 set·
480 846 617 921 ipse
672 843 830 906 enim
897 854 1283 920 mansuetuS,
1329 861 1548 907 versus
1604 843 1900 907 immanis.
2011 846 2122 944 ῼιιί
2168 857 2370 909 autem

298 927 557 991 Domitio
601 937 837 1004 poterat
878 945 1022 991 esse
1070 926 1336 1005 amicuS,
1375 927 1478 1006 qui
1526 927 1632 990 tibi
1665 938 1832 991 esset
1876 927 2196 991 inimicus?
2239 929 2372 992 Tibi

301 1030 483 1088 porro
515 1011 796 1075 inimicus
829 1029 939 1093 cur
966 1022 1163 1086 esset,
1193 1030 1231 1074 a
1267 1030 1389 1088 quo
1429 1030 1611 1089 quum
1641 1014 1739 1074 vel
1776 1012 2033 1075 interfici
2063 1011 2204 1074 belli
2233 1016 2370 1090 lege

298 1095 627 1173 potuisset,
659 1112 864 1172 regem
889 1106 949 1159 et
978 1113 1048 1158 se
1078 1104 1138 1158 et
1168 1094 1358 1158 filium
1389 1115 1566 1158 suum
1599 1096 1962 1159 constitutos
1988 1113 2132 1159 esse
2163 1096 2372 1158 memi-

295 1179 530 1242 nisset?
575 1178 678 1243 26.
728 1179 882 1254 Quid
916 1180 1181 1241 deinde?
1224 1178 1470 1242 furcifer
1500 1199 1622 1258 quo
1654 1179 2091 1257 progreditur?
2119 1180 2221 1242 Ait
2253 1179 2371 1241 hac

295 1263 517 1325 laetitia
548 1263 897 1325 Deiotarum
942 1265 1161 1325 elatum
1206 1264 1349 1325 vino
1392 1279 1461 1324 se
1504 1264 1786 1326 obruisse
1840 1264 1900 1327 in
1954 1265 2369 1340 convivioque

294 1348 521 1409 nudum
553 1344 897 1408 saltavisse.
976 1347 1144 1420 Quae
1175 1363 1326 1408 crux
1355 1346 1495 1406 huic
1526 1344 1776 1422 fugitivo
1809 1341 2010 1424 potest
2035 1346 2185 1411 satis
2221 1362 2368 1427 sup-

296 1429 459 1506 plicii
514 1428 802 1490 adferre?
856 1428 1202 1490 Deiotarum
1254 1431 1572 1490 saltantem
1617 1431 1939 1505 quisquam
1989 1440 2092 1492 aut
2133 1429 2366 1491 ebrium

297 1513 444 1574 vidit
497 1516 828 1589 umquam?
879 1510 1122 1574 Omnes
1149 1513 1212 1574 in
1256 1512 1362 1573 illo
1421 1518 1564 1573 sunt
1613 1510 1821 1587 regiae
1872 1513 2154 1586 virtuteS,
2199 1513 2369 1589 quod

294 1605 373 1672 te,
396 1596 637 1669 Caesar,
674 1594 956 1672 ignorare
986 1613 1108 1677 non
1140 1594 1416 1667 arbitror,
1451 1595 1562 1656 sed
1591 1593 1923 1670 praecipue
1952 1594 2278 1672 singularis
2309 1603 2371 1657 et

296 1678 649 1742 admiranda
686 1678 1031 1756 frugalitas·
1082 1677 1199 1740 etsi
1232 1679 1351 1739 hoc
1381 1678 1570 1740 verbo
1602 1676 1733 1738 scio
1754 1678 1989 1739 laudari
2009 1694 2218 1756 regem
2244 1697 2366 1740 non

296 1765 515 1849 solere.
602 1762 783 1840 Frugi
824 1762 1133 1826 hominem
1173 1763 1291 1823 dici
1393 1779 1512 1823 non
1541 1763 1791 1823 multum
1835 1761 2017 1824 habet
2061 1760 2260 1823 laudis
2306 1761 2367 1821 in

292 1863 468 1924 rege:
521 1849 763 1921 fortem,
788 1845 1044 1920 iustum,
1083 1862 1192 1908 sev
1197 1862 1396 1920 erum,
1440 1861 1717 1922 gravem,
1753 1843 2218 1922 magnanimum,
2251 1847 2365 1904 lar-

290 1948 452 2008 gum,
485 1930 858 2005 beneficum,
888 1929 1225 1994 liberalem.
1270 1929 1413 1995 hae
1429 1937 1586 1992 sunt
1599 1927 1804 2005 regiae
1833 1930 2080 2004 laudeS,
2113 1928 2215 1990 illa
2245 1927 2363 2005 pri-

291 2022 431 2080 vata
467 2022 577 2076 est.
624 2015 703 2077 Ut
731 2017 898 2077 volet
932 2014 1212 2089 quisque,
1248 2011 1537 2089 accipiat:
1568 2029 1683 2089 ego
1716 2022 1912 2075 tamen
1946 2011 2369 2090 frugalitatem,

292 2097 350 2157 id
384 2107 479 2157 est
507 2097 869 2161 modestiam
896 2106 956 2159 et
979 2096 1459 2173 temperantiam,
1482 2096 1761 2158 virtutem
1784 2098 2105 2158 maximam
2138 2094 2364 2158 iudico.

292 2182 459 2241 Haec
501 2179 560 2239 in
605 2182 705 2241 illo
751 2189 845 2241 est
873 2182 950 2240 ab
979 2182 1224 2242 ineunte
1271 2188 1465 2242 aetate
1496 2198 1679 2257 quum
1714 2198 1749 2241 a
1781 2177 2369 2253 cunctaAsia,quum

296 2282 331 2323 a
360 2260 810 2340 magistratibus
841 2261 1182 2341 legatisque
1213 2262 1472 2336 nostris,
1517 2270 1637 2325 tum
1689 2265 1766 2324 ab
1809 2262 2116 2339 equitibus
2143 2262 2360 2324 Roma·

295 2346 424 2416 niS,
467 2344 569 2421 qui
606 2345 664 2406 in
699 2345 852 2407 Asia
889 2345 1184 2425 negotiati
1216 2355 1391 2419 sunt,
1438 2355 1764 2422 perspecta
1810 2355 1869 2408 et
1911 2345 2171 2424 cognita.
2259 2342 2352 2405 27.

291 2428 495 2490 Multis
537 2427 638 2490 ille
687 2428 932 2505 quidem
974 2430 1266 2506 gradibus
1310 2429 1649 2492 officiorum
1694 2447 1839 2507 erga
1880 2447 2008 2492 rem
2057 2427 2359 2507 publicam

293 2521 561 2573 nostram
590 2513 668 2573 ad
697 2513 815 2575 hoc
844 2513 1075 2590 regium
1104 2530 1322 2575 nomen
1355 2512 1662 2576 ascendit=
1693 2514 1803 2575 sed
1840 2522 2036 2575 tamen
2066 2511 2361 2590 quidquid

291 2613 325 2655 a
354 2594 542 2657 bellis*
563 2598 771 2671 populi
804 2596 1059 2658 Romani
1091 2598 1377 2671 vacabat,
1411 2614 1546 2658 cum
1579 2596 1930 2658 hominibus
1961 2596 2187 2659 nostris
2219 2612 2361 2657 con-

290 2678 669 2752 suetudineS,
704 2680 1018 2754 amicitiaS,
1044 2698 1145 2743 res
1170 2679 1566 2756 rationesque
1589 2679 1894 2757 iungebat,
1919 2687 1986 2741 ut
2008 2697 2127 2740 non
2162 2680 2359 2740 solum

291 2765 624 2825 tetrarches
640 2762 879 2837 nobilis,
898 2766 1009 2825 sed
1026 2766 1201 2825 etiam
1218 2761 1482 2839 optimus
1497 2770 1671 2840 pater
1687 2761 1944 2825 familias
1959 2772 2018 2825 et
2030 2760 2361 2837 diligentis·

290 2844 481 2907 simus
509 2845 778 2922 agricola
812 2855 870 2909 et
904 2847 1226 2922 pecuarius
1249 2846 1590 2909 haberetur.
1636 2845 1748 2922 Qui
1772 2846 1952 2923 igitur
1977 2846 2362 2921 adolescenS,

287 2930 557 2991 nondum
584 2938 745 2991 tanta
768 2931 961 3005 gloria
986 2930 1315 3006 praeditus,
1347 2930 1493 2990 nihil
1518 2947 1801 3005 umquam
1832 2928 1947 2992 nisi
1974 2927 2364 2992 severissime

288 3023 347 3073 et
378 3013 743 3088 gravissime
775 3012 1012 3086 fecerit,
1058 3014 1110 3075 is
1138 3031 1212 3075 ca
1241 3012 1688 3075 existimatione
1712 3030 1936 3089 eaque
1963 3022 2159 3076 aetate
2183 3015 2362 3075 salta-

288 3095 416 3157 vit?
467 3098 539 3157 X.
571 3096 671 3161 28.
718 3096 957 3171 Imitari,
988 3097 1220 3171 Castor,
1256 3096 1461 3173 potius
1491 3095 1589 3157 avi
1623 3113 1824 3159 mores
1854 3096 2364 3173 disciplinamque

288 3180 561 3242 debebas
597 3198 778 3256 quam
814 3178 1040 3256 optimo
1081 3190 1141 3243 ct
1172 3178 1511 3242 clarissimo
1547 3178 1675 3242 viro
1704 3180 1935 3257 fugitivi
1961 3198 2066 3242 ore
2095 3183 2253 3241 male
2277 3180 2361 3240 di·

288 3279 450 3324 cere.
498 3263 676 3338 Quod
706 3263 758 3325 si
791 3265 1139 3326 saltatorem
1170 3282 1349 3325 avum
1395 3264 1718 3326 habuisses
1764 3282 1967 3341 neque
1990 3281 2126 3325 eum
2149 3266 2363 3336 virum,

288 3348 452 3408 unde
483 3346 738 3423 pudoris
775 3346 1227 3423 pudicitiaeque
1260 3350 1557 3423 exempla·
1593 3355 1968 3422 peterentur,
2012 3356 2211 3408 tamen
2243 3346 2363 3406 hoe

290 3430 679 3492 maledictum
708 3430 951 3492 minime
979 3430 1039 3492 in
1073 3432 1233 3491 illam
1267 3438 1523 3492 aetatem
1555 3429 1925 3508 conveniret.
2001 3428 2231 3503 Quibus
2263 3426 2364 3487 ille

292 3512 512 3574 studiis
535 3514 611 3576 ab
643 3512 887 3575 ineunte
910 3522 1109 3576 aetate
1140 3530 1209 3575 se
1244 3513 1556 3584 imbuerat,
1597 3529 1713 3574 non
1749 3511 2027 3583 saltandi,
2059 3510 2170 3570 sed
2200 3510 2360 3569 bene

290 3602 356 3657 ut
382 3595 584 3672 armiS,
617 3597 841 3673 optime
868 3607 935 3660 ut
964 3596 1142 3674 equis
1164 3605 1450 3665 uteretur,
1480 3612 1552 3656 ca
1577 3604 1770 3657 tamen
1803 3594 1965 3653 illum
2001 3599 2216 3650 cuncta
2244 3589 2359 3647 iam
