2514 3928
122 268 232 324 ιω
792 258 957 318 οΑΡ.
987 265 1180 318 2-5.
1224 263 1277 323 s.
1307 267 1534 321 5-10.
2080 256 2204 322 417

116 408 388 471 Romani
418 407 709 483 dignitate
737 415 1069 483 apparatos
1101 422 1397 481 praesens
1420 408 1578 482 fecit,
1609 424 1687 468 ne
1710 423 1891 484 quam
1914 404 2072 467 viam
2097 424 2206 482 pa·

116 494 424 555 teraceret
447 489 1053 552 sceleratissimorum
1077 489 1387 549 hominum
1410 489 1725 551 audaciae.
1769 491 1873 557 IV.
1894 489 1954 552 8.
1985 489 2202 563 Quam·

121 592 317 652 quam
349 573 454 649 qui
489 589 775 650 umquam
804 580 909 633 aut
936 572 1062 633 ludi
1093 578 1198 632 aut
1227 571 1361 632 dies
1394 570 1680 633 laetiores
1711 574 1981 645 fuerunt,
2020 590 2202 649 quam

121 675 323 735 quum
352 656 412 717 in
443 656 699 734 singulis
718 655 998 717 versibus
1023 656 1291 730 populus
1313 655 1627 716 Romanus
1652 654 1913 716 maximo
1938 656 2203 719 clamore

118 749 189 803 et
230 742 455 817 plausu
495 739 666 801 Bruti
710 737 1060 799 memoriam
1101 736 1637 813 prosequebatur?
1721 738 1956 811 Corpus
1995 739 2205 802 aberat

120 824 507 896 liberatoriS,
557 822 848 883 libertatis
890 820 1182 882 memoria
1220 820 1462 880 aderat:
1517 818 1578 879 in
1626 838 1749 895 qua
1791 820 1962 880 Bruti
2000 819 2200 897 imago

119 906 301 969 cerni
339 906 677 967 videbatur.
763 908 846 965 At
873 905 1035 965 hunc
1064 902 1142 964 iis
1170 901 1329 978 ipsis
1359 903 1644 963 ludorum
1672 904 1890 964 diebus
1922 902 2203 972 videbam

122 988 182 1051 in
212 991 419 1051 insula
448 986 768 1050 clarissimi
795 987 1225 1059 adolescentiS,
1253 984 1516 1057 Luculli,
1551 985 1880 1062 propinqui
1911 984 2025 1060 sui,
2057 987 2205 1047 nihil

118 1073 245 1134 nisi
277 1073 356 1134 de
398 1088 555 1148 pace
588 1080 649 1133 et
679 1069 1008 1132 concordia
1036 1067 1260 1131 civium
1286 1068 1668 1146 cogitantem.
1754 1070 2048 1130 Eumdem
2082 1069 2204 1132 vidi

120 1165 350 1233 postea
375 1155 621 1229 Veliae,
664 1154 980 1216 cedentem
1012 1151 1212 1227 ltalia,
1262 1169 1339 1213 ne
1383 1169 1505 1227 qua
1524 1160 1807 1215 oreretur
1833 1151 1973 1214 belli
2004 1152 2201 1213 civilis

120 1255 320 1300 causa
350 1247 602 1314 propter
628 1255 718 1299 se.
775 1236 822 1297 Ο
855 1237 1274 1312 spectaculum
1303 1234 1452 1297 illud
1481 1253 1604 1297 non
1626 1237 1810 1298 modo
1833 1234 2202 1312 hominibus,

123 1322 245 1382 sed
274 1320 456 1383 undis
503 1319 658 1397 ipsis
694 1329 754 1381 et
783 1320 1081 1382 littoribus
1108 1322 1484 1383 luctuosum!
1527 1319 1748 1380 cedere
1780 1336 1816 1380 e
1848 1318 2041 1395 patria
2069 1336 2204 1381 ser·
2264 1335 2281 1356 ⁴·

122 1412 408 1465 vatorem
449 1405 610 1477 eiua,
653 1420 897 1465 manere
939 1402 999 1463 in
1049 1403 1247 1479 patria
1293 1401 1663 1479 perditores!
1753 1401 1949 1463 Cassii
1982 1404 2202 1465 classis

126 1485 350 1563 paucis
390 1495 535 1563 post
575 1485 791 1547 diebus
831 1486 1358 1563 consequebatur,
1408 1493 1475 1547 ut
1517 1502 1613 1547 me
1657 1487 1943 1561 puderet,
1996 1495 2201 1562 patres

126 1569 484 1645 conscripti,
513 1570 573 1629 in
604 1586 736 1630 eam
765 1569 977 1630 urbem
1005 1569 1226 1642 redire,
1261 1585 1342 1629 ex
1364 1586 1488 1645 qua
1507 1568 1593 1629 illi
1616 1568 1869 1630 abirent.
1929 1568 2054 1630 Sed
2077 1587 2201 1645 quo

127 1652 391 1714 consilio
434 1653 714 1714 redierim
755 1651 924 1713 initio
965 1651 1255 1727 audistiS,
1296 1660 1441 1728 post
1469 1650 1619 1714 estis
1649 1651 1904 1728 experti.
1989 1652 2049 1714 9.
2081 1654 2201 1713 Ex-

128 1744 473 1812 spectatum
502 1735 683 1813 igitur
711 1745 953 1810 tempus
983 1753 1022 1796 a
1046 1736 1236 1796 Bruto
1271 1744 1384 1796 est.
1441 1736 1591 1796 Nam
1615 1735 1820 1812 quoad
1851 1751 1965 1796 vos
2001 1738 2203 1796 omnia

128 1819 257 1894 pati
287 1819 465 1890 vidit,
515 1836 668 1881 usus
714 1827 810 1880 est
849 1820 985 1894 ipse
1025 1818 1364 1879 incredibili
1403 1820 1720 1894 patientiae
1773 1829 1988 1894 postea
2021 1835 2203 1894 quam

128 1919 248 1964 vos
293 1903 374 1963 ad
418 1903 751 1964 libertatem
783 1901 980 1963 sensit
1004 1909 1276 1975 erectos,
1319 1902 1630 1978 praesidia
1668 1911 1911 1963 vestrae
1945 1901 2204 1964 libertati

132 1986 389 2061 paravit.

257 2069 341 2127 At
392 2068 488 2130 cui
535 2068 697 2144 pesti
745 2075 1132 2144 quantaeque
1168 2069 1413 2130 restitit!
1477 2068 1542 2129 Si
1583 2069 1743 2129 enim
1789 2067 1852 2128 C.
1897 2067 2203 2130 Antonius

138 2152 304 2228 quod
344 2151 547 2212 animo
590 2150 931 2212 intenderat
973 2152 1267 2226 perficere
1306 2150 1608 2228 potuisset
1631 2185 1718 2197 —-
1757 2148 2060 2226 potuisset
2098 2168 2207 2211 au·

134 2243 285 2309 tem,
327 2233 447 2296 nisi
476 2233 609 2296 eius
639 2232 858 2295 sceleri
890 2233 1076 2295 virtus
1103 2235 1183 2295 Μ.
1212 2234 1384 2297 Bruti
1413 2233 1750 2297 obstitisset
1774 2266 1886 2307 -‚
1916 2233 2211 2296 Macedo·-

133 2317 313 2391 niam‚
348 2317 672 2395 Illyricum,
706 2316 1018 2378 Graeciam
1047 2317 1565 2393 perdidissemus=
1610 2325 1780 2379 esset
1808 2319 1905 2379 vel
1927 2325 2201 2394 recepta·

136 2401 335 2464 culum
367 2403 548 2477 pulso
573 2401 838 2463 Antonio
870 2402 964 2461 vel
997 2417 1184 2476 agger
1206 2402 1662 2478 oppugnandae
1688 2402 1893 2462 Italiae
1917 2400 2203 2463 Graeciaa

138 2501 296 2561 quae
337 2484 586 2561 quidem
614 2501 776 2546 nunc
805 2484 886 2545 M.
917 2484 1087 2549 Bruti
1117 2483 1407 2560 imperio,
1440 2484 1815 2556 auctoritate,
1848 2485 2046 2560 copiis
2080 2502 2202 2546 non

134 2567 427 2630 instructa
467 2569 694 2642 solum,
741 2568 857 2628 sed
898 2566 1077 2628 etiam
1125 2576 1366 2642 ornata,
1413 2568 1605 2630 tendit
1643 2568 1956 2628 dexteram
1996 2568 2204 2627 Italiae

139 2668 438 2727 suumque
471 2649 531 2713 ei
560 2649 934 2727 praesidium
963 2651 1302 2725 pollicetur.
1334 2702 1337 2707 .
1376 2652 1550 2727 Quod
1580 2649 1687 2726 qui
1714 2650 1792 2710 ab
1827 2648 1929 2710 illo
1959 2648 2208 2710 abducit

136 2732 481 2807 exercitum,
507 2742 569 2796 et
587 2743 934 2810 respectum
959 2733 1425 2809 pulcherrimum
1451 2743 1512 2796 ct
1536 2732 1908 2809 praesidium
1931 2731 2205 2794 firmissi-

135 2834 297 2879 mum
335 2816 544 2878 adimit
586 2817 676 2877 rei
719 2816 1020 2892 publicae.
1109 2815 1209 2880 10.
1251 2817 1551 2893 Equidem
1604 2815 1787 2892 cupio
1828 2815 1981 2876 haec
2023 2832 2205 2891 quam

139 2899 389 2977 primum
420 2901 751 2961 Antonium
787 2900 1019 2973 audire,
1050 2907 1117 2961 ut
1146 2899 1439 2976 intelligat
1467 2918 1588 2962 non
1618 2901 1690 2961 D.
1723 2901 1993 2973 Brutum,
2024 2916 2203 2976 quem

139 2983 293 3044 vallo
336 2982 808 3057 circumsedeat,
864 2984 977 3044 sed
1018 2999 1089 3044 se
1126 2982 1330 3059 ipsum
1374 2982 1662 3045 obsideri.
1746 2984 1825 3042 V.
1866 2984 2005 3044 Tria
2045 2992 2209 3045 tenet

138 3064 362 3141 oppida
390 3074 518 3127 toto
547 3065 609 3125 in
658 3067 806 3128 orbe
839 3074 1163 3127 terrarumx
1203 3066 1387 3128 habet
1416 3065 1892 3128 inimicissimam
1922 3066 2177 3127 Galliam

139 3164 250 3211 eos
276 3146 483 3220 etiam,
531 3147 753 3224 quibus
794 3149 1172 3222 confidebat,
1217 3148 1658 3224 alienissimoS,
1697 3149 2175 3226 Transpadanos

137 3230 303 3293 Italia
336 3233 534 3293 omnis
575 3233 798 3293 infesta
831 3239 951 3292 est:
999 3241 1248 3293 exterae
1278 3232 1557 3294 nationes
1591 3249 1629 3292 a
1659 3232 1853 3307 prima
1883 3249 1992 3293 ora
2023 3233 2206 3293 Grae-

140 3313 271 3376 ciae
294 3331 494 3390 usque
523 3316 602 3375 ad
629 3316 981 3393 Aegyptum
1006 3314 1371 3391 optimorum
1399 3323 1460 3377 et
1488 3314 1955 3376 fortissimorum
1984 3313 2207 3374 civium

139 3396 404 3472 imperiis
448 3406 510 3459 et
550 3398 878 3474 praesidiis
920 3406 1219 3459 tenentur.
1306 3399 1449 3459 Erat
1479 3397 1535 3459 ei
1566 3413 1715 3472 spes
1743 3412 1866 3457 una
1896 3395 1956 3455 in
1989 3397 2051 3456 C.
2081 3398 2209 3454 An·

137 3477 331 3542 1οηίοε
375 3480 478 3556 qui
508 3482 767 3544 duorum
795 3483 1041 3543 fratrum
1069 3483 1368 3543 aetatibus
1397 3480 1636 3541 medius
1661 3478 2013 3619 inffiriectus
2046 3474 2208 3539 vitiis

223 3579 325 3623 cic.
360 3565 433 3625 11.
460 3573 514 3626 a.
1430 3611 1438 3617 .
