2514 3928
206 95 252 154 8
823 95 966 153 PRO
997 95 1059 154 P.
1091 92 1356 154 SESTIO
1383 93 1687 155 ORATl-o.

214 247 554 316 RomanoS,
607 243 992 305 minitabatur
1032 243 1302 318 senatui,
1345 245 1695 309 venditabat
1737 265 1806 307 se
1848 246 2057 323 operis
2097 257 2296 323 atque

212 329 288 388 ab
321 327 394 386 iis
439 342 509 386 se
550 337 855 404 ereptum,
903 344 981 388 ne
1013 329 1091 387 de
1125 329 1352 390 ambitu
1383 346 1629 389 causam
1662 330 1922 403 diceret,
1964 331 2278 405 praedica·

211 413 340 482 bat,
376 411 452 469 ab
483 410 826 487 iisdemque
859 428 929 471 56
959 411 1138 472 etiam
1166 412 1355 473 invito
1380 422 1596 473 senatu
1624 413 2006 489 provinciam
2030 431 2285 490 sperare

210 493 483 553 dicebat:
514 510 773 570 eamque
796 493 914 555 nisi
937 496 1200 571 adeptus
1224 505 1409 568 esset,
1436 513 1503 556 se
1526 497 1890 558 incolumem
1907 499 2071 562 nullo
2095 500 2288 558 modo

213 579 344 637 sore
374 577 794 640 arbitrabatur.
887 577 986 639 19.
1029 581 1229 652 Alter,
1277 597 1313 640 o
1350 581 1411 639 di
1447 580 1619 640 boni!
1672 599 1857 656 quam
1897 590 2087 642 taeter
2117 583 2284 641 ince-

210 661 423 721 debat!
476 679 657 737 quam
686 664 1094 723 truculentus!
1141 681 1323 738 quam
1353 662 1636 724 terribilis
1668 674 1951 740 aspectu!
1986 700 2068 710 -
2095 683 2286 726 unum

211 744 473 820 aliquem
510 754 570 807 te
600 763 678 806 ex
707 746 976 807 barbatis
1006 746 1155 818 illis,
1201 748 1548 822 exemplum
1579 748 1814 822 imperii
1842 749 2097 820 veteris,
2130 749 2283 808 ima-

210 827 410 902 ginem
453 829 860 905 antiquitatiS,
904 831 1181 890 columen
1217 830 1308 890 rei
1338 830 1618 904 publicae
1651 832 1889 892 diceres
1923 831 2139 892 intueri
2164 853 2286 887 -ι

213 911 469 972 vestitus
504 929 727 987 aspere
768 921 978 973 nostra
1007 913 1123 973 hac
1164 931 1437 989 purpura
1474 915 1712 988 plebeia
1740 933 1812 975 ac
1843 932 2041 990 paene
2072 917 2283 974 fuscas

213 995 431 1070 capillo
458 994 539 1055 ita
560 994 807 1055 horrido
826 1041 840 1065 ,
870 1005 936 1055 ut
959 996 1196 1072 Capua,
1221 996 1282 1055 in
1310 1015 1429 1071 qua
1453 997 1586 1070 ipsa
1613 1006 1731 1058 tum
1757 998 2036 1073 imaginis
2060 1015 2279 1058 ornan-

211 1079 326 1136 dae
358 1094 547 1138 causa
572 1079 1018 1139 duumviratum
1049 1081 1326 1155 gerebat,
1361 1080 1703 1155 Seplasiam
1733 1083 2078 1142 sublaturus
2108 1082 2281 1140 vide-

210 1169 392 1220 retur.
474 1162 624 1222 Nam
657 1162 805 1238 quid
846 1179 962 1238 ego
995 1164 1072 1223 de
1102 1163 1431 1240 supercilio
1462 1164 1689 1238 dicam,
1734 1166 1900 1239 quod
1936 1175 2051 1229 tum
2081 1164 2279 1223 homi-

211 1245 390 1306 nibus
433 1263 556 1306 non
601 1245 1019 1322 supercilium,
1068 1249 1181 1309 sed
1218 1249 1444 1324 pignus
1484 1247 1573 1307 rei
1604 1249 1883 1323 publicae
1916 1248 2282 1308 videbatur?

208 1327 402 1388 Tanta
425 1336 555 1389 erat
568 1327 837 1403 gravitas
856 1329 916 1391 in
939 1333 1140 1401 oculo,
1167 1338 1335 1392 tanta
1350 1328 1685 1390 contractio
1711 1328 1944 1399 frontis,
1965 1335 2034 1387 ut
2049 1328 2150 1387 illo
2169 1343 2274 1388 su-

211 1411 461 1485 perc'llio
477 1429 675 1474 annus
690 1431 894 1474 novus
910 1414 1011 1474 ille
1031 1415 1137 1475 niti
1152 1423 1459 1488 tamquam
1479 1414 1636 1471 vade
1650 1411 1975 1471 videretur.
2012 1410 2111 1469 20.
2128 1412 2278 1472 Erat

210 1495 308 1556 hic
339 1496 605 1557 omnium
637 1513 869 1557 sermox
912 1496 1022 1556 Est
1050 1504 1243 1555 tamen
1275 1493 1365 1555 rei
1393 1495 1675 1569 publicae
1698 1511 1982 1570 magnum
2012 1494 2275 1553 firmum-

212 1597 332 1653 que
365 1579 736 1640 subsidium:
788 1579 986 1639 habeo
1020 1595 1201 1653 quem
1231 1595 1539 1654 opponam
1571 1579 1692 1639 labi
1719 1577 1803 1638 illi
1831 1587 2015 1652 atque
2049 1593 2278 1637 caenoz

211 1664 409 1739 vultu,
464 1662 704 1722 medius
750 1661 966 1733 fidius,
1025 1662 1299 1737 collegae
1349 1663 1445 1722 sui
1490 1662 1801 1723 libidinem
1847 1661 2280 1735 levitatemque

210 1745 476 1818 franget=
504 1745 754 1805 habebit
782 1754 1030 1806 senatus
1062 1743 1121 1804 in
1151 1745 1314 1805 hunc
1338 1763 1558 1806 annum
1593 1763 1772 1821 quem
1802 1753 2123 1820 sequatur:
2154 1759 2278 1803 non

211 1829 408 1888 deerit
435 1837 647 1888 auctor
674 1836 734 1888 et
762 1829 886 1889 dux
915 1828 1113 1889 bonis,
1169 1828 1318 1887 Mihi
1346 1829 1613 1905 denique
1642 1827 1919 1889 homines
1947 1827 2277 1903 praecipue

211 1910 695 1987 gratulabantur,
731 1912 898 1989 quod
931 1912 1245 1974 habiturus
1279 1929 1481 1973 essem
1514 1922 1721 1974 eontra
1752 1913 2055 1973 tribunum
2077 1909 2278 1988 plebis

211 1993 510 2056 furiosum
555 2005 617 2057 et
655 1998 948 2062 audacem
994 2015 1178 2071 quum
1205 1998 1476 2058 amicum
1518 2006 1578 2057 et
1616 1998 1881 2057 adfinem
1924 2005 2052 2058 tum
2097 1994 2278 2055 etiam

212 2081 428 2141 fortem
460 2088 518 2140 et
551 2096 800 2154 gravem
832 2082 1166 2141 consulem.

379 2163 478 2223 1Χ.
523 2166 727 2238 Atque
757 2181 967 2225 eorum
997 2166 1146 2225 alter
1175 2163 1384 2225 fefellit
1412 2162 1733 2225 neminem.
1793 2163 1940 2237 Quis
1964 2161 2125 2222 enim
2154 2164 2274 2221 cla-

212 2247 356 2306 vum'
387 2244 534 2316 tanti
562 2246 803 2324 imperii
830 2257 1038 2308 tenere
1063 2256 1122 2308 et
1153 2248 1563 2323 gubernacula
1591 2245 1679 2307 rei
1713 2247 1990 2321 publicae
2020 2252 2278 2306 tractare

211 2329 269 2392 in
315 2329 577 2391 maximo
623 2346 806 2393 cursu
854 2347 927 2392 ac
973 2330 1260 2393 fluctibus
1308 2349 1499 2406 posse
1543 2330 1932 2391 arbitraretur
1972 2329 2273 2390 hominem

212 2430 514 2475 emersum
558 2415 759 2476 subito
804 2431 880 2475 ex
925 2414 1222 2475 diuturnis
1260 2416 1525 2475 tenebris
1559 2416 1888 2475 lustrorum
1926 2429 2001 2473 ac
2035 2420 2274 2487 stupro-

211 2516 343 2558 rum
359 2546 375 2573 ,
400 2498 540 2559 vino
558 2544 572 2571 ,
599 2498 812 2575 ganeis
829 2545 844 2572 ‚
867 2497 1184 2560 lenociniis
1209 2497 1646 2573 adulteriisque
1669 2500 2057 2558 consectum?
2092 2512 2274 2571 quum

210 2582 264 2645 is
305 2591 548 2658 praeter
598 2599 770 2659 spem
821 2582 881 2642 in
931 2581 1225 2644 altissimo
1279 2583 1473 2658 gradu
1513 2579 1727 2642 alienis
1765 2581 1986 2655 opibus
2037 2578 2275 2653 positus

211 2675 405 2741 esset,
452 2665 555 2742 qui
595 2684 716 2728 non
759 2667 943 2727 modo
984 2675 1405 2743 tempestatem
1443 2665 1892 2739 impendentem
1932 2660 2152 2724 intueri
2192 2670 2275 2722 te-

211 2752 544 2822 mulentuS,
591 2753 702 2812 sed
748 2768 823 2810 ne
864 2752 1061 2822 lucem
1095 2750 1341 2825 quidem
1375 2747 1680 2809 insolitam
1710 2748 1992 2823 aspicere
2022 2752 2281 2821 posset?

209 2833 311 2894 21.
355 2834 526 2895 Alter
566 2836 788 2895 multos
834 2836 1012 2912 piane
1041 2835 1101 2894 in
1149 2849 1363 2893 omnes
1395 2841 1599 2907 partes
1631 2824 1859 2893 fefellit.
1948 2831 2093 2888 Erat
2119 2828 2275 2889 enim

209 2916 519 2977 hominum
580 2917 853 2991 opinioni
910 2918 1221 2979 nobilitate
1278 2917 1374 2991 ips
1428 2962 1443 2989 ,
1506 2916 1731 2976 blanda
1788 2911 2276 2984 conciliatricula,

212 3001 690 3061 commendatus.
787 2999 1009 3061 Omnes
1054 3001 1198 3061 boni
1244 3017 1376 3061 scm,
1422 3017 1488 3060 er
1528 2996 1821 3059 nobilitati
1863 2999 2172 3068 favemuS,
2222 3002 2280 3055 et

212 3084 356 3159 quia
384 3084 529 3148 utile
559 3091 654 3145 est
681 3083 769 3144 rei
800 3084 1080 3159 publicae
1110 3085 1348 3145 nobiles
1376 3081 1654 3143 homines
1680 3098 1823 3143 esse
1847 3080 2068 3156 dignos
2090 3077 2276 3139 maio-

207 3167 379 3228 ribus
412 3168 540 3229 suis
572 3175 631 3227 et
660 3167 801 3243 quia
832 3170 992 3229 valet
1020 3169 1186 3243 apud
1216 3184 1332 3229 nos
1364 3168 1663 3227 clarorum
1694 3166 2004 3225 hominum
2033 3171 2094 3224 et
2122 3163 2277 3222 bene

211 3252 290 3311 de
332 3268 398 3312 re
444 3250 687 3327 publica
727 3251 1076 3313 meritorum
1109 3250 1398 3312 memoria
1436 3251 1613 3311 etiam
1645 3258 2038 3310 mortuorum.
2128 3244 2279 3319 Quia

210 3334 442 3397 tristem
486 3353 760 3413 semper,
815 3334 1392 3413 quiataciturnum,
1444 3334 1586 3410 quia
1627 3331 2056 3394 subhorridum
2093 3338 2280 3405 atque
