2514 3928
313 228 437 295 362
585 230 664 290 IN
690 229 772 289 M.
796 227 1200 289 ANTONIUM
1232 227 1517 290 ORATIO
1550 226 1974 289 PHILIPPICA
2000 227 2085 287 1v
2089 270 2105 285 .
2326 236 2402 290 64

315 401 392 445 nc
434 399 558 458 qua
604 388 822 458 posset
849 397 1023 453 esse,
1063 388 1315 441 senatus
1344 377 1643 440 hodierno
1674 378 1776 440 die
1806 379 2068 442 sustulit.
2140 378 2207 440 C.
2240 379 2400 441 Cae·

311 483 443 539 sar,
500 465 605 541 qui
646 480 775 524 rem
820 463 1124 540 publicam
1179 464 1642 540 libertatemque
1692 471 1961 525 vestram
2002 479 2116 524 suo
2160 463 2401 534 studio,

312 548 604 620 consilio,
647 548 1009 623 patrimonio
1036 547 1304 623 denique
1337 553 1565 608 tutatus
1590 554 1688 612 est
1716 555 1777 608 et
1816 554 2065 618 tutatur,
2101 545 2400 616 maximis

312 640 564 695 senatus
602 632 886 692 laudibus
928 640 1178 696 ornatus
1225 638 1346 693 est.
1432 629 1491 693 3.
1536 629 1783 703 Laudo,
1824 629 2008 691 laudo
2050 645 2200 702 voS,
2250 628 2399 704 Qui-

309 716 476 788 riteS,
508 732 696 792 quum
717 713 1082 790 gratissimis
1103 712 1322 775 animis
1349 712 1792 789 prosequimini
1814 728 2037 774 nomen
2062 711 2395 778 clarissimi

313 798 725 861 adolescentis
763 798 859 859 vel
902 796 1079 874 pueri
1113 798 1338 873 potius.
1412 797 1567 859 Sunt
1593 796 1754 857 enim
1781 797 1942 858 facta
1973 797 2106 858 eius
2143 795 2396 858 immor·

312 883 584 954 talitatis,
628 898 848 946 nomen
883 882 1117 943 aetatis.
1141 953 1144 956 ,
1189 880 1381 941 Multa
1408 879 1685 953 memini,
1712 882 1901 941 multa
1929 879 2167 953 audivi,
2196 883 2396 942 multa

313 968 451 1042 legi,
490 967 782 1042 Quirites·
817 969 961 1030 nihil
986 986 1065 1030 ex
1089 969 1357 1031 omnium
1387 972 1774 1031 saeculorum
1798 970 2091 1032 memoria
2122 972 2251 1029 tale
2284 984 2389 1028 co·

309 1052 528 1123 gnovi:
557 1050 662 1126 qui
685 1068 872 1127 quum
891 1054 1189 1114 servitute
1204 1070 1640 1129 premeremur,
1666 1054 1723 1114 in
1741 1055 1874 1116 dies
1891 1057 2115 1115 malum
2140 1067 2388 1113 cresce·

308 1141 419 1202 ret,
445 1133 741 1209 praesidii
763 1134 1312 1209 nihilhaberemuS,
1338 1138 1660 1214 capitalem
1675 1139 2109 1216 etpestiferum
2131 1138 2386 1196 aBrun-

308 1214 465 1277 disio
490 1223 617 1277 tum
640 1217 723 1277 M.
739 1219 992 1279 Antonii
1015 1220 1278 1282 reditum
1300 1221 1672 1295 timeremuS,
1695 1222 1817 1283 hoc
1837 1222 2240 1317 insperatum·
2250 1236 2387 1279 om-

307 1298 488 1360 nibus
513 1300 853 1370 consilium,
889 1302 1268 1381 incognitum
1294 1313 1463 1367 certe
1486 1305 1736 1382 ceperit,
1763 1314 1833 1367 ut
1862 1303 2199 1368 exereitum
2222 1301 2385 1363 invi-

308 1390 471 1444 ctum
494 1399 576 1446 ex
598 1386 869 1461 paternis
895 1387 1180 1449 militibus
1196 1388 1920 1464 conficeretAntoniique
1943 1390 2220 1470 furorem
2246 1403 2386 1447 cru·

307 1467 638 1529 delissimis
665 1469 941 1531 consiliis
965 1471 1277 1535 incitatum
1294 1488 1332 1532 a
1345 1472 1618 1547 pernicie
1639 1472 1728 1532 rei
1751 1472 2032 1548 publicae
2044 1478 2382 1531 averteret.

307 1551 378 1609 11.
408 1556 469 1611 4.
496 1551 644 1628 Quis
675 1560 774 1613 est
795 1554 956 1614 enim
986 1556 1090 1630 qui
1116 1557 1232 1618 boc
1255 1572 1382 1616 non
1403 1554 1719 1630 intelligat,
1750 1555 1866 1617 nisi
1892 1557 2118 1617 Caesar
2141 1553 2382 1614 exerci-

305 1638 430 1693 tum
469 1636 848 1709 paravisset,
895 1654 1018 1698 non
1055 1639 1191 1700 sine
1225 1639 1413 1700 exitio
1448 1644 1663 1699 nostro
1704 1641 1972 1700 futurum
2000 1636 2260 1699 Antonii
2291 1652 2381 1697 re-

305 1716 497 1778 ditum
540 1717 773 1780 luisse?
830 1723 919 1781 lta
969 1723 1131 1784 enim
1175 1740 1246 1783 se
1302 1720 1639 1798 recipiebat
1683 1724 1909 1784 ardens
1969 1721 2114 1783 odio
2160 1720 2377 1792 vestri,

308 1809 602 1863 cruentus
637 1803 938 1877 sanguine
973 1806 1198 1866 civium
1222 1808 1656 1880 Romanorum,
1688 1822 1850 1883 quos
1873 1806 2169 1877 Suessae,
2210 1820 2379 1880 quos

304 1884 611 1964 Brundisii
642 1886 971 1957 occiderat,
1006 1897 1075 1950 ut
1111 1889 1256 1950 nibil
1290 1888 1406 1949 nisi
1442 1890 1522 1949 de
1555 1891 1829 1964 pernicie
1860 1891 2075 1969 populi
2108 1887 2376 1951 Romani
2478 1933 2479 1948 ,

303 1961 615 2048 cogitaret.
691 1971 866 2046 Quod
910 1980 1111 2034 autem
1149 1973 1523 2049 praesidium
1557 1979 1686 2032 erat
1710 1974 1925 2034 salutis
1956 1971 2383 2048 libertatisque

301 2065 575 2125 vestrae,
605 2054 659 2116 si
684 2055 745 2116 C.
773 2056 1054 2118 Caesaris
1090 2057 1554 2119 fortissimorum
1587 2055 1683 2116 sui
1711 2055 1899 2132 patris
1923 2054 2177 2117 militum
2200 2071 2383 2118 exer

302 2141 456 2200 citus
498 2156 619 2200 non
658 2139 918 2200 suisset?
970 2140 1143 2201 cuius
1189 2140 1269 2201 de
1316 2140 1598 2200 laudibus
1644 2149 1704 2200 et
1751 2139 2117 2211 honoribuS,
2166 2140 2279 2214 qui
2324 2137 2381 2200 ei

302 2237 412 2297 pro
447 2221 673 2283 divinis
701 2232 763 2285 et
791 2223 1232 2287 immortalibus
1264 2223 1494 2285 meritis
1522 2221 1712 2283 divini
1742 2222 2245 2297 immortalesque
2276 2223 2380 2284 de·

252 2331 256 2334 >
302 2306 535 2376 bentur‚
567 2305 714 2366 mihi
743 2315 994 2367 senatus
1025 2307 1335 2367 adsensus
1369 2308 1571 2381 paullo
1600 2314 1741 2367 ante
1761 2306 2051 2378 decrevit,
2086 2315 2153 2367 ut
2179 2306 2380 2382 primo

299 2403 551 2463 quoque
590 2396 865 2464 tempore
909 2390 1254 2455 referretur.
1343 2390 1403 2453 5.
1449 2390 1579 2464 Quo
1622 2390 1868 2451 decreto
1907 2389 2044 2465 quis
2076 2406 2203 2451 non
2237 2406 2379 2466 per·

298 2469 482 2546 spicit
523 2471 761 2533 hostem
799 2489 943 2534 esse
983 2475 1317 2535 Antonium
1365 2473 1737 2535 iudicatum?
1779 2473 1970 2548 Quem
2012 2472 2176 2534 enim
2228 2490 2378 2549 pos·

297 2571 511 2616 sumus
539 2557 852 2632 appellare
878 2573 1048 2631 eum,
1080 2566 1293 2618 contra
1320 2574 1502 2634 quem
1532 2557 1638 2632 qui
1667 2552 1973 2619 ex‘ercitus
2002 2557 2271 2630 ducunt,
2304 2556 2378 2620 iis

297 2646 550 2701 senatus
601 2640 922 2702 arbitratur
965 2640 1308 2715 singulares
1349 2638 1775 2716 exquirendos
1807 2640 2119 2703 honores?
2174 2640 2378 2715 Quid-8

296 2725 453 2800 legio
488 2724 733 2796 Martia,
776 2742 937 2800 quae
964 2724 1109 2784 mihi
1147 2726 1385 2786 videtur
1412 2723 1705 2786 divinitus
1734 2723 1811 2785 ab
1841 2741 1917 2786 eo
1954 2725 2073 2785 deo
2105 2724 2378 2785 traxisse

293 2823 547 2878 nomen,
601 2826 638 2867 a
679 2824 804 2884 quo
862 2810 1154 2884 populum
1205 2810 1547 2869 Romanum
1595 2816 1950 2883 generatum
1994 2807 2374 2884 accepimus,

293 2907 417 2950 non
460 2891 601 2966 ipsa
640 2892 772 2952 suis
813 2892 1076 2953 decretis
1111 2891 1278 2967 prius
1310 2908 1492 2968 quam
1521 2898 1772 2953 senatus
1802 2892 2044 2953 hostem
2077 2890 2376 2953 iudicavit

290 2974 669 3035 Antonium?
719 2976 867 3036 Nam
898 2976 953 3038 si
986 2977 1085 3037 ille
1115 2993 1235 3037 non
1267 2975 1499 3048 hostis,
1540 2975 1690 3047 hos,
1732 2973 1839 3050 qui
1873 2974 2190 3037 consulem
2231 2974 2371 3035 neli-

293 3065 581 3129 querunt,
629 3057 844 3119 hostes
883 3075 1143 3121 necesse
1184 3068 1282 3120 est
1320 3058 1679 3123 iudicemus.
1750 3057 2076 3121 Praeclare
2115 3066 2183 3121 et
2209 3059 2370 3130 loco,

291 3137 570 3212 Quirites,
594 3142 1023 3204 reclamatione
1049 3152 1254 3203 vestra
1279 3145 1502 3205 sactum
1519 3141 1991 3219 pulcherrimum
2005 3141 2370 3205 Martialium

292 3222 830 3296 comprobavistis·
862 3225 968 3300 qui
992 3243 1061 3287 se
1085 3228 1165 3286 ad
1188 3234 1439 3288 senatus
1458 3225 1897 3297 auctoritatem
1924 3226 2011 3287 ad
2028 3225 2367 3289 libertatem

292 3312 586 3377 vestram,
630 3306 712 3366 ad
753 3307 1101 3369 universam
1146 3326 1276 3370 rem
1326 3308 1632 3385 publicam
1662 3310 2079 3373 contuleruntz
2124 3309 2367 3373 hostem
2468 3350 2469 3359 κ

289 3386 453 3446 illum
492 3396 552 3449 et
582 3391 872 3450 latronem
902 3401 963 3452 et
995 3392 1359 3466 parricidam
1392 3393 1624 3471 patriae
1652 3393 2046 3469 reliquerunt.
2132 3392 2197 3457 6.
2238 3392 2369 3453 Nec

285 3471 485 3533 solum
520 3470 584 3532 id
603 3471 883 3533 anirnose
907 3482 968 3535 et
990 3474 1236 3548 fortiter,
1269 3476 1386 3538 sed
1407 3475 1796 3538 considerate
1819 3475 2001 3537 etiam
2023 3473 2366 3551 sapienter-
