2514 3928
726 103 1118 155 PROOEMIUM
1153 101 1491 155 EDITIONIS
1530 103 1788 156 SECUND
1796 107 1905 159 ΑΕ.
2262 126 2364 162 xm

259 259 363 306 que
420 261 448 295 e
504 243 618 292 cod.
676 240 981 290 Taurinensi
1032 239 1372 305 palimpsesto
1429 242 1616 307 recepi.
1688 241 1859 306 Vulgo
1911 259 2113 310 semper
2163 246 2215 295 in
2266 245 2374 296 hoe

263 313 492 362 membro
532 309 781 359 omissum
818 316 940 356 erat.
1000 307 1190 356 Eadem
1216 308 1265 369 5.
1293 307 1531 373 improbo
1563 322 1738 358 eorum
1773 310 2018 359 rationem
2058 312 2369 371 criticorum,

263 378 351 439 qui
389 378 540 429 Cuius
577 391 668 440 eqo
704 376 979 439 imperium,
1016 391 1114 425 non
1149 375 1356 438 Alpium
1391 379 1569 426 vallicm
1605 386 1699 439 etc.
1730 377 2046 441 scripserunt
2081 393 2176 444 pro
2215 379 2378 430 Cuius*

260 459 354 508 eqo
400 444 613 509 imperio
659 457 758 493 non
801 441 1009 505 Alpium
1039 443 1218 492 vallum
1255 450 1349 491 etc.
1406 442 1690 492 ediderunt.
1761 442 1833 490 Ea
1869 447 2002 493 enim
2040 447 2200 496 oratio
2237 447 2363 494 satis

260 512 514 560 concinna
557 524 660 559 non
707 517 860 558 esset.
932 508 1060 558 Illud
1106 517 1275 558 autem
1323 509 1462 571 quod
1509 507 1682 559 Cicero
1729 510 1896 559 verbis
1945 511 2029 560 his
2078 512 2227 563 Cuius
2269 528 2366 576 eqo

259 578 495 642 imperio,
530 577 583 627 id
617 584 709 636 est,
742 585 956 641 propter
989 575 1143 625 huius
1177 576 1505 641 imperatoris
1523 591 1604 626 res
1625 588 1818 641 gestas,
1856 578 2186 642 amplificavit
2220 578 2364 628 dein-

261 659 382 709 ceps
417 646 534 710 ipse
567 643 735 692 verbis
771 643 880 693 his:
935 643 1164 706 perfecit
1196 645 1297 699 ille,
1337 650 1394 693 ut
1429 652 1554 703 etc.‚
1604 643 1658 693 id
1693 644 1834 704 quod
1866 654 2062 694 mutata
2095 645 2368 695 verborum

260 710 666 777 interpunctione
700 708 1004 774 significavi.
1050 708 1200 759 Nullo
1238 718 1407 759 autem
1443 710 1596 760 modo
1633 708 1759 760 illud
1796 711 2043 761 orationis
2081 713 2364 761 membrum

257 793 353 844 pro
388 778 729 845 suppositicio
764 777 938 827 haberi
974 785 1159 841 potest.
1214 778 1261 838 5.
1288 779 1370 828 82.
1409 784 1509 828 tam
1541 778 1688 841 inopi
1719 779 1997 842 proposuit
2033 776 2087 830 G.
2113 778 2363 827 Halmius.

256 846 312 896 In
355 846 498 896 libris
547 859 608 895 eo
651 844 762 894 loco
799 854 881 894 est
923 849 1025 894 tam
1069 846 1251 909 opimo,
1327 844 1451 910 Gap.
1475 846 1558 896 34.
1595 845 1642 905 5.
1668 845 1749 895 83.
1787 847 2057 896 devertisti
2089 860 2185 911 pro
2223 861 2368 895 ever-

255 915 366 964 tisti
397 914 462 963 de
495 912 589 962 Th.
611 911 931 961 Mommsenii
967 912 1254 961 coniectura
1290 921 1397 976 est,
1453 920 1551 963 tum
1586 913 1846 962 eduxeras
1880 926 1977 978 pro
2015 918 2070 963 tu
2105 915 2370 965 eduxeras

258 981 324 1029 de
359 980 565 1032 Halmii.
635 979 682 1040 5.
706 980 789 1029 84.
835 977 932 1029 Cot
969 981 990 1027 i
1030 992 1125 1042 pro
1164 978 1310 1030 Cotto
1358 980 1437 1028 bis
1487 979 1694 1043 scripsit
1725 979 1956 1029 Halmius
2004 980 2069 1029 de
2103 978 2374 1030 Garatonii

258 1049 568 1098 coniectura.
641 1043 768 1109 Cap.
795 1046 884 1096 35.
919 995 1075 1105 585.
1108 1061 1276 1109 parva
1310 1060 1446 1094 nunc
1481 1062 1507 1095 e
1541 1045 1684 1095 libris
1719 1047 1907 1111 scripsi
1943 1061 2039 1112 pro
2084 1061 2370 1111 perparva.

257 1114 306 1174 5.
333 1115 416 1166 86.
456 1113 803 1164 Cherronesus
854 1118 905 1161 et
955 1125 1050 1174 pro
1109 1112 1486 1161 Cherronenses
1537 1113 1601 1160 de
1643 1112 1827 1162 Halmii
1874 1115 2165 1163 coniectura
2210 1111 2372 1163 edidi.

260 1178 385 1244 Cap.
427 1181 512 1229 36.
559 1179 606 1238 5.
649 1179 731 1227 87.
784 1190 889 1225 non
945 1187 1053 1224 erat
1102 1177 1242 1236 quod
1300 1181 1462 1226 servis
1520 1179 1617 1227 tuis
1669 1179 1951 1241 publicanis
2010 1181 2063 1229 in
2118 1181 2372 1245 suspitio-

260 1260 381 1295 nem
419 1245 775 1293 adduceretur.
844 1243 950 1289 Iam
986 1243 1068 1290 Fr.
1103 1243 1422 1290 Hotomanus
1467 1254 1602 1290 recte
1640 1244 1965 1293 adsimulavit
2000 1245 2254 1295 Ciceronis
2292 1245 2372 1294 lo-

263 1326 382 1360 cum
419 1325 485 1359 ex
522 1309 868 1358 Accusatione
913 1308 1097 1358 Verris
1131 1308 1218 1356 lib.
1253 1309 1341 1357 III.
1379 1323 1424 1358 c.
1467 1309 1549 1358 38.
1587 1308 1632 1368 5.
1675 1309 1759 1359 87.
1803 1310 1891 1358 ubi
1937 1313 2069 1360 servi
2115 1314 2168 1361 iu
2203 1311 2373 1376 publi·

267 1391 517 1428 canorum
556 1388 767 1424 numero
803 1374 967 1424 fuisse
1003 1375 1252 1423 dicantur.
1319 1374 1472 1424 Adde
1515 1374 1701 1424 Aecus.
1747 1374 1833 1424 lib.
1889 1377 1975 1427 ΙΙΙ.
2026 1392 2070 1430 c.
2094 1379 2176 1428 20.
2214 1379 2260 1438 5.
2286 1380 2371 1428 50.

263 1445 312 1508 ξ.
340 1445 424 1497 88.
465 1444 722 1494 aediliciis
755 1444 967 1493 reiectis
999 1456 1096 1506 pro
1133 1443 1399 1492 aedilicius
1442 1444 1662 1491 reiectus
1705 1441 1768 1491 de
1804 1442 2051 1507 Madvigii
2085 1444 2376 1493 coniectura

260 1512 497 1577 scripsi..
543 1510 591 1570 5.
649 1518 818 1559 autem
871 1510 952 1559 89.
1011 1510 1086 1558 bis
1143 1510 1281 1574 quod
1322 1508 1510 1574 scripsi
1556 1523 1650 1573 pro
1698 1510 1858 1574 quid?
1916 1512 2068 1575 quod.
2140 1509 2262 1574 Cap.
2290 1512 2371 1560 37.

259 1579 309 1640 5.
336 1581 420 1629 90.
460 1585 509 1628 te
546 1579 786 1640 accipere
823 1592 851 1626 e
884 1576 1025 1626 libris
1079 1576 1278 1626 restitui
1322 1590 1417 1640 pro
1465 1578 1783 1640 accipere,
1831 1585 1879 1625 et
1923 1576 2096 1641 paullo
2132 1587 2255 1642 post
2289 1590 2375 1626 ac·

256 1653 460 1711 ceptam
502 1646 603 1694 iam
640 1650 693 1692 et
726 1645 1020 1694 devoratam
1061 1645 1326 1707 pecuniam
1370 1643 1558 1708 scripsi
1604 1657 1699 1707 pro
1743 1651 1958 1707 accepta
1993 1651 2159 1694 tamen
2194 1652 2245 1695 et
2280 1646 2374 1694 de·

259 1719 444 1763 vorata
474 1713 716 1776 pecunia.
787 1711 835 1771 5.
862 1712 945 1760 91.
993 1716 1044 1760 et
1080 1710 1280 1759 Halmio
1325 1720 1531 1760 auctore
1566 1717 1688 1774 post
1718 1710 1950 1774 gentibus
1984 1711 2185 1770 addidi,
2233 1710 2375 1773 quod

260 1780 406 1829 deest
448 1780 502 1828 in
546 1778 709 1827 libris.
781 1775 906 1841 Cap.
934 1779 1016 1829 38.
1064 1777 1113 1837 5.
1139 1779 1223 1827 92.
1271 1793 1303 1826 α
1343 1792 1400 1827 se
1446 1777 1548 1825 iam
1594 1793 1621 1826 e
1665 1777 1804 1827 libris
1849 1779 2018 1842 recepi
2063 1792 2158 1844 pro
2196 1779 2258 1828 ab
2294 1793 2374 1829 se.

264 1844 390 1910 Gap.
416 1848 499 1897 39.
534 1846 582 1906 5.
608 1845 691 1895 95.
726 1844 809 1894 hic
841 1845 964 1894 civis
1001 1859 1029 1892 e
1064 1845 1207 1893 libris
1242 1858 1379 1892 nunc
1414 1844 1601 1908 scripsi
1632 1857 1727 1909 pro
1761 1844 1888 1894 haec
1910 1846 2089 1895 civitas
2122 1855 2175 1895 et
2198 1844 2386 1910 paullo«

262 1922 388 1979 post
423 1914 614 1962 eiectus
649 1917 727 1962 est
762 1926 790 1960 e
824 1913 1001 1975 patria
1033 1925 1128 1976 pro
1167 1912 1355 1961 eiectus
1385 1912 1568 1975 patria
1603 1916 1695 1961 est.
1767 1909 1891 1977 Gap.
1913 1913 2003 1963 40.
2051 1912 2099 1973 5.
2136 1913 2222 1963 96.
2257 1913 2378 1974 fue·

263 1987 388 2030 runt
425 1980 613 2045 scripsi
649 1986 857 2028 auctore
891 1978 1090 2027 Halmio
1126 1992 1220 2044 pro
1264 1979 1417 2041 fuere
1461 1978 1559 2027 levi
1604 1977 1691 2027 illo
1737 1979 1942 2043 quidem
1988 1980 2180 2029 indicio
2214 1980 2376 2028 libro-

263 2061 410 2108 rum,
469 2045 562 2096 sed
614 2054 783 2094 tamen
835 2046 962 2095 satis
1009 2055 1144 2094 certo
1190 2054 1405 2109 propter
1446 2046 1865 2095 consuetudinem
1906 2046 1976 2095 M.
2012 2046 2180 2097 Tullii.
2251 2043 2373 2094 Mox

265 2113 466 2164 tribuni
495 2114 740 2164 militares
775 2113 959 2178 scripsi
993 2112 1056 2161 de
1093 2110 1265 2162 Orellii
1301 2112 1606 2169 coniectura,
1645 2112 1707 2161 cl.
1777 2113 1823 2173 5.
1859 2113 1941 2163 88.
1981 2113 2063 2163 98.
2134 2112 2193 2161 In
2228 2112 2374 2161 libris

265 2180 378 2231 fere
412 2179 627 2229 habetur
658 2178 853 2230 tribuni
881 2180 982 2229 mil.
1018 2193 1109 2243 per
1144 2178 1521 2243 compendium.
1592 2177 1715 2243 Cap.
1735 2180 1818 2228 41.
1856 2181 1904 2240 5.
1931 2179 2014 2231 98.
2052 2195 2080 2229 e
2115 2179 2256 2229 libris
2292 2193 2373 2227 re-

267 2248 385 2312 cepi
421 2247 535 2311 ipse
566 2260 777 2309 quoque
811 2261 944 2294 nunc
980 2248 1067 2310 qui
1098 2261 1155 2295 se
1189 2247 1302 2310 ipse
1336 2247 1507 2296 oderit
1539 2260 1632 2309 pro
1671 2261 1749 2306 e0,
1780 2246 1919 2308 quod
1956 2246 2074 2296 olim
2112 2246 2386 2302 edebatur,

268 2315 362 2380 qui
391 2329 449 2364 se
484 2316 647 2378 ipsum
681 2315 866 2364 oderit.
934 2312 1164 2374 Denique
1207 2314 1256 2373 5.
1281 2314 1364 2363 99.
1412 2323 1637 2362 extrema
1680 2315 1899 2364 viderem
1943 2327 2009 2362 ex
2055 2312 2199 2363 libris
2237 2325 2373 2361 nunc

268 2382 483 2446 reposui
520 2395 613 2445 pro
655 2380 851 2432 videbe.

408 2448 464 2495 In
504 2448 749 2507 oratione,
787 2461 919 2508 quae
955 2455 1033 2496 est
1058 2461 1161 2511 pro
1199 2446 1289 2499 Gn.
1327 2446 1565 2504 Plancio,
1610 2446 1767 2495 mult-a
1810 2446 2055 2496 mutanda
2090 2460 2226 2495 nunc
2261 2446 2375 2507 qui-

269 2514 390 2564 dem
425 2528 529 2563 non
564 2513 797 2576 fuerunt,
845 2522 966 2563 sunt
1008 2522 1174 2563 tamen
1223 2513 1470 2575 quaedam
1511 2514 1619 2563 eius
1655 2513 1819 2573 modi,
1865 2523 1923 2563 ut
1955 2512 2054 2563 hoc
2087 2512 2200 2562 loco
2235 2526 2377 2561 com-

269 2582 606 2631 memoranda
641 2596 755 2631 esse
788 2581 1068 2630 videantur.
1141 2580 1263 2645 Gap.
1288 2582 1337 2630 3.
1375 2580 1421 2640 5.
1449 2582 1495 2630 7.
1532 2581 1584 2630 in
1620 2580 1730 2631 loco
1769 2580 2045 2630 admodum
2080 2577 2295 2636 difficili,
2322 2579 2380 2627 in

270 2661 378 2710 quo
405 2647 531 2698 olim
553 2661 957 2713 proposueram:
1008 2646 1139 2708 Quid
1172 2649 1261 2697 tu?
1295 2662 1472 2697 numne
1507 2649 1773 2712 dianitatis
1805 2648 2018 2698 iudicem
2042 2656 2156 2711 etc.‚
2192 2653 2380 2711 postea

271 2728 397 2765 vero
435 2715 768 2780 scripseram:
830 2713 984 2775 Quid,
1028 2720 1146 2765 tune
1190 2730 1358 2765 acrem
1392 2715 1656 2779 diynitatis
1688 2715 1902 2765 iudicem
1936 2723 2061 2777 etc.‚
2109 2727 2169 2763 ea
2205 2713 2382 2763 omnia

273 2794 381 2832 non
427 2782 554 2832 satis
597 2791 732 2832 certa
776 2796 892 2832 esse
935 2780 1201 2843 existimo,
1257 2796 1350 2830 nec
1393 2781 1557 2846 probo
1606 2781 1746 2844 quod
1789 2795 1952 2845 nuper
2005 2777 2277 2831 Cobetffis
2323 2781 2374 2829 in

273 2848 526 2900 Mnemos.
564 2847 668 2898 vol.
706 2846 796 2899 XI.
830 2863 884 2913 p.
903 2851 1018 2901 313.
1054 2850 1292 2914 probavit
1325 2864 1356 2898 a
1390 2848 1638 2898 Lambino
1678 2849 1799 2899 olim
1833 2847 2053 2898 illatum:
2122 2847 2256 2909 Quid
2287 2848 2384 2896 tu?

275 2930 491 2981 aequam
534 2917 799 2980 dignitatis
840 2917 1054 2967 iudicem
1087 2924 1181 2966 etc.
1250 2917 1305 2965 In
1334 2925 1504 2983 ‘tanta
1545 2916 1830 2980 scripturae
1886 2915 2230 2980 discrepantia
2285 2913 2380 2962 vix

275 2982 563 3045 quidquam
608 2983 722 3033 licet
764 2981 1053 3033 adfirmare.
1122 2983 1204 3032 Ad
1248 2983 1552 3032 sententiam
1597 2983 1826 3044 ineptum
1871 2995 1972 3031 non
2009 2982 2209 3030 videtur
2242 2994 2380 3035 esse,

277 3051 325 3099 si
362 3050 674 3101 scribamus:
736 3048 899 3111 Quid?
941 3056 997 3099 tu
1034 3052 1086 3099 in
1119 3064 1297 3113 campo
1336 3049 1599 3113 dignitatis
1638 3050 1850 3099 iudicem
1880 3053 2036 3114 putas
2070 3061 2182 3097 esse
2213 3061 2375 3109 popu-

272 3118 414 3168 lunz?
483 3116 530 3177 5.
559 3118 610 3172 8.
649 3132 781 3166 nunc
815 3131 910 3182 pro
945 3115 1154 3180 vulgato
1191 3116 1379 3180 Itaque
1415 3130 1707 3181 quamquam
1742 3124 1836 3168 etc.
1873 3114 2058 3177 scripsi
2081 3112 2233 3162 codd.
2252 3111 2378 3173 Teg.

275 3192 329 3231 et
365 3181 471 3233 Erf.
511 3185 837 3235 auctoritate:
896 3183 1086 3248 Itaque
1120 3184 1241 3241 iam,
1289 3184 1519 3247 quoniam
1555 3198 1655 3248 qua
1688 3182 1825 3232 nolui
1854 3182 2010 3230 ianua
2043 3194 2149 3228 sum
2182 3180 2379 3240 inm-es·-

272 3264 366 3300 αα
401 3252 454 3299 in
492 3265 724 3310 causam,
768 3264 984 3315 sperare
1026 3250 1203 3299 videor
1240 3255 1434 3299 tantum
1478 3248 1733 3311 afuturam
1767 3261 1879 3296 esse
1914 3245 2191 3296 orationem
2223 3253 2386 3291 meam
