2514 3928
805 518 892 603 Μ.
927 570 933 575 -
953 521 1229 605 TULLII
1282 519 1708 607 CICERONIS

217 677 331 770 lm
345 674 833 773 PROVINCIIS
851 674 1483 770 comsuttttmtls
1502 677 1590 769 IN
1608 675 1932 771 SENATU
1949 677 2292 774 ottflto.

860 949 1629 1014 ARGUMENTUM.

350 1097 515 1154 Quum
536 1093 627 1147 Cn.
651 1093 885 1145 Cornelio
905 1093 1116 1144 Lentulo
1154 1095 1212 1148 L.
1248 1094 1438 1145 Marcio
1471 1093 1709 1159 Philippo
1742 1108 1875 1143 coss.
1899 1080 2045 1142 'anno
2063 1107 2114 1158 p.
2156 1109 2207 1143 u.
2250 1109 2298 1146 c.

208 1163 312 1217 698
343 1165 636 1230 provinciae
677 1162 1023 1215 decernendae
1060 1179 1090 1212 a
1123 1173 1300 1212 senatu
1334 1171 1507 1213 essent
1545 1164 1704 1221 duae,
1751 1178 1780 1211 e
1828 1162 1943 1228 lege
1976 1161 2298 1228 Sempronia,
2383 1212 2390 1227 ζ

209 1249 309 1295 qua
344 1234 443 1282 hoc
475 1240 582 1283 erat
609 1235 893 1297 sancitum,
931 1240 986 1280 ut
1021 1240 1138 1281 aute
1173 1233 1380 1282 comitia
1412 1232 1697 1282 consularia
1730 1241 1938 1282 senatus
1986 1232 2298 1287 decerneret.
2383 1278 2394 1289 ,

211 1305 261 1351 in
285 1316 414 1364 quas
427 1302 734 1366 provincias,
747 1302 831 1364 qui
847 1301 1233 1365 designarentur
1260 1299 1515 1366 consules,
1540 1308 1657 1365 post
1668 1300 1984 1351 consulatum
1997 1300 2143 1361 irent,
2165 1307 2214 1350 et
2235 1300 2299 1349 de

210 1378 450 1433 quattuor
493 1370 772 1433 provinciis
801 1369 1081 1419 sententiae
1131 1376 1305 1419 essent
1340 1370 1535 1433 dictae,
1584 1369 1648 1418 de
1678 1368 1858 1419 Galliis
1894 1370 2124 1430 duabus,
2170 1384 2301 1431 quae

214 1439 304 1486 illo
342 1446 570 1499 ternpore
608 1453 709 1487 uno
745 1436 801 1489 C.
838 1437 1064 1488 Caesaris
1114 1439 1329 1502 imperio
1377 1447 1524 1487 erant
1570 1439 1899 1500 coniunctae,
1951 1445 2001 1486 et
2048 1437 2113 1485 de
2148 1435 2299 1502 Syria

216 1515 265 1554 et
301 1504 613 1567 Macedonia,
644 1521 856 1570 quarum
889 1506 1030 1556 illam
1064 1506 1126 1560 L.
1164 1506 1469 1572 Calpurnius
1502 1506 1639 1566 Piso,
1673 1506 1804 1555 hanc
1840 1509 1903 1559 A.
1927 1503 2172 1555 Gabinius
2206 1508 2298 1555 ob-

216 1574 406 1623 tinebat
439 1574 651 1638 imperio
688 1573 955 1641 consulari,
974 1575 1044 1630 M.
1064 1574 1262 1625 Tullius
1299 1575 1600 1625 sententiam
1637 1581 1847 1639 rogatus
1882 1574 1979 1623 hac
1997 1575 2129 1654 ἰρει,
2167 1588 2300 1637 quae

216 1642 348 1692 infra
376 1642 594 1708 legitur,
641 1645 868 1694 oratione
896 1645 1097 1695 censuit
1114 1643 1439 1708 consulibus,
1478 1646 1567 1706 qui
1587 1643 2001 1725 designarentur,
2039 1643 2090 1692 in
2109 1656 2295 1691 annun·

215 1711 333 1763 700.
364 1713 649 1777 provincias
670 1712 741 1779 Sy
743 1714 869 1762 riam
907 1721 958 1762 et
974 1712 1322 1764 Macedoniam
1355 1727 1469 1764 esse
1487 1712 1832 1763 decernendas
1868 1713 1958 1774 ita,
1995 1721 2051 1760 ut
2072 1725 2159 1760 eas
2177 1709 2298 1775 pro-

212 1781 348 1831 ximo
373 1782 577 1844 quidem
591 1797 723 1832 anno
755 1797 808 1846 p.
832 1798 887 1836 ιι.
902 1798 951 1836 c.
965 1780 1090 1834 699.
1111 1782 1213 1832 duo
1227 1792 1488 1847 praetores
1502 1783 1804 1847 obtinerent,
1828 1779 1884 1838 C.
1910 1788 2080 1830 autem
2094 1777 2301 1829 Caesari

215 1849 340 1899 duas
375 1849 569 1900 Gallias
601 1851 870 1901 coniuncto
908 1851 1123 1916 imperio
1171 1866 1288 1900 esse
1322 1850 1709 1914 relinquendas
1756 1852 1840 1901 cui
1886 1857 1976 1900 aut
2014 1849 2301 1900 citeriorem

211 1917 426 1969 Galliam
456 1927 544 1970 aut
576 1919 868 1970 ulteriorem
901 1933 1001 1971 non
1036 1918 1163 1970 nulli
1215 1919 1477 1971 detrahere
1517 1922 1801 1972 studebant.
1884 1919 2046 1971 Dictis
2081 1934 2116 1970 a
2150 1933 2301 1969 sena·

211 1990 404 2040 toribus
441 1991 707 2039 sententiis
739 1997 946 2040 senatus
981 1990 1266 2040 consultum
1302 1991 1355 2040 in
1372 1989 1504 2039 hanc
1530 1991 1831 2041 sententiam
1861 1989 2054 2040 factum
2084 1997 2191 2051 est,
2238 1995 2299 2038 ut

213 2056 268 2107 C.
301 2058 507 2120 quidem
540 2056 748 2107 Caesari
780 2059 1051 2138 imperium
1084 2059 1348 2122 utriusque
1380 2058 1573 2109 Galliae
1609 2066 1989 2124 prorogaretur,
2024 2058 2086 2109 L.
2123 2065 2297 2108 autem

212 2127 383 2175 Pisoni
423 2127 483 2186 Q.
512 2125 795 2175 Ancharius
834 2127 887 2175 in
923 2125 1227 2178 Macedonia
1264 2136 1312 2177 et
1347 2130 1409 2181 A.
1447 2126 1661 2179 Gabinio
1702 2128 1754 2177 iu
1790 2125 1934 2231 Syria
1967 2128 2036 2180 Μ.
2073 2127 2300 2176 Licinius

216 2193 432 2243 Crassus
469 2194 814 2243 succederem.

341 2304 388 2362 1.
421 2303 480 2365 l.
516 2302 582 2364 Si
616 2303 755 2380 quis
788 2313 1083 2381 vestrum,
1128 2315 1337 2382 patres
1370 2302 1734 2380 conscripti,
1782 2310 2104 2379 exspectat
2138 2319 2296 2379 quas

214 2388 328 2448 sim
362 2387 716 2462 provincias
746 2389 1138 2460 decreturus,
1185 2388 1539 2451 consideret
1575 2387 1715 2463 ipse
1762 2404 1974 2450 secum
2016 2386 2122 2463 qui
2150 2384 2299 2447 mihi

214 2472 492 2532 homines
528 2488 606 2532 ex
641 2472 975 2548 provinciis
1012 2473 1403 2549 potissimum
1433 2471 1792 2532 detrahendi
1820 2470 1969 2533 sint=
2024 2487 2147 2532 non
2182 2471 2293 2531 du·

213 2554 422 2615 bitabit
454 2554 601 2629 quid
620 2558 849 2619 sentire
879 2573 980 2617 me
1008 2557 1352 2630 conveniat,
1383 2573 1572 2632 quum
1598 2555 1745 2630 quid
1768 2554 1917 2614 mihi
1937 2554 2166 2616 sentire
2192 2571 2296 2614 ne·

215 2654 393 2698 cesse
436 2638 516 2699 sit
555 2640 850 2715 cogitarit.
911 2643 1006 2700 Ac
1050 2642 1104 2699 si
1134 2639 1424 2714 princeps
1455 2655 1590 2700 eam
1614 2637 1978 2698 sententiam
2004 2637 2294 2699 dicerem:

216 2720 545 2782 laudaretis
586 2724 896 2797 protectoz
940 2721 995 2781 si
1042 2723 1249 2793 solus,
1292 2730 1454 2782 certe
1496 2719 1936 2796 ignosceretisz
1991 2720 2174 2780 etiam
2240 2721 2299 2783 si

217 2804 418 2879 paullo
454 2805 655 2865 minus
683 2806 848 2866 utilis
884 2804 1060 2865 vobis
1095 2805 1398 2866 sententia
1441 2804 1780 2875 videretur,
1825 2802 2064 2864 veniam
2095 2813 2296 2866 tamen

214 2887 477 2963 aliquam
506 2889 703 2949 dolori
735 2904 870 2948 meo
898 2888 1260 2950 tribueretis.
1307 2888 1481 2947 Nunc
1511 2901 1677 2959 ver0,
1709 2894 1913 2961 patres
1937 2889 2296 2965 conscripti,

216 2988 336 3031 non
361 2988 554 3047 parva
587 2970 842 3030 adficior
873 2974 1217 3048 voluptate,
1268 2973 1363 3032 vel
1408 2971 1577 3046 quod
1622 2969 1744 3031 hoc
1771 2970 2033 3033 maxime
2064 2972 2155 3033 rei
2185 2991 2295 3049 pu-

214 3055 412 3116 blicae
453 3052 771 3126 conducit,
821 3053 1059 3131 Syriam
1102 3056 1654 3131 Macedoniamque
1705 3055 1984 3128 decerni,
2028 3066 2091 3117 ut
2118 3058 2298 3117 dolor

217 3154 392 3200 meus
421 3137 568 3198 nihil
589 3155 629 3198 a
651 3136 957 3199 communi
976 3138 1244 3207 utilitate,
1267 3138 1627 3214 dissentiat,
1655 3141 1752 3200 vel
1778 3141 1947 3216 quod
1967 3141 2165 3201 habeo
2188 3157 2297 3199 au·

213 3231 446 3285 ctorem
466 3221 529 3280 P.
555 3219 900 3295 Servilium,
931 3220 1039 3296 qui
1066 3231 1206 3283 ante
1236 3239 1335 3283 me
1357 3222 1719 3285 sententiam
1745 3223 1916 3295 dixit,
1947 3225 2140 3285 virum
2173 3223 2294 3281 cla-

214 3306 525 3367 rissimum
547 3313 609 3366 et
632 3321 820 3381 quum
850 3304 909 3363 in
937 3304 1283 3367 universam
1311 3323 1441 3367 rem
1465 3306 1772 3383 publicam
1788 3314 1917 3370 ‘sim
1942 3306 2120 3369 etiam
2148 3322 2294 3378 erga

214 3406 414 3453 meam
443 3392 698 3451 salutem
722 3389 846 3450 fide
873 3405 948 3449 ac
976 3388 1403 3451 benevolentia
1433 3389 1748 3466 singulari.
1805 3390 1866 3451 2.
1897 3387 2164 3462 Quod-si
2191 3386 2312 3444 ille⁴

215 3482 277 3534 ct
319 3474 521 3548 paullo
552 3480 694 3533 ante
728 3481 789 3535 et
833 3473 1385 3549 quotienscumque
1423 3474 1481 3535 ei
1526 3474 1704 3533 locus
1734 3469 1980 3532 dicendi
2006 3485 2081 3528 ac
2123 3475 2291 3539 pote·
2365 3530 2372 3537 ,

216 3565 346 3616 stas
381 3556 504 3629 luit,
537 3554 852 3618 Gabinium
876 3565 937 3618 et
963 3556 1269 3632 Pisonem,
1312 3556 1437 3618 duo
1476 3555 1566 3615 rei
1595 3554 1879 3754 publi7cae
1910 3554 2187 3623 portenta
2218 3558 2294 3600 ac
2332 3557 2346 3571 ·
