2514 3928
189 268 250 320 15
563 313 566 314 γ
886 266 1053 326 CAP.
1089 272 1255 323 1-3,
1295 274 1347 334 §.
1385 272 1567 334 1--··5.Φ
2140 263 2261 325 3¹¹3

190 430 382 490 fecto:
429 448 554 491 non
590 430 966 495 existimavit
1006 431 1104 492 sui
1144 431 1446 493 similibus
1493 430 1770 507 probari.
1784 446 1978 506 posse
2012 447 2083 493 se
2119 445 2265 493 esse

192 520 428 581 hostem
458 518 711 595 patriae,
744 518 862 579 nisi
891 517 1035 578 mihi
1065 526 1232 579 esset
1255 517 1554 583 inimicus,
1642 517 1702 580 3.
1732 519 1841 581 Cui
1871 517 2041 594 prius
2073 536 2256 593 quam

190 605 269 663 de
342 604 560 663 ceteris
592 603 777 663 rebus
807 603 1193 679 respondeo,
1225 600 1626 674 deamicitia,
1662 619 1844 676 quam
1871 620 1910 662 a
1940 618 2037 661 me
2066 602 2255 663 viola-

191 695 310 746 tam
366 701 510 746 esse
560 685 911 745 criminatus
962 693 1084 761 est,
1149 684 1316 758 quod
1385 701 1502 757 ego
1551 684 1978 759 gravissimum
2030 686 2257 746 crimen

195 768 397 828 iudico
416 814 431 842 ,
463 784 658 843 pauca
689 768 906 830 dicam.

322 851 389 910 11.
419 852 638 913 Contra
652 868 779 912 rem
793 868 966 913 suam
995 868 1092 911 me
1119 849 1327 911 nescio
1344 851 1591 925 quando
1610 849 1857 911 venisse
1873 859 2129 925 questus
2145 858 2256 914 est.

193 937 286 994 An
314 950 429 1010 ego
464 951 583 995 non
615 935 881 996 venirem
908 943 1120 998 contra
1143 934 1545 1009 alienum-pro
1575 931 1945 993 familiariet
1972 948 2257 992 necessa-

192 1016 326 1077 rio?
359 1034 479 1079 non
518 1019 785 1079 venirem
816 1026 1028 1080 contra
1049 1017 1300 1093 gratiam
1326 1034 1448 1078 non
1475 1016 1711 1079 virtutis
1744 1033 1878 1092 spe,
1908 1017 2020 1077 sed
2044 1014 2260 1077 aetatis

191 1100 345 1162 flore
375 1103 736 1163 collectam?
774 1119 894 1164 non
934 1101 1200 1161 venirem
1227 1108 1439 1161 contra
1467 1100 1774 1172 iniuriam,
1811 1115 1992 1175 quam
2025 1099 2141 1159 iste
2170 1096 2259 1158 in-

193 1186 556 1245 tercessoris
582 1182 950 1261 iniquissimi
972 1184 1275 1244 beneficio
1299 1183 1570 1255 obtinuit,
1608 1201 1728 1245 non
1758 1183 1890 1245 iure
1911 1180 2263 1258 praetorio?

191 1265 314 1326 Sed
347 1267 463 1328 hoc
491 1266 721 1328 idcirco
751 1275 1284 1328 commemoratum
1324 1284 1363 1325 a
1403 1275 1461 1326 te
1493 1275 1667 1340 puto,
1701 1267 1787 1327 uti
1825 1275 1882 1328 te
1923 1267 2128 1326 infimo
2165 1283 2259 1327 or-

193 1348 320 1409 dini
350 1351 841 1420 commendareS,
904 1367 1090 1426 quum
1125 1366 1343 1411 omnes
1393 1358 1452 1410 te
1495 1351 1962 1409 recordarentur
2000 1347 2261 1410 libertini

191 1448 484 1505 generum
517 1440 577 1493 et
611 1431 837 1492 liberos
882 1442 1020 1493 tuos
1063 1440 1320 1507 nepotes
1349 1432 1416 1504 Q.
1445 1430 1641 1501 Fauii,
1690 1432 1947 1493 libertini
1978 1431 2259 1503 hominis,

195 1514 407 1575 fuisse.
478 1515 747 1578 Atenim
784 1523 839 1576 te
867 1515 927 1575 in
953 1514 1340 1590 disciplinam
1377 1530 1572 1573 meam
1616 1514 1954 1574 tradideras
1996 1546 2076 1557 --
2123 1531 2263 1573 nam

189 1598 274 1659 ita
303 1597 509 1659 dixisti
546 1620 656 1653 -ε
702 1598 947 1660 domum
996 1614 1191 1658 meam
1241 1596 1587 1658 ventitaras,
1642 1597 1730 1656 Ne
1766 1604 1859 1668 tu,
1902 1595 1955 1655 si
1988 1595 2052 1656 id
2085 1597 2263 1657 fecis·

192 1698 326 1753 seS,
364 1681 583 1742 melius
616 1682 839 1755 famae,
878 1681 1093 1742 melius
1123 1680 1453 1756 pudicitiae
1487 1689 1623 1741 tuae
1646 1678 2090 1740 consuluisses.
2139 1678 2264 1740 Sed

192 1781 392 1840 neque
428 1763 628 1825 fecisti
659 1779 802 1838 nec,
833 1766 887 1825 si
918 1781 1211 1840 cuperes,
1244 1762 1349 1825 tibi
1378 1763 1438 1824 id
1471 1780 1581 1839 per
1611 1765 1672 1824 C.
1708 1763 2029 1824 Curionem
2063 1763 2266 1822 facere

188 1848 483 1910 -iicuisset.
568 1846 628 1908 4.
674 1854 1027 1923 Auguratus
1071 1847 1422 1923 petitionem
1463 1846 1607 1906 mihi
1649 1853 1705 1907 te
1746 1844 2144 1908 concessisse
2173 1844 2264 1905 di·

190 1930 349 1994 xisti.
411 1930 457 1993 Ο
504 1931 921 1994 incredibilem
966 1932 1316 1992 audaciam!
1360 1947 1397 1992 o
1439 1930 1873 2007 impudentiam
1902 1928 2264 2006 *praedican-

191 2016 363 2074 dam!
434 2014 563 2088 Quo
602 2016 759 2075 enim
794 2024 1065 2090 tempore
1095 2031 1192 2075 me
1230 2031 1523 2089 augurem
1552 2031 1589 2074 a
1620 2023 1745 2077 toto
1776 2012 2036 2089 collegio
2074 2028 2263 2089 expe·

192 2096 360 2158 titum
392 2097 496 2157 Cn.
526 2097 852 2173 Pompeius
883 2107 944 2158 et
974 2098 1040 2172 Q.
1074 2097 1436 2159 Hortensius
1465 2096 1927 2159 nominaverunt
1980 2130 2069 2144 —
2147 2110 2265 2157 nec

190 2179 352 2238 enim
398 2181 619 2240 licebat
661 2198 697 2239 a
744 2180 1019 2253 pluribus
1064 2180 1358 2240 nominari
1389 2213 1478 2225 -
1514 2188 1579 2241 tu
1625 2197 1737 2241 nec
1777 2180 2078 2242 solvendo
2123 2195 2262 2238 eras

192 2278 307 2322 nec
339 2271 395 2322 te
424 2263 546 2323 ullo
579 2263 761 2323 modo
788 2263 904 2324 nisi
934 2280 1153 2324 eversa
1178 2280 1243 2323 re
1273 2262 1514 2340 publica
1545 2265 1676 2325 iore
1700 2264 2063 2325 incolumem
2089 2271 2256 2337 puta·

192 2347 322 2405 bas.
386 2346 635 2407 Poteras
668 2354 867 2407 autem
897 2363 972 2408 eo
1003 2355 1277 2422 tempore
1311 2356 1671 2422 auguratum
1701 2354 1940 2422 petere,
1981 2362 2166 2421 quum
2201 2345 2258 2405 ir

190 2427 360 2488 ltalia
382 2430 444 2489 C.
476 2427 659 2488 Curio
686 2444 808 2488 non
839 2427 1045 2488 esset?
1087 2433 1366 2493 nattum,
1394 2447 1580 2502 quum
1608 2446 1676 2492 es
1703 2433 1922 2506 factus,
1949 2447 2130 2491 unam
2162 2430 2262 2490 tri·

190 2510 333 2570 bum
363 2511 497 2571 sine
522 2510 778 2572 Curione
813 2512 970 2572 serre
1001 2511 1358 2587 potuisses?
1396 2511 1573 2573 cuius
1607 2513 1786 2573 etiam
1818 2511 2146 2574 familiares
2183 2513 2265 2573 de

185 2593 248 2653 vi
297 2595 681 2655 condemnati
722 2602 891 2664 sunt,
948 2595 1114 2670 quod
1157 2595 1240 2655 tui
1292 2595 1468 2656 nimis
1512 2595 1774 2657 studiosi
1823 2595 2103 2656 fuissent.
2160 2596 2261 2658 111.

182 2676 245 2736 5.
277 2679 355 2738 At
383 2675 684 2737 beneficio
717 2695 851 2738 sum
884 2687 985 2738 tuo
1022 2696 1194 2738 usus.
1252 2678 1428 2751 Quo?
1459 2695 1830 2754 quamquam
1862 2678 2012 2739 illud
2041 2679 2262 2759 ipsum,

185 2761 356 2834 quod
387 2775 861 2833 commemoraS,
898 2777 1147 2836 semper
1180 2777 1327 2836 prae
1361 2778 1458 2821 me
1489 2761 1611 2823 tuli.
1672 2761 1857 2821 Malui
1888 2777 1983 2821 me
2018 2760 2122 2823 tibi
2155 2762 2260 2822 de·

181 2843 333 2902 berc
363 2842 638 2904 confiteri
684 2860 866 2918 quam
909 2843 1193 2919 cuiquam
1236 2843 1436 2904 minus
1473 2846 1750 2920 prudenti
1785 2861 1908 2905 non
1940 2844 2090 2906 satis
2125 2861 2261 2920 gra-

183 2936 282 2987 tus
317 2925 527 3003 videri.
572 2926 697 2986 Sed
728 2944 851 3002 quo
882 2926 1230 2987 beneficio?
1281 2927 1455 3000 Quod
1486 2944 1583 2988 me
1611 2927 1916 2989 Brundisii
1947 2945 2067 2989 non
2099 2930 2258 2989 occi·

181 3007 396 3068 deris?
451 3009 639 3082 Quem
683 3008 818 3085 ipse
850 3009 1073 3083 victor,
1123 3009 1226 3084 qui
1265 3010 1398 3083 tibi,
1443 3019 1507 3071 ut
1548 3020 1669 3073 tute
1710 3010 1956 3087 gloriari
1986 3013 2269 3085 solebaS,

179 3093 482 3152 detulerat
522 3107 599 3152 ex
639 3091 979 3171 latronibus
1024 3094 1155 3154 suis
1201 3094 1637 3169 principatum,
1682 3097 1919 3156 salvum
1961 3112 2104 3156 esse
2150 3113 2254 3156 vo·

178 3175 432 3248 inisset,
462 3174 522 3234 in
557 3175 787 3236 ltaliam
821 3175 910 3236 ire
942 3176 1260 3253 iussisset,
1301 3193 1440 3238 eum
1477 3186 1537 3239 tu
1569 3177 1931 3239 occideres?
1995 3179 2119 3239 Fac
2151 3196 2255 3253 po·

181 3257 397 3318 tuisse.
441 3257 617 3332 Quod
648 3267 744 3319 est
784 3259 981 3334 aliud,
1024 3268 1227 3334 patres
1268 3259 1629 3336 conscripti,
1676 3261 2038 3322 beneficium
2078 3264 2256 3322 latro·

181 3357 326 3400 num
369 3339 487 3401 nisi
544 3349 608 3402 ut
663 3357 1138 3403 commemorare
1200 3343 1441 3418 possint
1505 3343 1579 3405 iis
1634 3361 1704 3405 se
1744 3343 1996 3405 dedisse
2054 3342 2254 3412 vitam,

181 3421 408 3496 quibus
441 3440 561 3483 non
586 3425 971 3486 ademerint?
1014 3426 1188 3499 Quod
1212 3427 1266 3488 si
1291 3436 1459 3488 esset
1482 3427 1867 3499 beneficium,
1905 3439 2253 3498 numquam,

177 3505 284 3577 qui
369 3507 536 3568 illum
602 3509 1066 3579 interfecerunt·
1143 3529 1182 3568 a
1244 3529 1370 3585 quo
1433 3522 1608 3574 erant
1666 3510 1921 3578 servati,
1996 3513 2261 3580 quostu
