2514 3928
104 313 169 368 ss
697 334 698 337 =
744 301 905 361 CAP.
942 312 1123 364 3—5.
1169 308 1220 368 §-
1254 309 1483 362 s—15.
1606 313 1609 316 ’
2027 298 2153 363 289

104 450 286 514 omnia
299 459 652 514 ornamenta
668 448 1144 526 congessissent,
1161 461 1286 512 tum
1303 458 1364 511 tu
1378 451 1514 526 ipse
1528 449 1785 526 plurima
1797 462 1857 515 et
1869 453 2150 514 maxima.

104 535 296 611 Neque
323 533 503 608 enim,
532 532 586 594 si
624 539 763 595 tuae
792 549 895 597 res
922 542 1133 609 gestae
1203 542 1544 596 ceterorum
1571 533 1854 597 laudibus
1878 536 2148 598 obscuri·

102 626 267 680 tatem
308 618 662 691 attulerunt,
708 614 936 678 idcirco
976 617 1079 676 Cn.
1112 615 1385 690 Pompeii
1425 617 1777 678 memoriam
1821 616 2150 680 amisimus·

101 700 385 776 Quantum
433 714 654 762 nomen
687 697 849 761 illius
881 699 1086 773 ruerit,
1129 706 1396 775 quantae
1426 715 1612 775 opes,
1644 707 1870 776 quanta
1898 700 1959 760 in
1989 703 2151 761 omni

94 798 305 860 genere
325 782 621 845 bellorum
642 780 853 858 gloria,
880 783 1086 858 quanti
1108 781 1379 844 honores
1403 781 1616 858 populi
1643 782 1918 856 Romani,
1945 783 2153 859 quanti

95 873 362 945 senatus,
398 864 608 942 quanti
637 862 723 927 tui
757 864 895 940 quis
928 863 1210 940 ignorat?
1244 866 1436 928 Tanto
1476 864 1576 926 ille
1608 864 1960 942 superiores
1991 867 2165 931 vice-,⁷

94 957 183 1011 rat
211 949 428 1025 gloria,
473 957 699 1025 quanto
737 956 800 1009 tu
835 948 1115 1010 omnibus
1147 947 1520 1025 praestitisti.
1608 949 1819 1026 Itaque
1844 950 1946 1010 Cn.
1977 950 2150 1010 Pom·

96 1031 209 1109 peii
235 1033 420 1105 bella,
467 1030 788 1105 victorias,
833 1030 1201 1108 triumphos,
1251 1034 1609 1094 consulatus
1639 1031 2011 1095 admirantes
2042 1049 2149 1093 nu-

95 1117 496 1176 merabamus:
521 1124 658 1177 tuos
690 1130 1047 1175 enumerare
1076 1131 1199 1176 non
1235 1131 1590 1189 possumus.
1643 1117 1719 1176 V.
1756 1116 1850 1178 13.
1881 1117 1979 1177 Ad
2012 1132 2148 1178 eum

95 1197 264 1273 igitur
297 1214 406 1258 rex
437 1196 760 1258 Deiotarus
817 1197 987 1258 venit
1026 1196 1143 1258 hoc
1177 1198 1400 1264 misero
1433 1198 1722 1274 fatalique
1754 1200 1935 1274 bello,
1968 1217 2150 1276 quem

91 1287 263 1341 antea
290 1278 469 1340 iustis
503 1278 952 1354 hostilibusque
980 1278 1155 1340 bellis
1185 1279 1530 1355 adiuverat,
1569 1298 1835 1356 quocum
1870 1291 2001 1344 erat
2027 1300 2146 1344 non

89 1361 350 1438 hospitio
382 1363 613 1435 solum,
660 1377 868 1422 verum
896 1362 1073 1422 etiam
1105 1360 1504 1423 familiaritate
1538 1362 1930 1439 coniunctus,
1958 1373 2019 1425 et
2046 1381 2149 1426 ve-

90 1443 176 1507 nit
204 1447 298 1505 vel
337 1451 588 1520 rogatus
621 1451 687 1505 ut
718 1443 981 1518 amicuS,
1013 1444 1108 1502 vel
1144 1442 1478 1507 arcessitus
1509 1453 1576 1506 ut
1604 1445 1840 1519 sociuS,
1876 1448 1973 1507 vel
2006 1462 2147 1508 evo·

33 1594 37 1599 ,
90 1538 262 1591 catus
290 1535 358 1590 ut
380 1525 465 1603 is,
508 1527 613 1605 qui
646 1525 884 1589 senatui
912 1542 1130 1602 parere
1159 1526 1505 1591 didicissetz
1541 1535 1854 1603 postremo
1878 1528 2045 1591 venit
2072 1531 2150 1589 ad

87 1611 445 1688 rugientem,
487 1627 609 1672 non
637 1609 719 1671 ad
745 1609 1199 1686 insequentem,
1245 1609 1304 1670 id
1352 1617 1446 1673 est
1474 1610 1554 1671 ad
1579 1609 1858 1686 periculi,
1905 1628 2027 1672 non
2072 1613 2149 1671 ad

90 1694 377 1756 victoriae
408 1693 782 1756 societatem.
842 1694 1053 1770 Itaque
1081 1693 1432 1756 Pharsalico
1465 1692 1700 1770 proelio
1734 1694 1893 1756 racto
1921 1711 1960 1755 a
1979 1694 2154 1755 Pom-

83 1778 224 1856 peio
270 1777 584 1840 discessitz
628 1787 803 1854 spem
844 1774 1133 1838 infinitam
1178 1776 1468 1853 persequi
1513 1774 1732 1838 noluit=
1779 1778 1878 1838 vel
1923 1776 2154 1851 officio,

86 1860 317 1937 siquid
347 1862 667 1935 debuerat,
709 1861 805 1922 vel
835 1859 1056 1934 errori,
1093 1858 1326 1936 si‘quid
1362 1859 1692 1932 nescierat,
1738 1859 1888 1922 satis
1930 1861 2149 1920 sactum

77 1961 227 2007 csse
256 1944 457 2007 duxit=
504 1946 749 2007 domum
789 1960 860 2006 se
891 1942 1170 2017 contulit,
1203 1952 1386 2019 teque
1415 1942 1894 2005 Alexandrinum
1927 1943 2149 2005 bellum

76 2036 335 2104 gerente
374 2026 727 2088 utilitatibus
769 2027 886 2088 tuis
931 2025 1145 2102 paruit.
1236 2025 1334 2088 14.
1379 2028 1484 2087 llle
1524 2025 1859 2089 exercitum
1894 2027 1998 2087 Cn.
2030 2026 2148 2088 Do-

73 2108 262 2183 mitii,
305 2108 663 2187 amplissimi
690 2108 836 2183 viri,
882 2110 1020 2170 suis.
1057 2108 1230 2170 tectis
1271 2116 1333 2169 et
1372 2107 1569 2184 copiis
1612 2107 2003 2171 sustentavit=
2050 2107 2150 2169 ille

75 2192 396 2267 Ephesum
424 2192 505 2251 ad
534 2207 690 2266 eum,
727 2207 907 2268 quem
939 2200 1003 2253 tu
1032 2209 1110 2253 ex
1139 2190 1707 2255 tuisfidelissimum
1762 2202 1823 2255 et
1850 2191 2150 2269 probatis-

73 2276 309 2337 simum
351 2272 633 2336 omnibus
697 2274 1005 2349 delegisti,
1049 2274 1368 2350 pecuniam
1410 2275 1601 2346 misit:
1645 2275 1744 2337 ille
1772 2275 2018 2351 iterum,
2049 2276 2148 2336 ille

68 2358 262 2422 tertio
295 2356 681 2420 auctionibus
715 2357 890 2418 sactis
936 2358 1255 2434 pecuniam
1285 2359 1483 2434 dedit,
1513 2376 1637 2435 qua
1663 2360 1744 2421 ad
1768 2360 1992 2421 bellum
2018 2366 2145 2420 ute·-

64 2445 251 2503 rere=
296 2439 398 2502 ille
438 2456 663 2517 corpus
711 2457 889 2503 suum
935 2440 1204 2517 periculo
1253 2441 1506 2517 obiecit,
1550 2452 1874 2519 tecumque
1913 2442 1974 2503 in
2016 2441 2152 2502 acie

57 2531 293 2588 contra
335 2524 704 2586 Pharnacem
763 2523 873 2586 suit
920 2534 1208 2601 tuumque
1263 2526 1498 2588 hostem
1556 2542 1699 2588 esse
1741 2524 1915 2587 duxit
1952 2541 2165 2587 suum„

56 2609 251 2684 Quae
290 2606 540 2684 quidem
569 2626 608 2668 a
647 2615 705 2668 te
741 2606 803 2669 in
834 2624 966 2669 eam
1017 2619 1247 2684 partem
1292 2618 1548 2686 accepta
1591 2615 1759 2683 sunt,
1810 2608 2052 2682 Caesar,
2086 2620 2153 2667 ut

51 2708 222 2771 eum
249 2689 633 2768 amplissimo
668 2689 832 2767 regis
860 2689 1093 2753 honore
1116 2698 1177 2754 et
1202 2691 1448 2754 nomine
1483 2690 1806 2754 adfeceris.

195 2771 303 2836 15.
339 2775 399 2836 Is
426 2773 608 2851 igitur
639 2790 761 2835 non
793 2775 975 2836 modo
1007 2792 1043 2836 a
1073 2784 1131 2837 te
1151 2773 1425 2852 periculo
1456 2774 1778 2849 liberatus,
1814 2774 1929 2834 sed
1971 2770 2166 2836 etiam.

40 2861 316 2923 honore
346 2856 724 2936 amplissimo
754 2867 1022 2933 ornatuS,
1054 2857 1544 2935 arguiturdomui
1564 2867 1626 2922 te
1642 2856 2150 2921 suaeinterflcere

41 2939 389 3004 voluisse=
435 2939 605 3017 quod
636 2949 727 3016 tu,
770 2939 885 3002 nisi
915 2958 1054 3003 eum
1079 2940 1552 3003 furiosissimum
1584 2938 2159 3017 iudicas,suspicari

35 3023 371 3103 profecto
431 3041 553 3088 non
598 3033 797 3101 potes.
896 3024 975 3085 Ut
1015 3022 1175 3086 enim
1218 3024 1485 3087 omittam
1515 3023 1690 3086 cuius
1720 3022 1867 3085 tanti
1899 3022 2150 3084 sceleris

33 3106 259 3172 fuerit
299 3106 360 3167 in
392 3117 732 3184 conspectu
760 3109 1012 3169 deorum
1047 3106 1356 3184 penatium
1385 3124 1605 3169 necare
1627 3104 1950 3182 hospitem,
1976 3104 2151 3167 cuius

32 3198 280 3257 tantae
320 3189 790 3267 importunitatis
838 3189 1103 3252 omnium
1143 3189 1410 3266 gentium
1462 3197 1645 3267 atque
1687 3189 1885 3252 omnis
1926 3204 2149 3249 memo-

32 3275 198 3339 riae
234 3272 646 3336 clarissimum
688 3276 890 3335 lumen
922 3272 1348 3350 exstinguere,
1377 3274 1551 3336 cuius
1585 3281 1786 3336 tantae
1822 3267 2152 3334 ferocitatis

32 3356 375 3421 victorem
419 3355 588 3419 orbis
630 3365 920 3420 terrarum
960 3374 1084 3419 non
1127 3356 1556 3431 extimescere,
1608 3354 1784 3417 cuius
1830 3363 1950 3415 tam
1979 3349 2154 3411 inhu-

32 3435 239 3506 mani
270 3437 583 3581 etlingrati
617 3438 830 3515 animi,
873 3458 912 3501 a
953 3458 1074 3515 quo
1105 3456 1213 3502 rex
1247 3440 1592 3517 appellatus
1625 3443 1821 3579 eslsgaet,
1862 3434 1922 3494 in
1953 3448 2028 3493 eo
2059 3438 2154 3503 ty-

150 3537 276 3583 c1c.
312 3522 339 3581 1
373 3564 389 3579 .
421 3530 476 3585 3.
