2514 3928
218 124 300 190 38
831 123 979 185 pao
999 102 1074 184 Ῥ.
1108 124 1376 187 sesne
1410 123 1713 186 oaA‘rio.

219 295 443 354 meque
474 276 742 353 optabile
774 276 1057 338 omnibus
1088 276 1257 338 sanis
1288 286 1350 338 et
1372 275 1555 338 bonis
1587 286 1647 339 et
1674 278 1903 353 beatiS,
1938 296 2076 340 cum
2109 279 2299 356 digni—

217 372 341 424 tate
373 362 624 423 otium!
651 362 784 421 Hoc
820 360 924 436 qui
959 362 1197 433 volunt,
1236 377 1451 421 omnes
1482 361 1837 437 optimatesz
1875 363 1980 439 qui
2011 364 2304 439 efficiunt,

219 445 438 507 summi
470 444 584 505 viri
614 455 675 507 et
704 453 1177 506 conservatores
1208 443 1469 505 civitatis
1502 454 1806 520 putantur.
1888 447 2105 524 Neque
2140 449 2303 510 enim

215 547 419 592 rerum
452 529 859 605 gerendarum
891 527 1184 604 dignitate
1218 527 1499 589 homines
1530 528 1736 589 efferri
1767 529 1849 591 ita
1879 533 2193 606 convenit,
2237 542 2303 594 ut

215 615 341 675 otio
403 631 524 674 non
571 612 974 690 prospiciant,
1027 629 1231 688 neque
1276 613 1463 672 ullum
1501 614 1838 689 amplexari
1886 614 2081 675 otium
2132 619 2301 692 quod

216 698 543 760 abhorreat
572 714 609 757 a
637 696 948 772 dignitate.
1006 697 1214 756 XLvt.
1251 696 1448 757 Huius
1476 703 1678 757 autem
1718 698 1960 760 otiosae
1991 699 2299 775 dignitatis

216 782 372 843 haec
397 782 788 842 fundamenta
812 789 973 853 sunt,
998 780 1151 840 haec
1172 781 1463 854 membra,
1489 798 1648 856 quae
1672 783 1899 844 tuenda
1912 783 2299 860 principibus

216 876 278 927 et
303 867 465 926 vel
432 864 654 942 cpitis
685 864 960 941 periculo
987 864 1378 924 defendenda
1401 874 1570 925 sunt·
1603 864 1963 942 religiones,
1998 867 2297 943 auspicia,

217 958 460 1025 potesta
487 965 555 1009 es
583 947 1075 1024 magistratuum,
1110 957 1362 1009 senatus
1386 949 1749 1024 auctoritaS,
1775 951 1978 1027 leges,
2013 969 2149 1013 mos
2174 969 2299 1011 ma·

214 1034 443 1106 iorum,
474 1032 725 1105 iudicia,
769 1031 918 1093 iuris
949 1031 1167 1104 dictio,
1199 1032 1385 1103 fideS‚
1424 1032 1807 1108 provinciae,
1843 1034 2029 1107 socii,
2062 1034 2297 1110 imperii

215 1119 382 1192 lauS,
434 1134 536 1178 res
579 1114 883 1188 militariS‚
933 1115 1252 1176 aerarium.
1346 1115 1449 1176 99.
1490 1117 1718 1178 Harum
1760 1135 1962 1180 rerum
1993 1128 2080 1180 tot
2113 1127 2297 1194 atque

214 1210 514 1263 tantarum
564 1216 708 1260 esse
760 1200 1150 1261 defensorem
1199 1207 1261 1261 et
1315 1208 1636 1276 patronum
1688 1203 1891 1278 magni
1946 1203 2127 1263 animi
2183 1211 2296 1274 est,

216 1285 418 1362 magni
457 1282 686 1361 ingenii
727 1300 1108 1368 magnaeque
1150 1283 1552 1346 constantiae.
1637 1286 1919 1346 Etenim
1904 1305 1963 1346 in
2008 1295 2173 1348 tanto
2212 1287 2294 1348 ci·

215 1369 380 1430 vium
424 1384 675 1430 numero
720 1385 939 1443 magna
985 1368 1303 1429 multitudo
1339 1376 1435 1429 est
1466 1385 1708 1441 eorum,
1761 1370 1865 1446 qui
1900 1380 2005 1432 aut
2044 1380 2297 1461 propter

213 1462 438 1516 “letum
469 1469 713 1529 poenae
743 1460 1138 1528 peccatorum
1161 1468 1410 1514 suorum
1436 1453 1670 1514 COssSCli
1695 1470 1892 1516 HOVOS
1917 1464 2119 1517 mOLUS
2151 1462 2295 1516 0032-
2381 1460 2390 1465 ⁸

213 1539 663 1614 versionesque
695 1536 785 1595 rei
823 1535 1104 1611 publicae
1136 1545 1463 1611 quaerant,
1498 1545 1603 1598 aut
1632 1538 1737 1612 qui
1771 1550 2023 1614 propter
2049 1539 2295 1600 insitum

216 1622 543 1696 quemdam
581 1618 767 1681 animi
809 1622 1073 1693 furorem
1118 1620 1446 1681 discordiis
1488 1621 1711 1682 civium
1744 1639 1818 1682 ac
1851 1623 2152 1684 seditione
2187 1640 2294 1698 pa·

215 1715 493 1777 scantur,
545 1713 652 1765 aut
693 1701 798 1778 qui
842 1711 1092 1779 propter
1131 1703 1601 1778 implicationem
1642 1705 1732 1766 rei
1775 1706 2087 1768 familiaris
2131 1723 2292 1768 com-

213 1788 378 1849 muni
407 1787 692 1848 incendio
726 1786 934 1848 malint
963 1805 1146 1863 quam
1176 1804 1291 1849 suo
1318 1787 1679 1864 deflagrare.
1738 1789 1852 1864 Qui
1902 1809 2089 1865 quum
2136 1799 2293 1852 tuto·

214 1889 314 1933 res
351 1877 494 1932 sunt
525 1880 587 1933 et
627 1872 820 1931 duces
859 1887 1107 1932 suorum
1152 1871 1492 1933 studiorum
1540 1871 1949 1950 vitiorumque
1976 1876 2200 1947 nancti,
2231 1873 2292 1935 in

215 1974 279 2017 re
304 1956 549 2032 publica
573 1954 798 2017 fluctus
824 1955 1183 2030 excitantur,
1215 1963 1277 2017 ut
1300 1955 1672 2032 vigilandum
1700 1957 1778 2020 sit
1801 1958 1895 2033 iis,
1920 1959 2021 2033 qui
2047 1956 2164 2019 sibi
2186 1976 2291 2036 gu·

214 2042 543 2102 bernacula
574 2039 804 2116 patriae
836 2041 1354 2118 depoposcerunt,
1394 2040 1868 2119 enitendumque
1900 2043 2066 2106 omni
2097 2042 2293 2105 scien-

214 2126 298 2186 tia
330 2141 404 2187 ac
448 2123 786 2200 diligentia,
843 2132 909 2185 ut
950 2124 1336 2185 conservatis
1380 2124 1488 2198 iis,
1542 2143 1701 2203 quae
1743 2144 1860 2203 ego
1902 2128 2111 2205 paullo
2152 2136 2295 2188 ante

215 2210 608 2269 fundamenta
641 2223 714 2267 ac
754 2209 1022 2269 membra
1055 2222 1198 2269 esse
1230 2207 1389 2285 dixi,
1433 2218 1639 2271 tenere
1676 2227 1922 2272 cursum
1961 2210 2202 2289 possint
2235 2219 2295 2271 et

213 2308 438 2368 capere
480 2290 588 2352 otii
618 2290 785 2352 illum
823 2302 1064 2368 portum
1095 2300 1155 2353 et
1185 2292 1514 2368 dignitatis.
1576 2293 1719 2357 100.
1761 2296 1934 2356 Hanc
1964 2309 2079 2371 ego
2112 2295 2289 2365 viam,

213 2376 479 2451 iudiceS,
517 2374 571 2435 si
600 2383 705 2438 aut
731 2393 1017 2451 asperam
1046 2384 1230 2453 atque
1263 2378 1516 2438 arduam
1546 2388 1653 2440 aut
1679 2379 1923 2455 plenam
1954 2395 2097 2441 esse
2135 2378 2292 2455 peri-

213 2462 488 2522 culorum
520 2469 625 2521 aut
665 2459 1023 2521 insidiarum
1068 2477 1321 2537 negem,
1368 2462 1663 2537 mentiar,
1698 2463 2055 2539 praesertim
2105 2480 2293 2537 quum

212 2545 275 2605 id
303 2562 423 2608 non
457 2545 641 2606 modo
667 2543 1065 2607 intellexerim
1097 2559 1362 2620 semper,
1393 2547 1506 2606 sed
1533 2546 1713 2608 etiam
1746 2556 1989 2624 praeter
2048 2555 2291 2608 ceteros

212 2630 529 2692 senserim.

377 2714 613 2775 XLVII.
655 2713 1005 2790 Maioribus!
1039 2712 1365 2789 praesidiis
1413 2723 1473 2776 et
1514 2714 1708 2791 copiis
1758 2721 2151 2791 oppugnatur
2190 2730 2291 2774 res

212 2798 457 2872 publica
486 2816 671 2873 quam
702 2798 1078 2870 defenditur,
1123 2806 1452 2874 propterea
1494 2800 1663 2874 quod
1706 2800 1978 2860 audaces
2009 2797 2290 2859 homines

211 2890 274 2942 et
312 2880 534 2957 perditi
578 2891 726 2943 nutu
766 2882 1157 2959 impelluntur
1188 2892 1249 2943 et
1289 2881 1409 2958 ipsi
1454 2883 1634 2945 etiam
1676 2889 1899 2959 sponte
1932 2899 2046 2948 sua
2079 2890 2293 2943 contra

200 2980 340 3026 ⁴rem
389 2964 695 3041 publicam
738 2966 1087 3028 incitantur=
1143 2965 1293 3027 boni
1333 2966 1546 3028 nescio
1593 2984 1716 3043 quo
1759 2968 1945 3030 modo
1988 2965 2291 3028 tardiores

212 3057 355 3111 sunt
383 3058 445 3114 et
470 3048 789 3125 principiis
819 3067 1020 3114 rerum
1053 3050 1348 3126 neglectis
1377 3051 1456 3112 ad
1486 3059 1825 3113 extremum
1854 3050 1996 3127 ipsa
2021 3049 2294 3127 denique

212 3132 580 3195 necessitate
618 3132 987 3209 excitantur,
1041 3135 1122 3195 ita
1165 3142 1379 3196 utnon
1425 3152 1755 3211 numquam
1798 3134 2186 3197 cunctatione
2216 3149 2294 3195 ac

208 3217 516 3289 tarditate,
575 3217 718 3279 dum
771 3218 961 3280 otium
1009 3220 1218 3279 volunt
1259 3218 1439 3280 etiam
1485 3219 1625 3280 sine
1667 3220 1960 3297 dignitate
2009 3219 2292 3290 retinere,

210 3299 331 3375 ipsi
374 3309 697 3375 utrumque
737 3303 1025 3366 amittant.
1112 3300 1251 3365 101.
1299 3303 1793 3379 Propugnatores
1831 3313 2032 3366 autem
2059 3301 2149 3364 rei
2177 3319 2291 3378 pu-

208 3384 407 3445 blicae
448 3384 555 3462 qui
594 3402 738 3448 esse
770 3388 1122 3462 voluerunt,
1170 3386 1223 3447 si
1267 3388 1531 3449 leviores
1572 3397 1745 3464 sunt,
1798 3387 2183 3450 desciscunt=
2207 3450 2210 3452 .
2237 3386 2296 3447 si
