2514 3928
213 149 315 209 66
492 148 568 206 IN
596 147 660 206 Ρ.
691 146 1075 208 VAT1N1UM
1101 145 1408 207 TESTEM
1436 145 2027 208 INTERROGATIO.

229 295 510 362 consiliis
544 297 893 358 reiiciendis
934 295 1180 371 tulisse,
1223 306 1291 358 ut
1330 313 1543 359 omnes
1570 287 1904 374 intelligant
1933 308 1993 361 te
2028 316 2104 359 ne
2133 309 2305 361 recte

232 382 479 458 quidem
508 383 708 442 lacere
732 381 866 442 sine
895 383 1128 442 scelere
1159 381 1457 456 potuisse,
1494 399 1745 456 quaere,
1781 399 1966 457 quum
1999 384 2097 444 lex
2124 393 2300 461 ‚esset

229 481 432 540 aequa
465 467 848 541 promulgata
877 465 1044 526 initio
1076 465 1500 539 magistratuS,
1542 465 1763 527 multas
1791 465 1911 525 iam
1942 466 2095 528 alias
2129 469 2296 528 tulis-

231 567 366 621 seS‚
424 548 919 623 exspectarisne,
972 550 1112 610 dum
1151 548 1211 610 C.
1247 548 1553 609 Antonius
1594 566 1739 610 reus
1780 551 1954 610 fieret
1994 552 2159 626 apud
2191 552 2301 611 Cn.

210 633 546 694 ,Lentulum
578 632 974 693 Clodianum?
1028 641 1089 693 et
1133 642 1352 706 postea
1398 649 1579 708 quam
1621 632 1722 692 ille
1764 642 1860 694 est
1900 650 2043 695 reus
2082 637 2303 704 lactus,

230 716 432 779 statim
464 715 673 777 tuleris
706 715 766 776 in
803 733 971 788 eum,
1015 733 1110 784 om
1153 733 1320 775 TUAM
1362 732 1507 778 ros‘r
1535 732 1729 776 LEGEM
1760 733 1908 777 anus
1944 735 2165 779 rAcrus
2194 735 2293 779 fis*

229 817 361 862 sar:
417 809 484 860 ut
530 799 714 860 homo
757 801 1100 861 consularis
1142 801 1435 860 exclusus
1478 802 1664 861 miser
1711 810 1939 875 puncto
2000 801 2299 876 temporis

227 883 595 960 spoliaretur
622 884 927 949 beneficio
961 893 1021 944 et
1049 883 1355 958 aequitate
1395 882 1550 957 legis
1593 891 1775 944 tuae?
1841 882 1940 945 28.
1982 886 2165 945 Dices
2207 886 2293 943 fa-

227 967 631 1028 miliaritatem
663 966 766 1027 tibi
798 968 988 1028 fuisse
1019 983 1157 1027 cum
1189 967 1256 1041 Q.
1290 967 1576 1028 Maximo.
1648 968 1967 1028 Praeclara
2010 967 2297 1029 defensio

227 1048 517 1111 facinoris
547 1051 651 1110 tui.
698 1052 847 1109 Nam
886 1050 1134 1111 Maximi
1166 1050 1414 1126 quidem
1448 1067 1684 1112 summa
1707 1053 1841 1111 laus
1871 1059 1996 1123 est,
2030 1051 2297 1128 sumptis

226 1133 588 1207 inimicitiiS,
635 1144 930 1209 suscepta
978 1151 1196 1207 causa,
1243 1136 1595 1210 quaesitore
1629 1133 2013 1210 consilioque
2048 1135 2295 1196 delecto

226 1217 704 1280 commodiorem
735 1218 978 1279 inimico
1011 1235 1124 1279 suo
1161 1217 1586 1280 condicionem
1619 1217 1968 1279 reiectionis
2005 1219 2151 1278 dare
2183 1237 2294 1280 no-

227 1303 437 1364 luisse.
500 1302 658 1362 Nihil
685 1303 988 1364 Maximus
1034 1303 1175 1363 fecit
1208 1302 1469 1363 alienum
1502 1312 1606 1364 aut
1638 1319 1751 1363 sua
1790 1301 2009 1363 virtute
2038 1312 2142 1363 aut
2173 1303 2294 1362 illis

225 1387 375 1447 viris
407 1384 796 1461 clarissimis,
824 1385 1079 1460 Paullis,
1121 1385 1433 1462 MaximiS,
1475 1386 1814 1459 AfricaniS,
1866 1402 2124 1461 quorum
2158 1389 2291 1461 glo-

223 1471 375 1531 riam
406 1469 588 1531 huius
622 1469 839 1531 virtute
883 1478 1237 1530 renovatam
1279 1487 1400 1533 non
1444 1472 1627 1531 modo
1671 1485 2024 1545 speramuS,
2077 1486 2292 1530 verum

224 1555 405 1616 etiam
440 1554 560 1613 iam
592 1552 890 1613 videmus.
933 1554 1060 1612 Tua
1089 1554 1286 1626 fraus,
1323 1562 1487 1614 tuum
1519 1553 1913 1626 maleficium,
1958 1561 2125 1615 tuum
2155 1570 2290 1615 sce-

226 1639 322 1698 lus
355 1637 502 1698 illud
534 1644 657 1709 est,
685 1645 745 1696 te
774 1636 868 1709 id,
906 1637 1074 1710 quod
1104 1638 1566 1712 promulgasses
1602 1636 2061 1699 misericordiae
2096 1637 2290 1697 nomi·

226 1739 332 1791 ne,
382 1721 458 1780 ad
498 1718 871 1780 crudelitatis
916 1727 1156 1795 tempus
1202 1721 1535 1782 distulisse.
1600 1723 1693 1781 Ac
1737 1737 1899 1783 nunc
1944 1720 2191 1797 quidem
2221 1721 2290 1780 C.

221 1802 529 1864 Antonius
560 1803 675 1862 hac
705 1820 826 1863 una
854 1821 920 1864 re
953 1803 1253 1864 miseriam
1298 1822 1469 1865 suam
1506 1807 1888 1879 consolatur,
1943 1805 2108 1880 quod
2140 1804 2286 1865 ima-

223 1887 398 1962 gines
441 1885 632 1961 patris
681 1895 741 1947 et
782 1886 983 1947 fratris
1027 1888 1120 1948 sui
1161 1887 1485 1964 fratrisque
1528 1889 1711 1948 filiam
1756 1905 1875 1949 non
1928 1890 1986 1948 in
2040 1888 2289 1961 familia,

224 1972 335 2031 sed
366 1970 425 2030 in
458 1986 705 2032 carcere
735 1973 1091 2032 collocatam
1122 1974 1334 2034 audire
1367 1974 1573 2034 maluit
1605 1989 1787 2048 quam
1824 1971 2051 2033 videre.

391 2055 520 2116 ΧΠ.
564 2052 668 2117 29.
708 2055 784 2117 Et
818 2055 1103 2131 quoniam
1138 2057 1430 2131 pecunias
1450 2056 1706 2117 aliorum
1736 2056 2024 2131 despicis,
2050 2057 2127 2117 de
2164 2056 2289 2117 tuis

224 2136 449 2199 divitiis
481 2138 1014 2200 intolerantissime
1043 2140 1352 2215 gloriaris,
1398 2142 1540 2200 volo
1578 2140 1663 2201 uti
1704 2140 1847 2200 mihi
1876 2141 2281 2216 respondeas,

223 2222 528 2283 fecerisne
558 2222 809 2283 foedera
838 2223 1116 2284 tribunus
1146 2222 1342 2299 plebis
1366 2239 1503 2283 cum
1526 2223 1904 2296 civitatibuS,
1956 2239 2092 2284 cum
2124 2223 2282 2298 regi-

220 2306 373 2379 buS,
430 2321 568 2366 cum
611 2305 972 2366 tetrarchis?
1032 2308 1383 2383 erogarisne
1429 2306 1723 2383 pecunias
1770 2324 1849 2368 ex
1892 2307 2127 2367 aerario
2160 2307 2287 2367 tuis

224 2387 507 2464 legibus?
559 2389 937 2463 eripuerisne
978 2399 1183 2463 partes
1225 2391 1327 2451 illo
1370 2400 1641 2466 tempore
1683 2389 2035 2452 carissimas
2065 2390 2284 2467 partim

194 2490 258 2532 1a
290 2472 585 2545 Caesare,
615 2471 832 2547 partim
862 2489 899 2531 a
929 2473 1315 2547 publicanis?
1356 2474 1523 2548 Quae
1557 2492 1741 2549 quum
1767 2474 1847 2535 ita
1878 2472 2020 2549 sint,
2051 2491 2286 2550 quaero

221 2573 300 2617 ex
333 2564 391 2617 te
420 2555 592 2617 sisne
627 2572 704 2616 ex
756 2555 1142 2630 pauperrimo
1184 2557 1359 2618 dives
1403 2560 1596 2619 sactus
1622 2557 1727 2619 illo
1763 2557 1900 2633 ipso
1938 2573 2119 2631 anno,
2154 2575 2286 2633 quo

227 2642 323 2700 lex
373 2641 493 2701 lata
551 2648 647 2700 est
702 2639 778 2699 de
833 2639 1108 2714 pecuniis
1162 2640 1519 2715 repetundis
1577 2642 1901 2714 acerrima,
1952 2650 2017 2702 ut
2066 2657 2288 2716 omnes

222 2724 553 2799 intelligere
583 2731 845 2799 possent
872 2739 907 2782 a
938 2731 996 2783 te
1032 2741 1150 2784 non
1183 2726 1365 2785 modo
1399 2732 1607 2787 nostra
1649 2733 1817 2798 acta,
1872 2742 2031 2799 quos
2075 2733 2279 2802 tyran-

224 2823 339 2866 nos
373 2823 563 2867 vocas
582 2852 597 2879 ,
630 2806 741 2868 sed
765 2807 942 2867 etiam
965 2806 1317 2867 amicissimi
1343 2806 1426 2868 tui
1449 2808 1643 2883 legem
1668 2825 1811 2870 esse
1835 2816 2245 2884 contemptam
2263 2831 2284 2865 ε

219 2889 387 2963 apud
419 2905 598 2965 quem
634 2898 699 2951 tu
730 2889 908 2950 etiam
943 2907 1058 2951 nos
1089 2889 1391 2951 criminari
1412 2893 1612 2966 soles,
1646 2893 1750 2967 qui
1776 2891 1859 2952 illi
1888 2909 2099 2952 sumus
2129 2891 2279 2951 ami-

219 2972 484 3046 cissimi,
528 2989 716 3047 quum
759 2981 820 3033 tu
862 2972 919 3033 ei
962 2973 1578 3035 contumeliosissime
1620 2977 1840 3037 totiens
1884 2975 2284 3049 maledicas,

224 3055 510 3130 quotiens
540 3062 596 3115 te
631 3055 715 3116 illi
741 3057 1004 3117 adfinem
1034 3073 1178 3118 esse
1213 3056 1388 3118 dicis,

389 3139 491 3203 30.
537 3144 739 3215 Atque
771 3142 948 3205 etiam
990 3140 1138 3202 illud
1178 3141 1339 3203 scire
1370 3158 1447 3202 ex
1492 3151 1550 3203 te
1585 3141 1799 3217 cupio,
1859 3159 1983 3219 quo
2016 3141 2286 3203 consilio

221 3231 326 3283 aut
357 3241 478 3299 qua
507 3231 708 3285 mente
736 3222 1043 3286 feceris‘ut
1072 3224 1131 3285 in
1164 3226 1347 3300 epulo
1375 3225 1441 3300 Q.
1467 3225 1624 3287 Arrii
1654 3224 1964 3287 familiaris
1990 3223 2108 3286 mei
2137 3240 2283 3285 cum

222 3317 363 3382 toga
396 3307 558 3383 pulla
586 3308 1027 3370 accumberes?
1068 3326 1249 3384 quem
1288 3326 1576 3386 umquam
1620 3310 1890 3372 videris?
1940 3326 2121 3385 quem
2146 3325 2275 3382 *au-

202 3390 454 3452 -dieris2
497 3408 619 3468 quo
648 3394 962 3467 exemplo,
1008 3409 1129 3471 quo
1159 3410 1330 3456 more
1361 3395 1621 3456 leceris?
1660 3395 1843 3458 Dices
1878 3391 2278 3473 supplicatio»
