2514 3928
136 301 239 400 103
801 337 961 396 CAP.
998 346 1032 396 2
1049 368 1119 380 -
1140 344 1191 397 4.
1238 342 1289 402 s.
1321 346 1356 398 c
1379 372 1448 381 —
1470 348 1554 400 ιε.
2094 338 2225 401 401

134 490 379 560 hortos,
408 488 782 557 Tusculana,
816 485 1055 546 Albana
1086 487 1401 547 definiunt.
1486 490 1691 563 Atque
1725 488 1906 551 etiam
1936 489 2223 551 homines.

133 580 432 647 agresteS,
471 570 525 629 si
553 569 833 630 homines
864 570 948 629 illi
976 585 1052 628 ac
1080 586 1200 629 non
1233 571 1508 644 pecudes
1540 570 1762 646 potius,
1795 573 1956 632 inani
1990 590 2105 650 spe
2133 575 2217 635 ad

135 671 334 730 aquas
366 669 565 726 usque
596 662 658 713 et
684 651 975 713 Puteolos
1009 652 1444 726 provehuntur.
1509 654 1670 728 Ergo
1701 654 1883 715 habet
1909 657 2214 719 Antonius

138 737 309 815 quod
337 735 471 797 suis
508 736 883 810 polliceatur.
972 735 1128 809 Quid
1170 743 1330 797 nos?
1374 749 1516 796 num
1550 736 1698 811 quid
1731 738 1850 798 tale
1879 739 2218 801 habemus?

135 821 211 882 Di
256 820 538 880 meliora!
595 820 663 879 Id
706 818 866 879 enim
908 817 1111 893 ipsum
1146 819 1416 895 agimuS,
1459 836 1536 879 ne
1583 820 1720 894 quis
1752 820 2009 894 posthac
2043 823 2214 897 quid-

138 921 324 982 quam
352 904 487 963 eius
517 902 682 963 modi
717 903 921 978 possit
946 902 1241 977 polliceri.
1298 903 1532 964 Invitus
1564 903 1725 977 dico,
1755 903 1870 963 sed
1893 905 2216 965 dicendum

135 997 251 1049 est.
335 988 528 1049 Hasta
557 985 869 1057 CaesariS,
911 995 1118 1061 patres
1162 986 1529 1062 conscripti,
1574 987 1777 1047 multis
1820 986 2118 1061 improbis
2161 997 2218 1049 et

135 1087 312 1147 spem
354 1071 553 1131 adfert
593 1079 654 1130 et
695 1068 1038 1130 audaciam.
1126 1070 1427 1131 Viderunt
1461 1069 1622 1130 enim
1652 1086 1732 1131 ex
1758 1069 2057 1130 mendicis
2086 1070 2218 1130 fieri

132 1164 389 1229 repente
434 1154 687 1214 divites=
745 1154 949 1228 itaque
995 1169 1241 1229 semper
1283 1154 1517 1214 hastam
1567 1155 1775 1214 videre
1831 1153 2088 1229 cupiunt
2157 1153 2216 1226 ii,

136 1238 244 1313 qui
290 1237 518 1299 nostris
558 1236 740 1297 bonis
781 1236 1124 1297 imminentz
1173 1236 1398 1311 quibus
1435 1236 1638 1297 omnia
1673 1240 1992 1313 pollicetur
2025 1241 2212 1300 Anto·
2258 1273 2261 1276 ι

133 1321 304 1383 nius..
386 1320 484 1382 10.
529 1319 686 1392 Quid
726 1327 886 1380 nos?
939 1319 1167 1381 nostris
1210 1319 1582 1381 exercitibus
1628 1322 1775 1395 quid
1817 1321 2221 1396 pollicemur?

131 1405 328 1466 Multo
371 1402 623 1463 meliora
663 1412 848 1478 atque
888 1402 1141 1464 maiora.
1231 1403 1544 1465 Scelerum
1585 1403 1746 1463 enim
1790 1406 2117 1478 promissio
2159 1416 2221 1465 et

133 1489 245 1559 iis,
300 1488 402 1561 qui
452 1494 846 1561 exspectant,
903 1485 1249 1561 perniciosa
1293 1496 1389 1547 est
1429 1495 1488 1547 et
1527 1486 1636 1559 iis,
1693 1486 1800 1559 qui
1851 1488 2222 1562 promittunt.

131 1571 268 1634 Nos
290 1570 626 1630 libertatem
652 1568 878 1630 nostris
902 1569 1208 1643 militibus,
1242 1572 1432 1645 leges,
1462 1569 1610 1641 iura,
1632 1568 1878 1642 iudicia,
1900 1569 2222 1644 imperium

136 1653 309 1715 orbis
337 1661 566 1725 terrae,
606 1653 974 1728 dignitatem,
1011 1669 1242 1727 pacem,
1289 1653 1478 1714 otium
1511 1652 1886 1728 pollicemur.
1974 1654 2222 1714 Antonii

132 1737 319 1812 igitur
347 1736 656 1812 promissa
687 1744 967 1808 cruenta,
1014 1745 1231 1809 taetra,
1268 1737 1584 1806 scelerata,
1618 1735 1714 1796 dis
1750 1734 2224 1811 hominibusque

135 1820 358 1894 invisa,
405 1836 522 1881 nec
571 1820 855 1880 diuturna
907 1834 1025 1886 nec
1076 1819 1400 1880 salutaria:
1461 1829 1669 1880 nostra
1706 1828 1919 1879 contra
1945 1818 2223 1891 honesta,

135 1903 394 1979 integra,
426 1903 714 1980 gloriosa,
748 1904 928 1978 plena
957 1901 1240 1974 laetitiae,
1274 1904 1454 1978 plena
1482 1902 1748 1985 pietatis.

267 1988 370 2047 IV.
400 1987 500 2048 11.
543 1986 657 2047 Hic
699 1987 844 2047 mihi
886 1986 1067 2047 etiam
1099 1987 1166 2060 Q.
1197 1985 1442 2060 Fufius,
1486 1985 1580 2045 vir
1608 1985 1782 2046 sortis
1814 2002 1886 2045 ac
1918 1996 2227 2059 sirenum,

137 2071 378 2132 amicus
409 2087 611 2140 meuS‚
644 2069 815 2144 pacis
845 2070 1165 2130 commoda
1197 2068 1650 2130 commemorat.
1739 2069 1926 2142 Quasi
1957 2086 2140 2142 vero,
2171 2069 2227 2130 si

134 2154 453 2214 laudanda
489 2169 610 2226 pax
644 2162 828 2225 essct,
861 2168 977 2228 ego
1010 2153 1071 2211 id
1101 2169 1303 2228 aeque
1333 2153 1657 2221 commode
1688 2153 1891 2213 facere
1921 2169 2044 2212 non
2078 2170 2222 2228 pos-

86 2249 89 2252 ’
143 2253 299 2298 sem.
368 2235 571 2296 Semel
601 2233 760 2295 enim
794 2252 1006 2311 pacem
1036 2230 1339 2296 defendi?
1374 2252 1497 2296 non
1534 2251 1781 2311 semper
1812 2235 1940 2297 otio
1980 2235 2229 2296 studuit*

140 2321 315 2395 quod
369 2335 556 2394 quum
605 2319 889 2380 omnibus
942 2318 1121 2379 bonis
1159 2316 1305 2377 utile
1334 2325 1504 2378 esset
1520 2327 1661 2380 tum
1686 2320 2016 2395 praecipue
2059 2319 2227 2379 mihi.

135 2404 336 2478 Quem
378 2402 537 2463 enim
580 2419 825 2464 cursum
867 2402 1167 2464 industria
1211 2418 1348 2462 mea
1387 2412 1594 2463 tenere
1635 2402 1942 2478 potuisset
1970 2405 2101 2464 sine
2134 2405 2222 2463 lo-

133 2485 429 2552 rensibus
463 2487 699 2559 causiS‚
741 2486 874 2547 sine
910 2486 1182 2562 legibuS,
1224 2486 1359 2547 sine
1388 2485 1674 2546 iudiciis?
1728 2504 1887 2561 quae
1928 2504 2071 2548 esse
2101 2505 2224 2547 non

136 2578 409 2646 possunt
442 2568 603 2629 civili
636 2585 790 2644 pace
822 2569 1079 2630 sublata.
1142 2569 1241 2630 12.
1289 2568 1413 2630 Sed
1448 2586 1704 2645 quaeso,
1741 2570 1994 2643 Calene,
2037 2569 2231 2645 quid?

136 2662 209 2714 tu
258 2652 608 2715 servitutem
664 2669 877 2728 pacem
927 2659 1167 2713 vocas?
1248 2653 1515 2713 Maiores
1568 2652 1815 2729 quidem
1862 2655 2058 2713 nostri
2102 2669 2228 2712 non

138 2737 351 2810 modo,
381 2745 447 2797 ut
462 2735 638 2795 liberi
669 2745 895 2810 essent,
931 2737 1044 2797 sed
1076 2736 1278 2809 etiam,
1305 2745 1372 2798 ut
1399 2736 1784 2812 imperarent,
1820 2751 1990 2795 arma
2021 2734 2197 2810 capis

139 2821 324 2881 bant:
364 2827 430 2880 tu
459 2837 627 2880 arma
656 2819 997 2881 abiicienda
1022 2837 1262 2895 censes,
1292 2827 1359 2880 ut
1387 2820 1747 2880 serviamus
1839 2819 2004 2892 Quae
2037 2835 2231 2879 causa

139 2902 365 2965 iustior
406 2911 504 2964 est
540 2903 685 2965 belli
730 2903 1000 2979 gerendi,
1029 2921 1211 2979 quam
1254 2901 1566 2965 servitutis
1608 2902 1939 2978 depulsio?
1996 2901 2056 2961 in
2104 2919 2230 2978 qua

143 2985 325 3047 etiam
372 2986 428 3046 si
468 3004 589 3048 non
638 2988 716 3048 sit
755 2990 1049 3053 molestus
1095 2987 1410 3060 dominuS,
1454 2997 1656 3049 tamen
1700 2995 1796 3048 est
1823 2985 2228 3049 miserrimum

143 3087 374 3147 posse,
424 3069 478 3130 si
509 3070 672 3133 velit.
759 3073 947 3132 Immo
979 3071 1135 3132 aliae
1164 3088 1392 3133 causae
1422 3071 1651 3144 iustae,
1684 3071 1838 3132 haec
1875 3070 2233 3132 necessaria

143 3161 262 3214 est.
320 3152 451 3213 Nisi
481 3154 636 3215 forte
664 3156 743 3215 ad
772 3164 830 3216 te
859 3158 977 3217 hoc
1008 3173 1129 3216 non
1155 3164 1334 3231 putas
1361 3154 1684 3231 pertinere,
1718 3156 1885 3229 quod
1908 3163 1967 3217 te
1991 3155 2232 3216 socium

145 3239 280 3299 fore
323 3253 540 3314 speras
589 3238 1019 3302 dominationis
1049 3239 1318 3301 Antonii.
1403 3241 1471 3298 In
1518 3255 1639 3314 quo
1680 3238 1778 3300 bis
1809 3239 2061 3299 laberis=
2106 3239 2233 3313 pri-
2335 3305 2338 3308 ,

142 3339 310 3383 mum
363 3321 533 3397 quod
584 3331 720 3384 tuas
768 3323 1038 3386 rationes
1094 3321 1517 3385 communibus
1576 3322 1944 3398 interponis:
2005 3320 2232 3380 deinde

147 3407 317 3479 quod
363 3403 699 3482 quidquam
740 3408 956 3470 stabile
987 3416 1091 3468 aut
1118 3407 1448 3468 iucundum
1478 3405 1536 3466 in
1566 3423 1758 3481 regno
1791 3414 1988 3481 putas.
2073 3403 2232 3476 Non,

147 3487 205 3549 si
249 3488 362 3548 tibi
408 3496 586 3549 antea
625 3489 884 3566 profuit,
938 3507 1183 3566 semper
1230 3488 1519 3566 proderit.
1610 3487 1707 3549 13.
1751 3487 1902 3562 Quin
1936 3485 2112 3546 etiam
2149 3483 2228 3544 de

146 3568 256 3632 illo
290 3571 536 3633 homine
568 3574 737 3650 queri
770 3575 1049 3636 solebas:
1096 3573 1244 3650 quid
1274 3581 1334 3634 te
1366 3574 1661 3632 facturum
1690 3572 1769 3635 de
1799 3572 1977 3630 belua
2008 3573 2231 3642 putas}

233 3670 347 3715 cxc.
381 3655 457 3715 11.
492 3664 545 3718 3.
1742 3653 1824 3712 26
