2514 3928
288 228 413 293 233
756 227 906 288 PRO
936 229 1002 286 T.
1036 225 1271 286 ANNJO
1300 224 1591 285 MILONE
1628 226 1934 288 ORA‘no.
2305 237 2381 289 14

289 368 501 441 ra‘bilia
526 381 764 439 suerunt
790 380 918 438 illa:
951 380 1012 437 P.
1038 377 1233 439 Clodii
1266 388 1518 439 mortem
1543 375 1744 453 'aequo
1769 380 1972 442 animo
2002 383 2163 443 serre
2190 399 2387 444 nemo

291 470 512 539 potest.
599 463 793 537 Luget
834 472 1116 537 senatus,
1159 471 1390 522 maeret
1436 468 1728 536 equester
1761 461 1946 535 ordo,
1990 468 2116 523 tota
2147 461 2380 524 civitas

289 548 572 606 conlecta
606 548 780 606 senio
817 555 928 619 cst,
961 547 1247 621 squalent
1275 544 1623 618 municipia,
1648 542 2040 605 adflictantur
2065 545 2377 618 coloniae,

288 629 419 707 agri
461 629 727 704 denique
757 629 874 705 ipsi
914 638 1033 691 tam
1066 630 1435 699 beneficum,
1495 643 1615 688 tam
1643 629 2000 703 salutarem,
2047 637 2168 689 tam
2199 646 2378 689 man-

290 722 528 775 suetum
572 712 768 775 civem
812 712 1179 773 desiderant.
1269 712 1369 774 21.
1413 712 1546 772 Non
1583 709 1691 771 suit
1723 727 1798 771 ea
1841 727 2059 785 causa,
2105 711 2377 781 iudices,

289 800 589 875 profecto,
613 813 735 858 non
787 799 893 857 suit
936 814 1044 856 cur
1085 794 1200 854 sibi
1242 802 1526 856 censeret
1566 793 1894 869 Pompeius
1939 795 2375 871 quaestionem

175 896 196 902 ’
291 883 631 954 serendam,
677 882 789 942 sed
844 882 1026 940 homo
1072 880 1323 954 sapiens
1367 888 1551 954 atque
1595 880 1716 939 alta
1751 886 1811 938 et
1845 878 2052 939 divina
2099 881 2375 954 quadam

288 974 487 1024 mente
530 966 838 1038 praeditus
881 965 1065 1025 multa
1111 962 1290 1023 vidit=
1335 965 1526 1022 fuisse
1569 962 1735 1023 illum
1773 958 1889 1022 sibi
1920 960 2246 1037 inimicum,
2281 965 2373 1023 fa-

289 1047 580 1107 miliarem
602 1047 919 1108 Milonem:
944 1047 1003 1106 in
1028 1046 1335 1107 communi
1360 1048 1626 1108 omnium
1654 1042 1896 1120 laetitIa,
1929 1044 1983 1106 si
2013 1044 2194 1108 etiam
2226 1047 2375 1122 ipse

287 1131 612 1207 gauderet,
674 1131 865 1192 timuit
904 1147 981 1190 ne
1022 1129 1333 1192 videretur
1372 1128 1667 1190 infirmior
1717 1129 1873 1189 fides
1931 1130 2373 1192 reconciliatae

288 1212 549 1289 gratiae=
579 1216 761 1274 multa
780 1214 955 1275 etiam
972 1215 1090 1274 alia
1105 1214 1270 1283 vidit,
1293 1215 1405 1274 sed
1428 1215 1571 1275 illud
1597 1213 1875 1287 maxime,
1905 1214 2183 1289 quamvis
2204 1223 2368 1274 atro·

297 1298 439 1358 titel·
478 1297 613 1371 ipse
662 1299 928 1370 tulisset,
984 1316 1097 1358 vos
1146 1305 1344 1359 tamen
1388 1298 1621 1358 sortiter
1654 1297 2049 1358 iudicaturos.
2149 1299 2367 1374 ltaque

295 1381 610 1456 delegitex
627 1381 1078 1444 florentissimis
1125 1381 1440 1443 ordinibus
1486 1381 1623 1456 ipsa
1656 1379 1912 1454 lumina,
1958 1398 2163 1455 neque
2195 1399 2356 1456 vero,

225 1529 230 1533 ,
288 1467 451 1540 quod
479 1482 599 1526 non
627 1467 771 1526 nulli
796 1466 1083 1539 dictitant,
1110 1467 1374 1526 secrevit
1396 1466 1455 1524 in
1489 1464 1790 1525 iudicibus
1821 1464 2096 1540 legendis
2129 1465 2363 1527 amicos

291 1564 478 1611 meos.
564 1550 778 1625 Neque
820 1551 979 1611 euim
1014 1551 1129 1609 hoc
1163 1550 1451 1624 cogitavit
1485 1548 1575 1607 vir
1606 1548 2009 1621 iustissimus,
2055 1566 2255 1624 neque
2300 1550 2363 1610 in

284 1631 463 1693 bonis
491 1631 634 1693 viris
674 1633 946 1710 legendis
976 1633 1039 1693 id
1071 1633 1332 1708 adsequi
1365 1631 1694 1707 potuisset,
1736 1630 1917 1694 etiam
1964 1631 2017 1692 si
2062 1632 2361 1707 cupisset.

284 1715 415 1777 Non
442 1716 603 1776 enim
625 1734 759 1777 mea
783 1716 976 1791 gratia
1001 1715 1502 1777 familiaritatibus
1527 1717 1889 1790 continetur,
1923 1734 2082 1792 quac
2106 1718 2226 1777 late
2251 1734 2363 1792 pa-

284 1809 414 1863 tere
446 1814 569 1858 non
604 1810 894 1874 possunt,
939 1807 1263 1874 propterea
1294 1800 1459 1876 quod
1492 1801 1969 1862 consuetudines
2008 1801 2203 1861 victus
2235 1818 2364 1862 non

283 1889 548 1960 possunt
574 1899 718 1944 esse
748 1899 885 1944 cum
921 1882 1152 1944 multis:
1185 1884 1317 1958 scd,
1351 1883 1404 1944 si
1435 1883 1582 1959 quid
1615 1900 1968 1960 possumuS,
1999 1901 2076 1944 cx
2105 1901 2180 1944 eo
2213 1902 2363 1960 pos-

286 1984 520 2042 sumne,
547 1968 715 2043 quod
745 1984 846 2032 res
876 1969 1119 2044 publica
1148 1986 1263 2029 nos
1290 1969 1604 2031 coniunxit
1633 1986 1769 2031 cum
1791 1967 2003 2030 bonis=
2032 1986 2113 2030 ex
2136 1970 2363 2043 quibus

283 2050 383 2111 ille
409 2069 593 2126 quum
624 2051 888 2125 optimos
908 2052 1075 2113 viros
1110 2054 1339 2128 legeret
1369 2052 1554 2128 idque
1585 2053 1845 2114 maxime
1875 2054 1956 2113 ad
1978 2053 2160 2114 fidem
2182 2070 2362 2115 suam

284 2135 584 2209 pertinere
613 2134 1031 2212 arbitraretur,
1072 2154 1191 2196 non
1238 2136 1432 2211 potuit
1472 2138 1676 2210 legere
1719 2155 1842 2199 non
1878 2136 2194 2198 studiosos
2219 2138 2362 2199 mei.

279 2215 383 2279 22.
414 2218 589 2292 Quod
615 2236 760 2280 vero
785 2227 861 2292 te,
893 2221 956 2280 L.
981 2183 1219 2292 Domiti,
1244 2221 1384 2280 huic
1411 2222 1755 2295 quaestioni
1781 2237 2076 2298 praeesse
2097 2220 2362 2281 maxime

285 2302 503 2375 voluit,
535 2302 683 2362 nihil
712 2302 1015 2378 quaesivit
1042 2305 1209 2364 aliud
1245 2304 1361 2364 nisi
1397 2305 1705 2378 iustitiam,
1740 2304 2115 2381 gravitatem,
2147 2305 2359 2367 huma-

286 2383 562 2460 nitatem,
605 2387 807 2447 fidem.
892 2387 1050 2449 Tulit
1081 2396 1145 2449 ut
1180 2392 1568 2450 consularem
1601 2406 1862 2451 necesse
1903 2396 2101 2449 esset=
2149 2390 2355 2460 crede,

284 2470 451 2545 quod
509 2468 853 2547 principum
901 2489 1121 2533 munus
1176 2489 1320 2533 esse
1373 2473 1637 2535 ducebat
1691 2472 1980 2534 resistere
2025 2480 2086 2533 et
2128 2471 2362 2533 levitati

283 2552 681 2616 multitudinis
724 2565 784 2617 et
827 2555 1203 2632 perditorum
1263 2556 1601 2619 temeritati.
1700 2559 1794 2617 Ex
1829 2555 2254 2617 consularibus
2298 2564 2361 2616 te

280 2638 514 2700 creavit
545 2638 962 2716 potissimum=
998 2641 1262 2702 dederas
1296 2641 1455 2702 enim
1493 2659 1672 2718 quam
1701 2648 2127 2702 contemneres
2161 2656 2361 2715 popu-

280 2724 442 2785 lares
472 2722 744 2785 insanias
774 2724 894 2785 iam
924 2725 1001 2786 ab
1033 2724 1452 2786 adolescentia
1495 2727 1863 2786 documenta
1888 2723 2171 2784 maxima.
2255 2723 2359 2788 IX.
2420 2780 2445 2794 ,

279 2805 382 2872 23.
415 2808 606 2880 Quam
640 2809 718 2870 ob
750 2826 906 2882 rem,
941 2807 1208 2880 iudiceS‚
1254 2815 1320 2868 ut
1352 2807 1682 2883 aliquando
1714 2809 1794 2870 ad
1824 2824 2075 2869 causam
2103 2807 2360 2868 crimen-

283 2907 405 2965 que
442 2891 788 2965 veniamuS,
835 2893 889 2953 si
932 2908 1134 2968 neque
1167 2890 1365 2952 omnis
1399 2892 1712 2954 consessio
1749 2891 1887 2953 lacti
1924 2897 2021 2952 est
2053 2890 2360 2965 inusitata,

281 2989 485 3048 neque
525 2975 605 3035 de
651 2992 841 3037 causa
873 2985 1081 3036 nostra
1128 2974 1464 3049 quidquam
1507 2977 1681 3038 aliter
1719 2994 1792 3036 ac
1834 2991 1950 3035 nos
1981 2976 2276 3036 vellemus
2318 2992 2363 3035 a

280 3064 499 3118 senatu
528 3057 858 3119 iudicatum
890 3067 1001 3130 est,
1036 3067 1096 3119 et
1126 3060 1281 3118 lator
1318 3056 1455 3134 ipse
1482 3060 1655 3136 legiS,
1687 3076 1873 3136 quum
1907 3064 2077 3119 esset
2116 3067 2358 3120 contro·

285 3138 490 3201 versia
530 3142 697 3203 nulla
728 3142 902 3218 sacti,
943 3139 1093 3202 iuris
1125 3150 1323 3202 tamen
1355 3141 1861 3219 disceptationem
1890 3158 2035 3202 esse
2063 3142 2362 3205 voluitet

287 3220 345 3280 ei
368 3219 510 3281 lecti
530 3218 806 3282 iudices
790 3237 973 3297 isque
1005 3227 1102 3282 est
1126 3221 1521 3298 praepositus
1560 3220 1924 3296 quaestioni,
1959 3221 2066 3298 qui
2087 3216 2276 3282 haec
2258 3235 2347 3281 ιιι

282 3311 378 3365 ste
402 3303 841 3381 sapienterque
862 3305 1186 3403 disceptet,
1218 3306 1520 3381 reliquum
1543 3314 1652 3376 est,
1679 3304 1930 3378 iudiceS,
1966 3311 2036 3368 ut
2055 3301 2243 3366 nihil
2226 3317 2346 3364 iam

285 3404 587 3462 quaerere
613 3388 777 3450 aliud
817 3390 1093 3452 debeatis
1129 3389 1245 3452 nisi
1283 3397 1417 3452 uter
1453 3389 1567 3451 utri
1588 3386 1841 3451 insidias
1866 3387 2100 3452 fecerit.
2166 3385 2349 3464 Quod
