2514 3928
148 195 232 258 28
763 193 911 258 PRO
941 196 1003 256 P.
1035 195 1300 257 SESTlo
1334 194 1638 257 ORATm.

153 348 305 409 datie
357 348 577 423 quibus
609 345 835 408 utinam
865 347 1019 422 ipsis
1055 347 1408 409 evenissent
1440 364 1541 420 ca,
1596 362 1753 422 quae
1786 355 1908 407 tum
1939 345 2217 410 homines

155 432 588 508 precabantur!
635 447 838 505 neque
872 447 988 492 nos
1017 431 1393 507 provinciam
1423 431 1845 491 Macedoniam
1876 446 2014 491 cum
2044 448 2217 492 exer·

155 516 277 577 citu
306 531 507 590 neque
538 514 868 591 equitatum
901 515 961 574 in
992 514 1174 592 Syria
1213 523 1274 576 et
1308 515 1591 575 cohortes
1628 514 1886 588 optimas
1918 514 2220 589 perdidis-

156 615 383 661 semus,
477 594 575 659 72.
617 599 832 659 Ineunt
863 597 1274 674 magistratum
1299 597 1522 658 tribuni
1546 598 1763 674 plebis.
1806 598 1978 672 Quod
2006 615 2219 659 omnes

156 698 225 743 se
247 683 326 742 de
354 698 449 741 me
473 682 961 758 promulgaturos
985 683 1436 748 confirmarant,
1487 694 1566 739 ex
1593 682 1668 741 iis
1693 681 1983 757 princeps
2008 674 2222 743 emit'ur

155 768 232 826 ab
262 765 523 828 inimicis
552 765 723 839 meiS,
755 765 838 837 is,
874 782 1052 839 quem
1082 764 1361 826 homines
1393 766 1450 825 in
1484 765 1648 826 luctu
1682 763 2004 826 irridentes
2035 764 2219 826 Grae·

158 852 333 910 chum
366 850 696 910 vocabant:
730 848 1014 924 quoniam
1045 848 1109 908 id
1140 847 1319 909 etiam
1352 850 1534 909 satum
1566 847 1828 909 civitatis
1861 848 1997 923 fuit,
2030 848 2223 908 utilia

156 950 234 993 ex
268 932 616 1007 vepreculis
659 940 929 993 extracta
960 932 1225 992 nitedula
1254 949 1381 991 rem
1425 931 1728 1007 publicam
1766 939 2086 992 conaretur
2115 932 2220 992 ad-

155 1016 396 1076 rodere.
452 1017 624 1076 Alter
650 1031 832 1088 vero,
869 1032 987 1075 non
1019 1014 1121 1075 ille
1151 1014 1451 1076 Serranus
1484 1016 1560 1075 ab
1590 1022 1821 1088 aratro,
1861 1016 1970 1076 sed
2008 1031 2084 1075 cx
2118 1016 2221 1075 de-

158 1106 320 1159 serto
346 1098 514 1158 Gavii
541 1098 769 1159 Ofellae
797 1098 972 1160 horto
997 1097 1209 1160 calatis
1231 1096 1438 1159 Gaviis
1468 1099 1527 1158 in
1557 1097 1861 1160 Calatinos
1883 1097 2101 1158 Atilios
2133 1098 2221 1157 in·

159 1184 343 1256 situs,
384 1181 618 1253 subito,
663 1180 1008 1243 nominibus
1038 1181 1098 1242 in
1129 1182 1369 1243 tabulas
1399 1181 1637 1256 relatis,
1680 1198 1899 1242 nomen
1934 1197 2108 1241 suuni
2142 1179 2221 1241 de

160 1267 360 1326 tabula
394 1265 655 1327 sustulit.
723 1265 993 1327 Veniunt
1019 1266 1335 1326 Kalendae
1365 1265 1712 1326 Ianuariae=
1770 1281 1884 1325 vos
1899 1265 2066 1324 -baec
2098 1279 2220 1324 me·

161 1348 275 1410 tius
301 1349 460 1409 scire
482 1351 771 1424 potestis=
802 1349 1082 1425 equidem
1108 1348 1315 1410 audita
1339 1348 1509 1409 dico:
1543 1365 1701 1424 quae
1729 1357 1853 1409 tum
1884 1348 2222 1423 frequentia

159 1440 439 1506 senatuS,
481 1450 640 1508 quae
679 1433 1056 1508 exspectatio
1092 1432 1335 1508 populi,
1379 1431 1485 1507 qui
1516 1446 1855 1493 concursus
1890 1433 2223 1505 legatorum

160 1533 235 1575 ex
268 1514 436 1576 Italia
467 1525 715 1589 cuncta,
760 1532 919 1589 quae
951 1516 1173 1590 virtuS,
1204 1516 1396 1590 actio,
1431 1515 1697 1591 gravitas
1720 1515 1782 1574 P.
1813 1514 2047 1575 Lentuli
2078 1530 2221 1574 con·

160 1600 310 1659 sulis
342 1599 544 1668 suerit,
589 1616 749 1672 quae
779 1599 957 1657 etiam
991 1601 1263 1675 collegae
1293 1599 1428 1660 eius
1454 1599 1790 1660 moderatio
1826 1600 1904 1659 de
1936 1614 2058 1658 me:
2120 1595 2223 1672 qui

162 1698 344 1755 quum
376 1680 716 1742 inimicitias
740 1679 857 1741 sibi
885 1698 1121 1742 mecum
1145 1699 1223 1742 ex
1250 1682 1340 1741 rei
1371 1682 1651 1757 publicae
1672 1680 2062 1743 dissensione
2086 1698 2222 1743 sus·

162 1771 374 1838 ceptas
419 1778 561 1824 esse
604 1763 891 1836 dixisset,
957 1781 1067 1826 eas
1108 1782 1179 1826 se
1219 1766 1493 1841 patribus
1538 1764 1902 1840 conscriptis
1968 1765 2120 1825 dixit
2164 1773 2223 1854 et

160 1846 535 1920 temporibus
568 1847 653 1907 rei
686 1847 962 1921 publicae
997 1849 1451 1925 permissurum

328 1929 593 1989 XXXIV.
641 1929 738 1994 73.
784 1933 929 1992 Tum
964 1932 1250 2009 princeps
1281 1940 1531 2009 rogatus
1564 1932 1924 1994 sententiam
1954 1934 2019 1993 L.
2054 1933 2223 1993 Cotta

162 2012 315 2073 dixit
340 2011 424 2084 id,
457 2015 622 2088 quod
655 2015 1076 2090 dignissimum
1099 2034 1166 2078 re
1190 2017 1435 2092 publica
1459 2016 1594 2090 suit,
1629 2017 1771 2076 nihil
1803 2018 1880 2077 de
1903 2033 2002 2076 me
2023 2024 2223 2077 actum

161 2113 304 2157 esse
349 2095 509 2170 iure,
561 2096 706 2157 nihil
750 2115 917 2159 more
967 2100 1293 2172 maiorum,
1355 2100 1503 2160 nihil
1546 2099 1813 2175 legibus:
1862 2116 1985 2160 non
2033 2115 2226 2175 posse
2271 2131 2274 2136 ·

163 2195 532 2255 quemquam
558 2181 636 2242 de
663 2181 903 2244 civitate
933 2182 1059 2244 tolli
1091 2184 1225 2245 sine
1252 2184 1515 2245 iudicio=
1546 2184 1623 2243 de
1652 2183 1853 2259 capite
1883 2200 2005 2244 non
2036 2184 2222 2244 modo

161 2261 334 2335 ferri,
366 2264 478 2323 sed
508 2281 585 2325 ne
617 2264 869 2325 iudicari
901 2268 1147 2341 quidem
1180 2283 1369 2342 posse
1394 2268 1509 2327 nisi
1542 2267 1802 2328 comitiis
1840 2266 2221 2328 centuriatisz

163 2347 283 2406 vim
319 2345 512 2407 ruisse
549 2347 741 2421 illam,
778 2346 1082 2409 flammam
1116 2360 1445 2425 quassatae
1472 2350 1558 2410 rei
1592 2351 1873 2426 publicae
1909 2350 2222 2426 perturba·

162 2439 484 2504 torumque
516 2438 852 2506 temporum
889 2432 1018 2493 iure
1049 2432 1419 2508 iudiciisque
1450 2433 1736 2495 sublatis:
1770 2450 1989 2510 magna
2020 2450 2224 2493 rerum

160 2512 611 2588 permutatione
654 2515 1044 2590 impendente
1086 2516 1433 2577 declinasse
1462 2531 1558 2576 me
1594 2518 1864 2592 paullum
1897 2526 1957 2579 et
1984 2532 2098 2592 spe
2126 2533 2222 2575 re·

160 2597 366 2672 liquae
404 2597 849 2674 tranquillitatis
884 2608 1243 2674 praesentes
1286 2598 1511 2661 fluctus
1554 2597 2099 2676 tempestatemque
2127 2600 2223 2659 fu·

161 2680 359 2754 gisse=
408 2700 529 2757 qua
571 2700 668 2756 re,
704 2699 888 2758 quum
925 2683 1152 2744 absens
1179 2699 1307 2743 rem
1351 2682 1655 2758 publicam
1699 2700 1820 2744 non
1866 2683 2065 2744 minus
2095 2699 2224 2742 ma-

161 2763 297 2836 gnis
333 2767 622 2840 periculis
667 2783 846 2841 quarn
885 2766 1151 2843 quodam
1191 2774 1468 2841 tempore
1511 2782 1808 2841 praesens
1846 2768 2223 2840 liberassem,

163 2863 283 2907 non
336 2848 566 2909 restitui
603 2867 699 2909 me
739 2851 970 2923 solum,
1023 2851 1135 2912 sed
1178 2850 1356 2911 etiam
1400 2849 1602 2911 ornari
1652 2867 1688 2911 a
1732 2858 1949 2912 senatu
1979 2852 2224 2911 decere.

161 2928 508 3027 Qisputavit
537 2933 713 2992 etiam
761 2935 945 2995 multa
982 2934 1338 3009 prudenter,
1383 2933 1461 2994 ita
1499 2935 1575 2993 de
1609 2951 1707 2993 rne
1742 2934 1907 2995 illum
1936 2932 2223 2995 amentis-

163 3012 380 3112 simum
414 3024 475 3076 et
497 3014 1058 3091 profligatissimum
1082 3016 1318 3079 hostem
1343 3016 1604 3091 pudoris
1626 3024 1686 3079 et
1706 3016 2035 3093 pudicitiae
2076 3016 2223 3077 scri-

163 3091 371 3173 psisse
396 3115 554 3174 quae
583 3098 982 3175 scripsisset,
967 3100 1042 3162 iis
1073 3100 1294 3173 verbiS,
1326 3101 1531 3176 rebuS,
1561 3101 1898 3176 sentcntiiS,
1931 3108 2013 3174 ut,
2045 3100 2224 3160 etiam

163 3180 214 3239 si
245 3179 376 3242 iure
411 3189 579 3243 esset
609 3193 918 3259 rogatum,
955 3194 1150 3246 tamen
1180 3184 1304 3244 vim
1327 3185 1555 3245 habere
1576 3201 1698 3246 non
1722 3193 1966 3261 possets
2002 3200 2124 3259 qua
2157 3199 2226 3243 re

162 3281 288 3336 me,
323 3264 427 3340 qui
460 3268 624 3327 nulla
656 3269 791 3344 lege
821 3269 1133 3338 abessem,
1178 3284 1299 3327 non
1328 3267 1563 3330 restitui
1593 3269 1759 3344 lege,
1803 3268 1913 3329 sed
1944 3264 2224 3328 revocari

165 3356 418 3409 senatus
450 3350 808 3412 auctoritate
841 3361 1142 3426 oportere.
1215 3350 1315 3414 74.
1357 3352 1533 3413 Hune
1560 3367 1740 3413 nemo
1774 3361 1901 3413 erat
1944 3348 2090 3427 quin
2124 3364 2224 3408 ve·

160 3430 404 3493 rissime
434 3432 657 3494 sentire
692 3433 939 3495 diceret.
1001 3433 1123 3495 Sed
1156 3445 1300 3510 post
1332 3453 1468 3496 eum
1497 3444 1747 3512 rogatus
1773 3434 1877 3496 Cn.
1895 3433 2225 3512 Pompeius
