2514 3928
223 279 346 347 180
774 278 919 338 PRO
953 278 1066 338 CN.
1100 273 1424 336 PLANCIO
1456 271 1763 335 ORATIO.
2227 279 2300 334 82

225 447 487 495 necesse
517 437 614 490 est
640 428 899 503 graduse
946 429 1125 489 cedat
1158 425 1467 488 consulari
1497 426 1705 501 generi
1741 421 2111 500 praetorium
2188 439 2304 484 nec

225 515 555 578 contendat
594 528 729 572 cum
773 511 1082 588 praetorio
1134 509 1379 572 nomine
1428 516 1718 585 equester
1765 511 1961 568 iocus.
2052 505 2307 579 Sublata

227 606 369 662 sunt
403 595 635 669 studia,
673 593 1011 656 exstinctae
1045 592 1549 670 suffragationeS,
1605 592 1807 652 nullae
1857 589 2304 662 contentiones,

227 684 405 744 nulia,
435 682 679 741 libertas
711 677 923 761 popuii
973 677 1031 739 in
1079 676 1441 739 mandandis
1469 672 1948 750 magistratibus,
1985 674 2167 743 ¹nulla
2199 689 2299 732 ex·

230 765 525 843 spectatio
559 761 1022 839 suffragiorum:
1075 761 1252 835 nihil,
1296 768 1362 821 ut
1390 760 1748 836 plerumque
1776 757 2010 830 evenit,
2064 764 2309 832 praeter

233 849 581 926 opinionem
635 847 900 909 accidet=
950 847 1115 907 nulla
1165 845 1279 904 erit
1322 843 1578 919 posthac
1608 842 1872 902 varIetas
1906 839 2310 900 comitiorum.

230 938 334 1000 Sin
362 938 481 1000 hoc
507 950 812 1012 persaepe
823 931 1060 1001 accidit,
1086 939 1155 991 ut
1177 939 1239 991 et
1251 930 1454 990 factos
1467 926 1716 1002 aliquos
1740 933 1938 985 etnon
1956 924 2157 981 factos
2177 935 2326 979 esse

232 1021 539 1089 miremur,
577 1018 631 1078 si
662 1033 916 1092 campus
949 1022 1138 1090 atque
1175 1012 1320 1079 illae
1357 1012 1564 1074 undae
1592 1007 2011 1074 comitiorum,
2052 1011 2125 1065 ut
2155 1017 2327 1062 mare

232 1105 609 1181 profundum
656 1109 718 1162 et
759 1101 1151 1168 immensum,
1207 1097 1302 1160 sic
1343 1096 1769 1158 effervesount
1823 1090 2092 1167 quodam
2138 1086 2326 1162 quasi

231 1182 428 1255 aestu,
465 1194 529 1246 ut
558 1186 637 1249 ad
663 1183 1160 1271 aliosgccedant,
1190 1181 1270 1242 ab
1294 1177 1432 1241 aliis
1454 1186 1658 1241 autem
1687 1176 2001 1245 recedant,
2035 1179 2237 1234 tamen
2262 1169 2321 1230 in

239 1281 403 1334 tanto
438 1287 554 1331 nos
589 1270 815 1344 impetu
845 1266 1186 1329 studiorum
1226 1273 1290 1326 et
1328 1273 1497 1325 motu
1532 1261 1883 1324 temeritatis
1929 1260 2175 1329 modum
2206 1260 2315 1318 ali-

242 1371 422 1431 quem
456 1362 517 1414 et
551 1350 868 1413 consilium
901 1350 1285 1412 etrationem
1312 1346 1739 1423 requiremus?
1809 1343 1910 1406 16.
1935 1342 2066 1417 Qua
2092 1359 2160 1402 re
2190 1338 2315 1401 noli

240 1456 337 1499 me
366 1439 444 1497 ad
482 1433 932 1497 contentionem
963 1442 1236 1508 vestrum
1274 1448 1513 1505 vocare,
1540 1427 1905 1491 Laterensis,
1992 1424 2229 1487 Etenim
2264 1421 2318 1482 si

243 1523 473 1598 populo
503 1527 674 1597 grata
710 1527 806 1581 est
853 1520 1101 1589 tabella,
1126 1535 1287 1594 quae
1318 1518 1548 1577 frontes
1573 1513 1769 1590 aperit
1795 1509 2127 1586 hominum,
2149 1523 2320 1569 men·

246 1612 335 1666 tes
373 1603 519 1679 tegit
546 1605 776 1679 datque
805 1610 947 1663 'eam
984 1601 1347 1674 libertatem,
1378 1607 1443 1660 ut
1474 1599 1643 1674 quod
1678 1597 1865 1659 velint
1894 1597 2146 1670 iaciant,
2179 1611 2322 1672 pro-

242 1689 475 1750 mittant
509 1695 712 1757 autem
744 1687 912 1760 quod
939 1694 1257 1760 rogentur,
1290 1693 1399 1746 cur
1428 1692 1489 1745 tu
1531 1682 1593 1744 id
1632 1681 1689 1743 in
1721 1680 1945 1743 iudicio
1983 1688 2048 1740 ut
2078 1681 2182 1740 fiat
2212 1696 2290 1740 ex

188 1833 191 1835 ,
246 1769 472 1847 primiS,
508 1771 672 1844 quod
707 1785 828 1829 non
859 1769 927 1828 fit
955 1767 1012 1827 in
1043 1775 1305 1844 campo?
1392 1768 1504 1828 Hic
1536 1783 1716 1842 quam
1748 1767 1844 1827 ilie
1877 1763 2146 1839 dignior:
2185 1779 2312 1839 per-

251 1869 429 1929 quam
463 1868 649 1925 grave
682 1862 778 1912 est
806 1851 989 1912 dictu.
1071 1851 1203 1926 Quo
1243 1852 1428 1913 modo
1480 1849 1664 1927 igitur
1709 1858 1804 1911 est
1835 1848 2133 1924 aequius?
2219 1845 2325 1907 Sic

246 1934 460 2010 eredo=
500 1935 668 2010 quod
697 1933 909 2010 agitur,
943 1935 1113 2011 quod
1143 1935 1293 1998 satis
1325 1944 1421 1997 est
1449 1934 1662 1998 iudici=
1694 1934 1792 1997 hic
1825 1936 2019 1997 factus
2048 1943 2162 1997 est.
2206 1934 2324 1996 Cur

248 2018 364 2080 iste
394 2020 598 2094 potius
636 2035 818 2093 quam
853 2026 1014 2093 ego?
1069 2020 1183 2079 Vel
1215 2019 1427 2080 nescio
1461 2021 1556 2078 vel
1589 2037 1709 2080 non
1742 2020 1881 2081 dico
1913 2019 2007 2080 vel
2037 2019 2323 2095 denique,

247 2101 415 2178 quod
458 2100 603 2161 mihi
631 2101 1058 2178 gravissimum
1088 2112 1276 2178 esset,
1299 2102 1351 2163 si
1382 2101 1667 2176 dicerem,
1698 2104 1808 2164 sed
1840 2103 2086 2179 impune
2122 2111 2322 2164 tamen

248 2186 533 2247 deberem
562 2185 796 2247 dicere=
839 2186 972 2247 Non
1014 2198 1202 2247 recte.
1282 2186 1433 2246 Nam
1469 2184 1614 2259 quid
1640 2186 2075 2260 adsequerere,
2122 2185 2176 2246 si
2216 2186 2321 2245 illa

247 2275 516 2329 extrema
545 2267 905 2329 defensione
934 2278 1165 2342 uterer,
1212 2270 1505 2345 populum
1550 2269 1715 2345 quod
1746 2269 2037 2331 voluisset
2077 2266 2325 2337 secisse,

253 2367 371 2411 non
410 2351 578 2425 quod
614 2350 970 2414 debuisset?
1667 2353 1714 2412 C

417 2433 548 2493 Vll.
595 2429 694 2496 17.
741 2434 939 2508 Quid?
984 2436 1034 2496 si
1069 2436 1283 2511 populi
1311 2452 1559 2511 quoque
1586 2437 1804 2497 facturn
1829 2436 2116 2510 defendo,
2150 2434 2316 2496 Late-

250 2516 481 2591 rensis,
516 2525 578 2578 et
611 2518 809 2579 doceo
844 2518 947 2580 Cn.
977 2517 1286 2580 Plancium
1337 2536 1459 2580 non
1509 2520 1862 2595 obrepsisse
1902 2521 1981 2581 ad
2014 2520 2326 2593 honorem,

249 2599 362 2661 sed
395 2616 473 2662 eo
508 2600 755 2662 venisse
801 2618 1016 2676 cursu,
1070 2601 1173 2678 qui
1215 2619 1462 2678 semper
1501 2602 1762 2680 patuerit
1798 2602 2142 2665 hominibus
2175 2602 2326 2663 ortis

248 2683 370 2745 hoc
401 2692 616 2746 nostro
652 2687 920 2762 equestri
967 2689 1137 2761 loco,
1190 2703 1528 2763 possumne
1580 2687 1818 2761 eripere
1872 2686 2128 2749 orationi
2188 2694 2328 2747 tuae

248 2767 702 2830 contentionem
731 2779 1032 2843 vestrum,
1099 2787 1259 2845 quae
1308 2769 1552 2832 tractari
1595 2770 1740 2856 *e
1790 2770 2154 2833 contumelia
2203 2785 2326 2831 non

249 2859 470 2926 potest,
500 2861 561 2913 et
584 2862 642 2913 te
671 2852 748 2913 ad
781 2849 1029 2916 causam
1066 2852 1402 2927 aliquando
1433 2853 1790 2929 crimenque
1822 2855 2168 2917 deducere?
2243 2852 2330 2926 Si,

248 2933 417 3007 quod
448 2935 672 3008 equitis
708 2936 967 2996 Romani
1003 2935 1165 2995 fliius
1193 2944 1321 3006 est,
1372 2934 1623 2999 inferior
1653 2952 1798 2997 esse
1826 2938 2063 3010 debuit,
2116 2952 2332 2998 omnes

246 3023 448 3075 tecum
503 3016 775 3090 equitum
818 3020 1231 3079 Romanorum
1276 3016 1379 3078 filii
1432 3019 1801 3095 petiverunt:
1860 3019 2006 3081 nihil
2037 3019 2175 3081 dico
2206 3036 2333 3080 am-

250 3096 438 3173 plius:
484 3096 602 3192 boc
644 3108 842 3158 tamen
875 3101 1091 3171 miror,
1136 3116 1245 3159 cur
1286 3100 1427 3162 huic
1466 3102 1847 3177 potissimum
1876 3104 2177 3174 irascare,
2227 3100 2337 3179 qui

248 3178 604 3253 longiss1me
639 3198 676 3239 a
712 3189 768 3240 te
799 3183 964 3243 afuit.
1032 3183 1364 3258 Equidem,
1402 3183 1455 3246 si
1493 3186 1772 3261 quando,
1819 3195 1886 3248 ut
1913 3189 2008 3262 fit,
2049 3186 2244 3249 iactor
2274 3188 2332 3247 in

248 3260 448 3335 turba,
481 3277 601 3321 non
635 3262 800 3323 illum
839 3282 1101 3341 aecum,
1151 3265 1255 3342 qui
1286 3275 1381 3329 est
1409 3268 1467 3328 in
1500 3285 1736 3329 summa
1765 3288 1945 3331 sacra
1973 3270 2108 3348 via,
2145 3286 2336 3347 quum

246 3358 365 3439 ego
396 3343 474 3439 ad
504 3344 761 3443 Fabium
796 3347 1086 3410 fornicem
1118 3347 1417 3427 impellor,
1452 3353 1562 3413 sed
1600 3369 1755 3423 eum,
1793 3352 1983 3429 quiin
2008 3355 2342 3430 meipsum

247 3433 500 3485 incurrit
528 3435 714 3502 atque
746 3430 974 3493 incidit.
1036 3434 1127 3495 Tu
1156 3450 1360 3511 neque
1385 3436 1453 3508 Q.
1482 3433 1691 3509 Pedio,
1724 3435 1862 3497 forti
1893 3436 2044 3510 vire,
2074 3453 2338 3500 suscen-

249 3521 354 3568 ses
385 3524 584 3583 neque
614 3511 754 3572 huic
786 3515 858 3574 A.
890 3514 1117 3592 Plotio,
1144 3517 1535 3580 ornatissimo
1567 3517 1827 3594 homini,
1873 3519 2148 3581 familiari
2178 3537 2342 3590 meo,
