2514 3928
300 254 425 319 466
568 258 644 316 IN
670 256 749 315 Μ.
780 253 1182 314 ANTONIUM
1214 252 1496 314 ORATIO
1526 253 1946 314 PHILIPPICA
1974 253 2144 313 XIV.
2300 261 2398 316 1⁷0

306 401 692 467 festinatione
732 404 1151 481 praeripuisse
1193 414 1298 466 aut
1341 403 1463 464 vim
1508 405 1782 465 fortunae
1824 402 2073 465 stultitia
2111 413 2393 475 contemff

304 489 512 565 psisse
550 489 887 550 videamur.
1928 512 1935 515 ’

427 573 488 632 6.
529 572 655 634 Sed
702 574 989 648 quoniam
1042 570 1406 647 significatio
1461 578 1666 632 vestra
1713 570 1860 631 satis
1914 570 2196 631 declarat
2242 570 2393 645 quid

303 654 419 714 hac
452 656 649 716 ‚dere
702 655 1001 727 sentiatis»,
1058 657 1136 715 ad
1177 655 1409 717 litteras
1450 654 1724 732 veniam,
1778 668 1936 727 quae
1973 662 2120 714 sunt
2166 670 2207 712 a
2247 670 2393 715 con-

303 738 539 799 sulibus
587 745 727 799 >eta
759 747 1168 815 ‘propraetore
1221 738 1477 812 missae,
1532 736 1589 797 si
1629 753 1825 812 pauca
1868 743 2038 810 ante,
2096 753 2270 811 quae
2317 737 2392 797 ad

302 822 475 896 ipsas
526 823 753 884 litteras
804 821 1163 898 pertincant,
1195 822 1432 882 dixero.
1487 822 1838 884 111.1mbuti
1868 821 2052 895 gladii
2083 828 2390 896 sunt,pa-

303 914 426 965 tres
491 906 853 981 conscripti,
932 904 1238 981 leg-ionum
1301 902 1802 979 exercituumque
1862 913 2223 975 nostrorum
2296 906 2391 965 vel

300 989 626 1049 madefacti
668 990 873 1066 potius
909 989 1151 1049 duobus
1187 990 1446 1050 duorum
1486 989 1838 1061 consulum,
1884 985 2062 1049 tertio
2098 988 2389 1049 Caesaris

254 1116 259 1122 ,
301 1072 558 1146 proelio,
623 1072 691 1133 Si
724 1072 988 1134 hostium
1021 1071 1134 1133 suit
1161 1071 1263 1132 ille
1294 1070 1565 1147 sanguiS,
1601 1087 1836 1133 summa
1862 1069 2117 1132 militum
2154 1070 2388 1147 pietas:

183 1205 188 1210 .
301 1155 594 1215 nefarium
628 1158 864 1229 scelus,
909 1156 963 1216 si
992 1156 1234 1217 civium.
1306 1155 1437 1228 Quo
1467 1171 1667 1231 usque
1695 1153 1876 1230 igitur
1908 1156 1980 1228 is,
2026 1155 2134 1229 qui
2167 1172 2388 1218 omncs

302 1238 515 1299 hostes
556 1241 793 1301 scelere
834 1240 1177 1316 super-avit,
1223 1239 1465 1301 nomine
1505 1239 1704 1300 hostis
1752 1237 2025 1320 carebit?
2077 1237 2204 1299 nisi
2253 1257 2381 1300 mu·

302 1334 525 1383 crones
569 1324 746 1384 etiam
790 1332 1137 1386 nostrorum
1193 1322 1443 1384 militum
1483 1331 1743 1385 tremere
1785 1322 1968 1383 vultis
2025 1322 2383 1384 dubitantes

299 1414 497 1467 utrum
539 1407 599 1467 in
645 1406 795 1468 cive·
819 1425 895 1467 an
937 1406 998 1468 in
1033 1407 1210 1468 hoste
1242 1407 1520 1482 figantur.
1608 1404 1667 1467 7.
1713 1404 2246 1481 supplicationem
2283 1408 2384 1466 de·

300 1488 573 1550 cernitis:
624 1491 864 1553 hostem
905 1508 1027 1553 non
1068 1489 1415 1567 appellatis.
1504 1490 1721 1550 Gratae
1778 1505 1927 1551 vero
1978 1498 2238 1550 nostrae
2291 1491 2383 1550 dis

298 1574 740 1636 immortalibus
768 1576 1202 1651 gratulationes
1233 1582 1442 1647 erunt,
1484 1581 1693 1649 gratae
1722 1573 1999 1635 victimae
2018 1620 2032 1645 ,
2070 1591 2265 1650 quum
2297 1576 2381 1634 in·

296 1658 550 1718 terfecta
581 1658 660 1720 sit
688 1657 909 1719 civium
939 1659 1288 1721 multitudo!
1375 1660 1465 1721 De
1491 1660 1801 1734 improbis,
1843 1656 2067 1733 inquit,
2098 1666 2162 1718 et
2187 1658 2380 1718 auda-

293 1742 474 1801 cffius.
560 1742 710 1801 Nam
740 1741 831 1803 sic
873 1759 983 1804 eos
1015 1743 1285 1818 appellat
1313 1741 1689 1803 clarissimus
1724 1742 1846 1801 vir:
1902 1757 2066 1815 quae
2098 1750 2249 1801 sunt
2282 1758 2374 1801 ur·

296 1824 589 1885 banarum
614 1826 935 1887 maledicta
964 1825 1169 1899 litium,
1200 1842 1322 1886 non
1348 1826 1583 1886 inustae
1607 1825 1748 1885 belli
1778 1822 2143 1886 internecivi
2173 1834 2377 1885 notae.

298 1902 709 1984 Testamenta,
747 1910 963 1982 credo,
1010 1908 1338 1972 subiiciunt
1376 1916 1480 1970 aut
1506 1908 1762 1970 eiiciunt
1792 1907 2035 1970 vicinos
2076 1917 2189 1970 aut
2229 1909 2370 1968 ade

297 1991 671 2055 lescentulos
697 1992 1226 2054 circumscribuntz
1264 1993 1359 2054 his
1381 1993 1541 2054 enim
1566 1991 1727 2055 vitiis
1756 1993 2036 2054 adfectos
2069 2001 2131 2052 et
2155 1992 2375 2053 talibus

295 2076 489 2136 malos
521 2084 631 2138 aut
667 2079 943 2141 audaces
974 2080 1288 2153 appellare
1332 2077 1718 2138 consuetudo
1764 2079 1945 2138 solet.
2027 2074 2089 2138 8.
2138 2077 2377 2135 Bellum

295 2158 664 2234 inexpiabile
685 2162 866 2221 infert
896 2170 1182 2236 quattuor
1202 2159 1558 2221 consulibus
1586 2177 1746 2222 unus
1777 2159 2048 2223 omnium
2072 2161 2379 2220 latronum

293 2244 705 2304 taeterrimus:
757 2244 914 2318 gerit
942 2245 1103 2304 idem
1145 2244 1370 2305 bellu-m
1415 2260 1548 2305 cum
1586 2250 1802 2307 senatu
1841 2245 2211 2319 populoque
2258 2244 2377 2302 Ro·

292 2341 506 2386 manoz
562 2326 843 2387 omnibus
876 2361 964 2380 -ι-
1002 2344 1371 2403 quamquam
1416 2324 1555 2388 ruit
1584 2326 1721 2403 ipse
1773 2326 1906 2388 suis
1957 2327 2246 2388 cladibus
2297 2360 2379 2371 —

293 2414 534 2484 pestem
557 2408 919 2483 vastitatem,
955 2410 1286 2472 cruciatum
1313 2419 1605 2474 tormenta
1628 2407 1974 2473 denuntiat:
2012 2410 2376 2470 Dolabellae

296 2493 490 2553 ferum
523 2502 583 2553 et
608 2492 871 2555 immane
900 2496 1170 2566 facinus,
1218 2496 1387 2570 quod
1417 2496 1583 2556 nulla
1621 2493 1901 2555 barbaria
1933 2502 2154 2570 posset
2184 2509 2375 2568 agno-

295 2592 502 2650 scere,
538 2578 599 2637 id
642 2594 757 2640 suo
794 2578 1050 2640 consilio
1089 2581 1313 2640 factum
1358 2595 1501 2640 esse
1544 2586 1825 2641 testatum
1881 2593 2173 2653 quaeque
2210 2585 2375 2645 esset

294 2661 565 2722 facturus
596 2662 656 2721 in
688 2662 804 2722 hac
835 2664 1016 2735 urbe,
1052 2663 1167 2722 nisi
1199 2679 1339 2724 eum
1370 2662 1479 2735 hic,
1497 2664 1634 2736 ipse
1661 2663 1936 2738 Iuppiter
1962 2662 2197 2722 abhoc
2230 2670 2374 2721 tem-

293 2747 396 2819 plo
439 2754 625 2820 atque
665 2745 986 2808 moenibus
1028 2746 1429 2822 reppulisset,
1484 2746 1817 2807 declaravit
1856 2745 1917 2806 in
1950 2744 2377 2807 Parmensium

294 2829 663 2904 calamitate,
711 2846 872 2905 quos
904 2828 1170 2906 optimos
1216 2829 1384 2891 viros
1426 2829 2025 2904 honestissimosque
2066 2827 2370 2896 homines,

293 2912 557 2973 maxime
613 2930 750 2974 cum
793 2913 1151 2976 auctoritate
1202 2913 1384 2974 huius
1438 2912 1672 2975 ordinis
1723 2913 2059 2988 populique
2109 2909 2371 2974 Romani

292 2993 584 3067 dignitate
626 2997 1017 3069 coniunctOS,
1064 2995 1505 3058 crudelissimis
1551 2997 1854 3074 exemplis
1888 2994 2194 3059 interemit
2229 3011 2372 3072 pro·
2424 3034 2430 3039 -

290 3077 545 3150 pudium
595 3079 754 3139 illud,
806 3090 865 3142 et
922 3088 1296 3157 portentum,
1365 3081 1434 3140 L.
1474 3081 1812 3154 Antonius,
1867 3081 2109 3156 insigne
2160 3079 2370 3141 odium

292 3160 558 3219 omnium
581 3161 892 3224 hominum
922 3166 1052 3238 vel,
1084 3163 1135 3223 si
1164 3165 1342 3225 etiam
1375 3164 1447 3224 di·
1467 3165 1708 3225 oderint
1737 3174 1897 3240 quos
1926 3171 2188 3239 oportet,
2224 3164 2368 3224 deo·

288 3256 441 3299 rum.
531 3242 591 3300 9.
641 3245 886 3319 Refugit
924 3248 1196 3321 animus,
1253 3255 1456 3323 patres
1497 3247 1862 3325 conscripti,
1917 3263 2118 3322 eaque
2156 3248 2369 3307 dicere

287 3323 643 3417 reformidat
687 3342 845 3398 quae
877 3329 944 3387 L.
980 3331 1291 3392 Antonius
1324 3330 1382 3390 in
1413 3332 1827 3394 Parmensium
1870 3330 2078 3392 liberis
2098 3368 2103 3373 -
2124 3340 2189 3393 ct
2222 3346 2369 3391 con·

287 3402 533 3493 iugibus
579 3405 869 3469 effecerit.
959 3411 1124 3482 Quas
1173 3413 1341 3474 enim·
1375 3415 1784 3491 turpitudines
1826 3413 2072 3477 Antonii
2106 3414 2369 3477 libenter

288 3497 428 3540 cum
472 3484 776 3548 dedecore
807 3491 1151 3570 subierunt,
1198 3499 1461 3558 easdem,
1482 3516 1608 3574 per·
1625 3499 1748 3560 vim
1786 3501 2084 3561 laetantur
2116 3498 2258 3559 aliis
2300 3512 2369 3557 se
