2514 3928
15 240 116 295 ιθ
710 230 876 290 ΟΑΡ.
905 239 1134 292 8—11.
1179 237 1231 297 s.
1262 237 1527 292 25-33.
1562 268 1565 275 ·
2041 230 2170 294 283

31 378 298 442 referri
340 381 484 441 volo
510 380 607 440 vel
630 377 1019 441 humanitatis
1050 380 1148 440 vel
1181 379 1538 441 elementiae
1569 381 1663 441 vel
1691 378 2174 442 misericordiae.

34 464 162 528 30.
197 464 474 537 CausaS,
501 464 743 535 Caesar,
769 478 866 536 egi
888 463 1106 523 multas
1140 462 1661 538 equidemteeum‚
1687 464 1832 524 dum
1861 471 1919 524 te
1944 463 2002 523 in
2033 464 2169 525 loro

40 546 275 609 tenuit
326 545 483 606 ratio
531 546 831 605 honorum
874 553 1142 618 tuorum,
1201 554 1366 606 certe
1410 562 1736 620 numquam
1790 546 1910 607 hoe
1952 548 2172 608 modo.

39 628 431 706 Ignoscite,
480 627 745 689 iudices·
777 626 1033 702 erravit,
1063 629 1278 724 lapsus
1312 636 1436 700 est,
1482 645 1604 690 non
1648 629 1913 704 putavite
1957 629 2013 691 si
2042 634 2171 692 um·

46 728 269 788 quam
307 711 591 787 posthae.
676 712 774 771 Ad
806 674 1115 788 parent'em
1147 711 1239 772 sic
1267 711 1367 788 agi
1399 713 1588 786 solet,
1617 712 1695 771 ad
1727 711 1993 772 iudices.
2037 714 2170 775 Non

50 795 240 866 feeit,
279 811 407 856 non
440 793 742 870 cogitavit.
775 793 912 856 falsi
944 804 1164 869 testeS,
1208 795 1415 856 fictum
1447 796 1693 855 crimen.
1736 795 1846 855 Dic
1890 803 1980 866 te,
2021 795 2165 855 Cae-

54 896 198 952 sar,
239 879 327 938 de
360 879 520 940 facto
548 879 767 954 Ligarii
797 877 1061 941 iudicem
1084 895 1260 940 essee
1294 879 1518 955 quibus
1541 878 1603 938 in
1633 876 1958 955 praesidiis
1992 877 2169 940 suerit

53 978 352 1038 quaet-ea
388 971 594 1035 taceo,
648 979 723 1022 ne
754 962 908 1024 haee
938 962 1183 1038 quidem
1216 963 1472 1038 colligo,
1506 979 1669 1038 quae
1700 963 1964 1024 fortasse
2007 963 2170 1021 vale-

56 1055 214 1106 rent
244 1044 435 1106 etiam
464 1045 631 1121 apud
662 1045 953 1106 iudieems
985 1046 1249 1120 Legatus
1277 1055 1419 1107 ante
1446 1047 1669 1107 bellum
1700 1046 2039 1122 profectus,
2071 1061 2166 1106 re-

63 1130 265 1189 lictus
301 1129 362 1187 in
396 1145 570 1203 paee,
603 1129 766 1189 bello
796 1144 1155 1203 oppressuS‚
1190 1126 1251 1188 in
1283 1145 1359 1188 eo
1389 1127 1530 1205 ipso
1561 1146 1685 1190 non
1719 1128 2011 1203 acerbus,
2048 1127 2166 1189 iam

63 1221 174 1272 est
208 1220 386 1272 totus
409 1212 610 1271 animo
639 1226 716 1271 ae
743 1210 946 1272 studio
969 1218 1132 1272 tuus.
1174 1211 1274 1270 Ad
1303 1209 1563 1273 iudicem
1594 1211 1688 1272 sie
1714 1212 1815 1288 agi
1845 1215 2020 1287 solet,
2052 1212 2165 1273 sed

63 1310 200 1370 ego
242 1295 418 1369 apud
449 1302 761 1369 parentem
803 1294 1058 1368 loquerx
1098 1293 1367 1366 Erravit,
1410 1301 1635 1354 temere
1667 1294 1828 1369 feeit,
1865 1293 2164 1373 poenitete

65 1379 159 1439 ad
195 1376 587 1438 elementiam
620 1384 783 1438 tuam
816 1375 1132 1450 confugio,
1178 1376 1380 1436 delicti
1417 1375 1657 1437 veniam
1694 1385 1865 1451 peto,
1897 1385 1965 1438 ut
1993 1378 2165 1452 igno—

73 1470 301 1523 scatur
337 1476 467 1520 oro.
559 1458 624 1520 Si
649 1476 827 1523 nemo
857 1456 1227 1534 impetravit,
1269 1460 1665 1534 adrogantem
1699 1461 1753 1520 si
1794 1459 2063 1538 plurimi,
2101 1468 2168 1522 tu

75 1546 253 1605 idem
289 1545 386 1605 fer
415 1558 627 1618 opem,
674 1541 780 1619 qui
812 1559 990 1618 spem
1019 1541 1261 1603 dedisti.
1347 1540 1449 1605 31.
1478 1543 1577 1602 An
1609 1541 1898 1620 sperandi
1925 1542 2164 1618 Ligario

74 1644 282 1689 eausa
315 1643 437 1687 non
471 1625 577 1698 sit,
627 1643 812 1702 quum
848 1623 992 1687 mihi
1024 1626 1188 1701 apud
1220 1632 1281 1686 te
1309 1627 1482 1686 loeus
1513 1625 1593 1686 sit
1616 1625 1801 1687 etiam
1831 1641 1945 1702 pro
1975 1627 2164 1686 altero

77 1709 514 1786 deprecandis!
553 1709 928 1785 Quamquam
972 1725 1086 1769 neo
1119 1708 1178 1768 in
1206 1709 1324 1770 hae
1353 1709 1631 1770 oratione
1660 1726 1809 1785 spes
1837 1717 1932 1771 est
1964 1710 2161 1785 posita

80 1809 320 1855 causae
351 1809 463 1854 nee
492 1791 551 1853 in
589 1809 800 1855 eorum
825 1791 1075 1866 studiiS‚
1107 1791 1211 1868 qui
1241 1808 1279 1852 a
1311 1801 1371 1853 te
1398 1808 1512 1868 pro
1539 1791 1781 1868 Ligario
1810 1800 2047 1869 petunt,
2081 1791 2161 1854 tui

85 1877 450 1938 necessarii.
533 1877 635 1939 XI.
671 1875 814 1936 Vidi
855 1874 1015 1937 enim
1058 1884 1118 1936 et
1146 1875 1413 1951 cognovi
1447 1874 1595 1952 quid
1627 1874 1888 1936 maxime
1921 1883 2158 1951 speeta-

88 1977 226 2035 reS,
263 1977 451 2035 quum
482 1976 591 2035 pro
622 1958 882 2022 alicuius
910 1959 1105 2021 salute
1134 1957 1302 2021 multi
1329 1959 1710 2021 laborareutz
1742 1976 1966 2021 causas
1994 1959 2158 2035 apud

90 2053 155 2106 te
176 2042 520 2117 rogantium
544 2042 940 2117 gratiosiores
961 2058 1105 2103 esse
1121 2059 1302 2118 quam
1327 2044 1546 2116 vultus,
1586 2060 1789 2119 neque
1810 2052 1870 2104 te
1884 2052 2159 2119 spectare

95 2142 280 2201 quam
320 2133 466 2186 tuus
511 2133 680 2186 esset
731 2124 1121 2186 necessarius
1166 2126 1250 2199 is,
1300 2126 1403 2201 qui
1456 2134 1519 2187 te
1566 2134 1796 2199 oraret,
1837 2124 1951 2187 aed
1982 2142 2166 2200 quam

99 2209 279 2281 illius„
319 2225 430 2283 pro
465 2226 586 2284 quo
617 2209 938 2270 laboraret.
1024 2209 1234 2284 Itaque
1281 2207 1495 2270 tribuis
1543 2216 1607 2271 tu
1648 2209 1893 2285 quidem
1927 2207 2165 2269 tuisita

103 2293 304 2365 multa,
339 2299 406 2353 ut
432 2290 577 2352 mihi
607 2292 920 2353 beatiores
938 2290 1023 2352 illi
1054 2292 1374 2353 videantur
1401 2293 1717 2366 interdum,
1750 2293 1855 2368 qui
1882 2300 1984 2353 tua
2015 2290 2159 2351 libe·

103 2374 332 2436 ralitate
364 2376 660 2450 fruuntur,
694 2391 877 2451 quam
906 2382 969 2436 tu
996 2376 1151 2451 ipse,
1182 2375 1290 2452 qui
1317 2374 1438 2437 illis
1467 2385 1586 2437 tam
1618 2377 1804 2437 multa
1833 2375 2158 2445 coneedas,

107 2462 223 2522 sed
252 2458 431 2519 video
462 2466 659 2519 tamen
688 2460 856 2535 apud
887 2466 946 2519 te
978 2474 1236 2531 eausaS,
1278 2467 1345 2520 ut
1374 2458 1531 2533 dixi,
1574 2462 1783 2520 valere
1809 2460 1948 2534 plus
1979 2463 2163 2554 quam

111 2557 338 2617 praees,
367 2540 487 2602 ab
470 2541 672 2617 iisque
693 2550 753 2603 te
782 2540 1015 2603 moveri
1042 2541 1323 2616 maxime,
1353 2559 1611 2617 quomm
1643 2539 2042 2603 iustissimum
2071 2540 2160 2599 vi

108 2625 260 2685 deas
286 2624 603 2685 dolorem
586 2642 646 2685 in
682 2626 967 2700 petendo.

228 2706 428 2768 32.1n
472 2707 538 2782 Q.
568 2706 809 2803 Ligario
856 2709 1282 2771 conservando
1317 2707 1523 2768 inultis
1559 2716 1624 2767 tu
1653 2708 1898 2783 quidem
1927 2712 2163 2781 gratum

115 2790 288 2850 facies
301 2791 671 2852 necessariis
687 2792 825 2860 tuis,
829 2791 947 2853 aed
966 2787 1101 2867 hoe,
1126 2805 1380 2867 quaeso,
1405 2789 1749 2862 considera,
1782 2788 1948 2865 quod
1974 2788 2168 2849 soles.

115 2874 370 2935 Possum
381 2872 751 2936 fortissimos
771 2873 958 2947 viros,
993 2874 1279 2946 Sabinos,
1301 2872 1407 2934 tibi
1435 2870 1920 2949 probatissimoS,
1944 2878 2161 2932 totum

121 2972 231 3031 que
256 2973 460 3033 agrum
493 2956 816 3031 Sabinum,
862 2956 1077 3018 florem
1122 2954 1331 3018 Italiae
1379 2971 1454 3040 aq
1495 2956 1684 3017 robur
1723 2953 1818 3016 rei
1857 2953 2158 3031 publicae,

122 3055 464 3115 proponere.
547 3040 724 3103 Nosti
764 3040 1034 3117 opt-imos
1074 3038 1377 3102 homines.
1465 3038 1900 3101 Animadverte
1942 3038 2162 3100 herum

122 3122 361 3185 omnium
404 3123 776 3186 maestitiam
809 3132 871 3186 et
908 3124 1215 3185 dolorem:
1255 3121 1440 3184 huius
1481 3123 1544 3185 Τ.
1587 3121 1879 3195 Broeehi,
1920 3122 2001 3183 de
2036 3139 2162 3199 quo

126 3222 236 3266 non
262 3206 464 3272 dubito
487 3207 632 3283 quid
663 3206 1010 3281 existimeS‚
1052 3205 1334 3268 lacrimas
1363 3207 1838 3282 squaloremque
1871 3204 2071 3283 ipsius
2105 3211 2169 3267 et

130 3287 224 3349 filii
263 3290 445 3351 vides.
529 3289 631 3353 33.
673 3290 828 3365 Quid
870 3291 951 3352 de
993 3288 1279 3354 fratribus
1312 3289 1556 3352 dicam?
1592 3288 1748 3363 Noli,
1777 3288 2023 3363 Caesar,
2056 3306 2163 3363 pu·

131 3380 248 3432 tare
280 3372 347 3433 de
375 3374 558 3435 unius
598 3373 798 3450 eapite
842 3389 957 3435 nos
989 3389 1192 3450 agere.
1281 3376 1404 3434 Aut
1443 3381 1570 3434 tres
1612 3370 1722 3433 tibi
1757 3370 1983 3447 Ligarii
2026 3365 2168 3429 reti-

134 3452 295 3514 nendi
321 3452 376 3515 in
406 3455 647 3518 civitate
678 3464 820 3518 sunt
846 3464 952 3519 aut
979 3464 1103 3519 tres
1125 3472 1207 3517 ex
1238 3455 1483 3517 civitate
1510 3451 1977 3517 exterminandi.
2017 3450 2177 3510 Nam
