2514 3928
275 212 419 320 ‘442
558 212 634 272 ΙΝ
663 211 745 272 Μ.
774 208 1177 271 ANTONIUM
1206 207 1490 270 ORATto
1520 206 1945 268 PHILIPPICA
1971 207 2108 268 xil.
2335 217 2447 271 144

284 361 764 441 ignominiisque
786 359 1109 423 concisus=
1155 377 1317 421 nunc
1341 376 1416 420 ea
1439 361 1605 434 petit,
1640 375 1801 435 quae
1825 359 1974 419 dare
1998 359 2190 420 nullo
2223 361 2440 421 modo

286 461 655 525 possumuS,
717 444 833 505 nisi
882 444 1054 520 prius
1110 446 1391 505 volumus
1446 444 1610 503 bello
1654 458 1771 504 nos
1831 442 2031 504 victos
2083 443 2437 504 confiteri

290 531 393 593 12.
438 531 702 591 Senatus
744 530 1024 590 consulta
1066 530 1223 588 salsa
1264 527 1464 587 delata
1509 526 1590 586 ab
1632 542 1710 588 eo
1752 526 2220 587 iudicavimus=
2273 545 2430 588 num

283 631 368 676 ea
410 630 556 674 vera
598 628 936 690 possumus
978 611 1294 673 iudicare?
1374 611 1575 687 Leges
1629 610 1953 671 statuimus
1998 626 2117 686 per
2172 610 2323 671 vim
2370 620 2430 670 et
2498 577 2500 648 Ι

288 707 504 760 contra
533 696 815 774 auspicia
850 698 1016 756 latas¹
1038 696 1239 771 iisque
1271 710 1386 755 nec
1417 694 1712 769 populum
1746 709 1862 753 nec
1887 694 2136 768 plebem
2170 693 2427 754 teneri.

286 798 435 842 num
465 798 576 842 eas
603 779 841 842 restitui
872 795 1064 856 posse
1094 780 1404 839 censetis?
1453 775 1810 838 Sestertium
1836 776 2123 851 septiens
2145 777 2425 837 miliens

289 864 592 926 avertisse
647 865 981 926 Antonium
1039 860 1341 937 pecuniae
1393 860 1679 937 publicae
1739 858 2170 921 iudicavistis:
2267 878 2421 922 num

292 950 507 1011 l'raude
540 948 764 1023 poterit
805 962 1015 1008 carere
1047 948 1412 1021 peculatus?
1461 943 1877 1005 Immunitates
1909 945 1987 1004 ab
2018 960 2101 1005 eo
2134 943 2421 1006 civitati·

290 1034 440 1107 buS,
483 1030 863 1105 sacerdotia,
904 1045 1097 1104 regna
1137 1028 1488 1090 venieruntz
1533 1045 1676 1089 num
1718 1028 1985 1103 figentur
2021 1044 2271 1089 rursus
2305 1045 2421 1089 eae
2498 1027 2500 1090 Τ

288 1118 565 1185 tabulae,
614 1131 771 1190 quas
814 1130 929 1174 vos
973 1112 1238 1173 decretis
1277 1111 1496 1172 vestris
1529 1110 1868 1172 refixistis?
1951 1112 2057 1170 VI.
2113 1112 2320 1185 Quod
2364 1112 2416 1172 si
2497 1099 2500 1160 4

288 1216 399 1271 ea,
434 1212 595 1273 quae
624 1197 1043 1270 decrevimuS,
1071 1196 1367 1267 obruere,
1401 1212 1544 1255 num
1581 1194 1761 1256 etiam
1793 1195 2154 1255 memoriam
2188 1212 2413 1257 rerum
2497 1165 2500 1276 ff

284 1284 501 1343 delere
534 1288 912 1356 possumus?
961 1280 1230 1354 Quando
1263 1279 1422 1339 enim
1460 1276 1859 1339 obliviscetur
1892 1278 2412 1353 ulla-posteritas
2498 1295 2500 1362 j

285 1365 470 1427 cuius
508 1368 743 1426 scelere
781 1364 841 1425 in
872 1366 992 1425 hac
1018 1363 1279 1424 vestitus
1317 1363 1606 1423 foeditate
1640 1362 1977 1423 fuerimus?
2060 1362 2151 1423 Ut
2182 1373 2408 1424 centu·
2498 1375 2500 1382 '

290 1450 532 1510 rionum
573 1448 830 1524 legionis
861 1446 1115 1508 Martiae
1140 1445 1452 1507 Brundisii
1492 1447 1787 1522 profusus
1829 1443 2087 1520 sanguis
2131 1447 2406 1519 eluatur,

289 1549 435 1595 num
473 1533 593 1594 elui
631 1532 1004 1608 praedicatio
1036 1529 1410 1591 crudelitatis
1457 1535 1702 1604 potest?
1759 1529 1839 1591 Ut
1877 1529 2080 1589 media
2120 1540 2404 1604 praeter·

287 1634 449 1690 earn,
473 1632 631 1692 quae
657 1624 928 1677 vetustas
965 1616 1134 1676 tollet
1164 1629 1419 1689 operum
1449 1613 1676 1673 circum
1701 1611 1994 1674 Mutinam
2028 1621 2235 1674 taetra
2272 1632 2401 1674 mo·

307 1701 611 1773 nimenta,
656 1698 910 1761 sceleris
950 1697 1175 1758 indicia
1219 1695 1644 1772 latrociniique
1691 1696 1994 1770 vestigia?
2079 1696 2188 1758 13.
2238 1697 2398 1757 Huic

265 1849 266 1852 ,
296 1784 477 1860 igitur
503 1784 849 1859 importuno
876 1790 1059 1858 atque
1090 1781 1330 1857 impuro
1361 1778 1702 1856 parricidae
1733 1779 1876 1855 quid
1902 1779 2245 1855 habemuS,
2288 1796 2399 1856 per

289 1872 453 1930 deos
483 1868 884 1928 immortales!
934 1866 1099 1941 quod
1130 1863 1553 1926 remittamus?
1610 1866 1708 1924 An
1742 1863 1992 1924 Galliam
2024 1864 2307 1925 ultimam
2339 1873 2397 1925 et
2496 1913 2497 1920 ,

293 1949 674 2013 exercitum?
715 1951 859 2027 quid
885 1957 981 2012 est
996 1949 1163 2011 aliud
1187 1964 1310 2010 non
1337 1966 1550 2024 pacem
1580 1949 1799 2022 facere,
1833 1948 1943 2009 sed
1975 1948 2235 2010 differre
2268 1949 2398 2009 bel·

294 2037 462 2098 lum?
511 2052 627 2097 nec
658 2037 858 2097 solum
891 2049 1237 2112 propagare
1268 2033 1523 2107 bellum,
1565 2033 1677 2093 sed
1709 2033 2055 2092 concedere
2083 2033 2273 2093 etiam
2307 2032 2391 2092 vi·

291 2117 596 2183 ctoriamv
648 2122 748 2181 An
792 2117 894 2179 ille
935 2135 1057 2178 non
1106 2113 1348 2188 vicerit,
1389 2115 1442 2176 si
1490 2132 1876 2192 quacumque
1920 2115 2298 2176 condicione
2333 2118 2387 2175 iu

295 2205 456 2265 hanc
485 2205 698 2266 urbem
742 2219 881 2263 cum
922 2202 1053 2262 suis
1086 2200 1362 2261 venerit?
1415 2198 1620 2260 Armis
1655 2216 1817 2259 nunc
1844 2199 2046 2262 omnia
2075 2208 2389 2260 tenemus=

289 2286 655 2349 auctoritate
690 2288 973 2346 -valemus
1012 2284 1368 2360 plurimum=
1412 2284 1636 2344 absunt
1665 2291 1751 2345 tot
1776 2281 1996 2358 perditi
2029 2281 2233 2356 cives,
2288 2301 2387 2343 ne·

297 2371 516 2431 tarium
569 2369 763 2431 secuti
800 2369 1047 2429 ducem:
1103 2376 1303 2428 tamen
1349 2383 1562 2429 eorum
1606 2383 1713 2427 ora
1757 2382 2236 2442 sermonesque,
2285 2366 2385 2442 qui

290 2455 357 2515 in
390 2456 541 2516 urbe
573 2471 653 2514 ex
683 2469 758 2513 eo
793 2468 1043 2513 numero
1073 2451 1269 2512 relicti
1300 2459 1458 2524 sunt,
1493 2451 1652 2511 serre
1677 2467 1796 2512 non
1825 2466 2183 2524 possumus.
2232 2449 2385 2523 Quid

295 2537 600 2611 censetis,
642 2553 828 2612 quum
876 2543 964 2597 tot
1004 2552 1126 2596 uno
1171 2543 1446 2609 tempore
1485 2533 1856 2609 irruperint?
1913 2550 2030 2594 nos
2074 2549 2245 2593 arma
2278 2550 2384 2608 po·

291 2620 636 2696 suerimus,
673 2620 920 2681 illi-non
970 2620 1412 2695 deposuerint?
1466 2634 1670 2678 nonne
1701 2634 1815 2679 nos
1846 2616 2074 2678 nostris
2111 2616 2384 2680 consiliis

295 2707 499 2769 victos
529 2705 588 2766 in
622 2712 987 2782 perpetuum
1018 2704 1193 2765 fore?
1285 2701 1384 2766 14.
1417 2700 1630 2763 Ponite
1659 2711 1800 2761 ante
1831 2701 2047 2761 oculos
2078 2700 2160 2760 M.
2195 2704 2381 2761 Anto·

294 2791 463 2851 nium
493 2791 912 2851 consularem:
958 2795 1306 2862 sperantem
1341 2787 1724 2848 consulatum
1758 2783 2013 2845 Lucium
2045 2783 2381 2859 adiungit&

300 2877 595 2950 supplete
636 2880 908 2943 ceterOS,
950 2888 1155 2947 neque
1198 2872 1394 2933 nostri
1440 2871 1672 2933 ordinis
1716 2876 1948 2943 solum,
1997 2873 2266 2933 honores
2309 2880 2368 2932 et

301 2957 561 3031 ,imperia
598 2957 991 3017 meditantes:
1050 2955 1240 3015 nolite
1288 2971 1373 3036 ne
1407 2955 1664 3017 Tirones
1712 2956 1989 3031 quidem,
2038 2955 2361 3022 Numisios,

298 3040 631 3109 Mustelas,
680 3041 860 3100 Seios
906 3046 1320 3101 contemnere.
1414 3041 1560 3100 Cum
1604 3039 1680 3101 iis
1725 3041 1890 3101 sacta
1931 3055 2053 3114 pax
2100 3040 2361 3097 nouerit

299 3137 449 3196 pax,
481 3122 591 3180 sed
628 3122 832 3196 pactio
863 3121 1197 3189 servitutis.
1255 3124 1323 3183 L.
1354 3123 1619 3196 PisoniS,
1653 3124 2011 3199 amplissimi
2043 3125 2177 3196 viri,
2209 3142 2375 3200 prae-

302 3205 470 3262 clara
504 3219 628 3263 vox
663 3221 700 3262 a
729 3213 789 3264 te
822 3221 945 3265 non
980 3207 1178 3267 solum
1206 3204 1268 3266 in
1297 3206 1418 3267 hoc
1451 3209 1682 3280 ordine,
1713 3207 1933 3282 Pansa,
1967 3206 2081 3267 sed
2113 3209 2280 3268 etiam
2315 3208 2370 3267 in

296 3284 588 3346 contione
641 3286 771 3346 iure
824 3287 1070 3349 laudata
1112 3299 1225 3351 est.
1312 3290 1729 3351 Excessurum
1773 3308 1843 3352 se
1883 3308 1962 3352 ex
2008 3291 2177 3352 Italia
2215 3290 2371 3360 dixit,

294 3365 457 3426 deos
513 3378 790 3463 penates·
829 3378 889 3429 et
946 3372 1130 3433 sedes
1188 3373 1420 3449 patrias
1464 3373 1844 3450 relicturum,
1901 3374 1954 3436 si
1993 3408 2071 3419 —
2122 3377 2278 3451 quod
2312 3375 2370 3436 di

291 3463 479 3509 omen
532 3460 888 3511 averterint!
929 3485 1014 3498 —
1055 3471 1184 3515 rem
1229 3457 1539 3532 publicam
1590 3457 2010 3534 oppressisset
2056 3459 2369 3520 Antonius,
