2514 3928
698 326 864 386 CAP.
900 334 1158 387 11—14.
1203 331 1254 392 s.
1288 333 1553 392 ’.η-33.
2092 322 2177 393 67

111 494 223 537 nes
253 482 313 536 tc
344 475 479 536 illas
514 492 633 537 non
671 478 994 552 probasse.
1054 476 1323 553 Optime:
1365 479 1566 538 nullae
1598 475 1820 539 fuerint
1866 474 2178 557 supplica-

114 562 332 621 tiones.
399 560 675 620 Videsne
711 577 808 620 me
849 560 997 620 nihil
1030 558 1107 620 de
1137 560 1283 620 anni
1325 561 1485 622 illius
1519 577 1737 637 causa,
1790 560 1933 621 nihil
1971 561 2050 620 de
2079 577 2177 632 eo,

111 644 281 720 quod
314 642 420 704 tibi
456 659 779 705 commune
808 660 947 705 cum
977 643 1230 704 summis
1269 644 1413 705 viris
1441 661 1585 706 esse
1616 645 1918 719 videatur,
1950 644 2062 704 sed
2099 644 2180 707 de

113 727 234 787 tuis
265 726 537 802 propriis
578 726 917 788 sceleribus
962 744 1042 786 ex
1082 736 1140 788 te
1185 736 1525 802 quaerere?
1587 729 1765 789 Nulla
1808 727 2178 802 supplicatio

114 810 310 871 luerit.
387 810 552 873 Cedo
585 812 723 886 quis
754 827 1042 886 umquam
1118 810 1350 872 cenarit
1378 820 1655 873 atratus?
1719 813 1808 872 lta
1838 812 1998 871 enim
2026 810 2179 870 illud

111 894 362 968 epulum
393 902 489 955 est
531 894 814 969 funebre,
866 902 933 955 ut
963 911 1186 956 munus
1227 893 1308 956 sit
1350 896 1610 968 suneriS,
1664 896 1883 971 epulae
1932 892 2180 968 quidem

112 979 286 1052 ipsae
318 976 648 1052 dignitatis.
719 979 877 1039 Xlll.
918 976 1022 1041 31.
1083 978 1210 1039 Sed
1252 979 1464 1041 omitto
1509 980 1756 1055 epulum
1798 976 2014 1053 populi
2057 977 2180 1039 Ro-

109 1060 301 1133 mani,
336 1063 556 1122 festum
592 1062 785 1136 diem,
829 1070 1116 1138 argeum,
1158 1070 1359 1135 veste,
1406 1064 1569 1122 omni
1598 1070 1902 1138 apparatu
1936 1068 2182 1120 ornatu·

110 1162 231 1222 que
261 1145 541 1206 visendo.
615 1144 763 1220 Quis
794 1147 1087 1222 umquam
1113 1145 1175 1206 i'n
1206 1147 1373 1207 luctu
1403 1147 1777 1218 domesticO,
1824 1143 1963 1220 quis
1995 1143 2055 1203 in
2089 1144 2179 1204 lu-

111 1244 258 1288 nere
288 1227 570 1305 familiari
611 1229 855 1290 cenavit
898 1246 1037 1290 cum
1090 1236 1232 1304 toga
1263 1231 1476 1305 pulla?
1529 1231 1626 1291 cui
1668 1232 1746 1289 de
1779 1226 2036 1291 balineis
2072 1243 2180 1286 ex-

110 1310 280 1371 eunti
304 1318 551 1385 praeter
585 1311 664 1370 de
693 1318 836 1385 toga
868 1312 1035 1385 pulla
1065 1327 1352 1386 umquam
1388 1313 1530 1373 data
1560 1320 1696 1374 est?
1727 1313 1924 1386 Quum
1953 1319 2041 1371 tot
2069 1311 2181 1371 ho·

111 1393 339 1453 minum
373 1391 541 1452 milia
569 1395 1030 1466 accumberent,
1067 1411 1253 1467 quum
1288 1394 1426 1468 ipse
1460 1394 1628 1468 epuli
1656 1394 1939 1456 dominus
1970 1394 2037 1468 Ω.
2068 1397 2179 1454 Ar-

113 1478 241 1536 rius
275 1475 519 1535 albatus
545 1482 741 1547 esset,
780 1485 843 1535 tu
872 1474 931 1533 in
965 1475 1255 1550 templum
1288 1476 1558 1536 Castoris
1601 1487 1660 1537 te
1702 1494 1839 1538 cum
1872 1476 1934 1536 C.
1963 1478 2181 1539 Fibulo

115 1566 309 1619 atrato
394 1557 742 1633 ceterisque
788 1557 904 1619 tuis
955 1557 1127 1619 furiis
1175 1559 1481 1619 funestum
1526 1558 1797 1623 intulisti.
1875 1559 2021 1633 Quis
2057 1569 2182 1620 tum

119 1660 240 1703 non
289 1641 625 1717 ingemuit?
681 1641 820 1717 quis
870 1659 992 1702 non
1037 1641 1233 1704 doluit
1284 1641 1376 1702 rei
1428 1640 1712 1718 publicae
1762 1651 2017 1703 casum?
2079 1659 2183 1717 qui

114 1743 317 1786 sermo
352 1724 511 1787 alius
545 1724 606 1784 in
653 1725 765 1785 illo
802 1727 986 1802 epulo
1034 1726 1144 1787 fuit
1185 1725 1305 1787 nisi
1344 1725 1502 1787 hanc
1536 1734 1761 1787 tantam
1791 1734 1854 1787 et
1886 1733 2007 1785 tam
2049 1741 2185 1800 gra·

14 1876 25 1884 ,
112 1826 248 1870 vem
283 1809 584 1872 civitatem
616 1809 954 1874 subiectam
976 1826 1123 1871 esse
1152 1827 1274 1871 non
1298 1811 1483 1872 modo
1510 1809 1727 1880 furori,
1759 1826 1973 1871 verum
2002 1809 2186 1872 etiam

109 1892 381 1954 irrisioni
421 1899 606 1954 tuae?
670 1890 773 1954 32.
826 1894 1006 1955 Hunc
1048 1902 1111 1955 tu
1150 1910 1385 1956 morem
1424 1894 1800 1972 ignorabas?
1852 1909 2185 1969 numquam

109 1979 362 2053 epulum
387 1977 674 2039 videras?
703 1994 1034 2054 numquam
1055 1994 1213 2055 puer
1232 1986 1340 2041 aut
1360 1980 1727 2041 adolescens
1756 1981 1913 2041 inter
1940 1994 2185 2054 coquos

115 2064 366 2123 fueras?
429 2060 669 2135 Fausti,
728 2061 1144 2123 adolescentis
1197 2061 1593 2139 nobilissimi,
1649 2065 1857 2140 paullo
1907 2070 2049 2123 ante
2102 2078 2184 2123 ex

109 2146 297 2220 epulo
331 2144 936 2219 magnificentissimo
975 2147 1193 2205 samem
1230 2147 1393 2206 illam
1425 2154 1692 2209 veterem
1722 2154 1888 2208 luam
1920 2164 2040 2206 non
2075 2162 2184 2205 ex·

112 2230 362 2302 pleras?
415 2226 605 2301 Quem
646 2230 1009 2290 accumbere
1048 2238 1305 2290 atratum
1351 2228 1641 2292 videras?
1686 2230 2000 2291 dominum
2045 2246 2185 2289 cum
2263 2297 2270 2300 .

80 2322 258 2386 -toga
288 2312 455 2387 pulla
491 2319 550 2372 et
581 2310 714 2372 eius
742 2312 977 2375 amieos
1006 2321 1146 2374 ante
1178 2311 1574 2374 convivium?
1614 2330 1773 2388 quae
1795 2319 1965 2373 tanta
1993 2320 2055 2374 te
2092 2310 2182 2372 te·

112 2395 244 2455 nuit
270 2394 567 2469 amentia,
620 2403 714 2469 ut,
765 2395 884 2457 nisi
911 2395 976 2457 id
1013 2397 1301 2469 fecisseS,
1356 2397 1523 2471 quod
1559 2399 1653 2458 fas
1696 2415 1821 2459 non
1867 2396 2009 2473 ruit,
2061 2393 2183 2456 nisi

111 2479 416 2539 violasses
468 2480 758 2553 templum
808 2479 1109 2554 CastoriS,
1155 2496 1376 2542 nomen
1426 2481 1621 2557 epuli,
1667 2483 1886 2543 oculos
1938 2480 2180 2551 civium,

114 2579 346 2623 morem
378 2571 677 2637 veterem,
712 2564 878 2637 eius,
911 2564 1018 2639 qui
1049 2573 1107 2625 te
1138 2564 1445 2637 invitarat,
1481 2565 1934 2639 auctoritatem,
1963 2580 2180 2639 parum

114 2653 360 2720 putares
411 2646 801 2708 testificatum
849 2664 992 2708 esse
1053 2647 1537 2723 supplicationes
1595 2657 1654 2710 te
1702 2649 1839 2709 illas
1889 2665 2013 2710 non
2066 2664 2180 2721 pu·

114 2737 281 2789 tare?

283 2814 441 2873 XIV.
485 2811 588 2875 33.
638 2813 876 2887 Quaero
908 2813 1088 2880 etiam
1134 2813 1283 2872 illud
1314 2830 1392 2872 ex
1422 2823 1510 2888 te,
1556 2815 1724 2890 quod
1762 2814 2040 2889 privatus
2070 2812 2178 2872 ad-

110 2895 360 2956 misisti=
409 2895 472 2956 in
490 2911 629 2972 quo
668 2905 832 2957 certe
873 2896 994 2957 iam
1028 2896 1130 2958 tibi
1163 2895 1369 2956 dicere
1400 2913 1524 2956 non
1557 2896 1765 2957 ricebit
1791 2912 1928 2959 cum
1970 2896 2179 2956 claris-

111 2979 285 3039 simis
330 2979 478 3041 viris
507 2996 757 3041 eausam
787 2989 950 3041 tuam
987 2997 1131 3041 esse
1163 2980 1577 3041 coniunctam:
1630 2982 2052 3056 postulatusne
2086 2980 2177 3041 sis

114 3064 251 3138 lege
278 3063 511 3123 Licinia
539 3072 600 3125 et
626 3064 841 3124 lunia?
883 3064 1221 3124 edixeritne
1255 3064 1318 3126 C.
1352 3063 1675 3125 Memmius
1717 3072 1962 3140 praetor
1990 3080 2069 3124 ex
2101 3081 2179 3124 ea

113 3148 288 3222 lege,
319 3156 388 3208 ut
414 3148 674 3209 adesses
710 3148 810 3208 die
846 3146 1242 3208 tricensimo?
1294 3164 1480 3223 quum
1511 3148 1565 3209 is
1594 3148 1729 3210 dies
1751 3149 2056 3219 venisset,
2092 3150 2176 3207 le·

109 3230 372 3305 cerisne,
402 3232 572 3306 quod
600 3230 660 3291 in
689 3231 806 3292 hac
835 3247 904 3291 re
934 3230 1178 3307 publica
1200 3247 1321 3291 non
1347 3234 1532 3293 modo
1556 3233 1777 3294 factum
1799 3241 1979 3293 antea
2003 3247 2176 3290 num·

109 3330 297 3392 quam
326 3323 456 3388 est,
493 3315 607 3376 sed
642 3314 700 3375 in
729 3313 895 3376 omni
922 3313 1216 3377 memoria
1242 3323 1338 3376 est
1369 3316 1614 3377 omnino
1647 3316 2027 3376 inauditum?
2066 3329 2173 3387 ap-

110 3395 442 3473 pellarisne
493 3398 773 3460 tribunos
805 3398 1026 3473 plebis,
1069 3413 1147 3458 ne
1181 3412 1428 3459 causam
1459 3400 1743 3461 diceres?
1782 3399 1981 3458 levius
2012 3393 2172 3454 dixi=

109 3497 483 3557 quamquam
514 3480 578 3542 id
619 3481 822 3557 ipsum
851 3490 1021 3543 esset
1061 3490 1124 3541 et
1152 3497 1381 3542 novum
1411 3492 1472 3544 ct
1507 3498 1630 3541 non
1662 3481 2009 3541 ferendumz
2058 3476 2171 3534 sed

107 3564 523 3638 appellarisne
566 3564 919 3626 nominatim
954 3572 1192 3641 pestem
1231 3563 1395 3624 illius
1437 3563 1610 3637 anni,
1664 3562 1881 3699 {uriam
1918 3554 2172 3631 patriae,
