2514 3928
1968 205 2023 254 Ο

264 240 375 297 146
912 233 1076 294 CAP.
1107 243 1307 299 5—7.
1351 242 1407 303 S.
1443 245 1705 300 11-18-
2236 239 2364 304 443

260 384 397 443 vll.
448 382 547 447 15.
592 384 832 458 Quaero
877 386 1056 462 igitur
1086 404 1123 446 a
1151 395 1242 458 te,
1287 387 1356 446 L.
1386 387 1559 462 Piso,
1602 404 1809 450 nonne
1841 406 2207 466 oppressam
2235 408 2363 452 rem

263 466 577 543 publicam
611 476 810 543 puteS,
842 468 896 529 si
924 478 1158 530 tottam
1194 470 1382 545 impii,
1416 481 1532 531 tam
1558 473 1851 546 audaceS,
1888 483 2006 535 tam
2033 475 2362 537 facinerosi

257 551 502 627 recepti
544 551 708 613 sint?
774 552 943 626 Quos
983 556 1256 615 nondum
1301 554 1482 615 tantis
1527 554 1870 631 parricidiis
1915 559 2364 621 contaminatos

260 634 370 694 vix
404 634 782 710 serebamus,
822 636 944 697 hos
984 654 1147 699 nunc
1179 636 1343 698 omni
1375 637 1612 699 scelere
1648 648 1979 714 coopertos
2011 643 2364 704 tolerabiles

265 734 495 782 censes
525 718 750 781 civitati
787 722 977 781 forez
1018 723 1146 782 Aut
1180 720 1303 781 isto
1338 729 1475 793 tuo,
1520 720 1667 781 mihi
1698 722 1912 798 crede,
1958 725 2219 786 consilio
2249 726 2366 787 erit

263 804 582 875 utendum,
615 812 681 865 ut
708 803 1022 877 cedamuS,
1053 807 1370 868 abeamus,
1401 804 1585 865 vitam
1613 806 1863 881 inopem
1890 815 1952 867 et
1981 825 2199 884 vagam
2224 827 2362 886 per-

149 928 160 934 -
260 902 631 965 sequamur,
683 896 791 949 aut
831 888 1107 951 cervices
1148 891 1493 951 latronibus
1533 889 1778 950 dandae
1819 898 2006 965 atque
2051 891 2111 951 in
2169 894 2366 969 patria

262 972 609 1036 cadendum
647 981 763 1037 est.
848 973 966 1036 Ubi
997 985 1159 1049 sunt,
1192 975 1256 1036 C.
1295 975 1528 1048 Pansa,
1573 975 1713 1035 illae
1742 973 2198 1037 cohortationes
2231 978 2365 1052 pul-

259 1058 602 1120 cherrimae
631 1066 803 1133 tuae,
851 1060 1076 1135 quibus
1105 1078 1143 1121 a
1171 1068 1233 1121 te
1273 1060 1576 1119 excitatus
1614 1067 1901 1132 senatuS,
1951 1057 2364 1121 inflammatus

258 1144 535 1220 populus
565 1144 884 1205 Romanus
914 1161 1038 1207 non
1070 1145 1273 1205 solum
1304 1141 1571 1218 audivit,
1611 1144 1725 1205 sed
1758 1141 1942 1204 etiam
1971 1142 2189 1217 didicit
2215 1142 2365 1204 nihil

260 1243 407 1288 esse
438 1225 671 1289 homini
708 1229 986 1289 Romano
1017 1228 1264 1290 foedius
1294 1226 1636 1289 servitute?
1720 1225 1821 1290 16.
1855 1226 2181 1289 idcircone
2212 1245 2364 1304 saga

257 1311 658 1387 sumpsimus,
691 1329 863 1373 arma
892 1312 1193 1390 cepimuS,
1229 1312 1605 1374 iuventutem
1642 1328 1883 1373 omnem
1918 1328 1998 1372 ex
2030 1320 2156 1374 tota
2189 1312 2364 1373 ltalia

257 1397 687 1470 excussimus,
732 1403 797 1457 ut
834 1397 1109 1460 exercitu
1152 1394 1592 1458 florentissimo
1641 1404 1703 1457 et
1740 1396 2006 1457 maximo
2050 1397 2232 1473 legati
2280 1397 2359 1456 ad

260 1495 479 1555 pacem
522 1478 946 1542 mitterentur?
1000 1481 1054 1543 si
1101 1480 1564 1558 accipiendam,
1615 1497 1724 1542 cur
1762 1498 1886 1541 non
1916 1487 2252 1556 rogamur?
2306 1480 2360 1539 si

256 1564 726 1642 postulandam,
776 1564 924 1641 quid
968 1565 1298 1628 timemus?
1351 1567 1416 1625 In
1463 1566 1578 1625 hac
1622 1581 1738 1641 ego
1771 1566 2078 1641 legatione
2109 1564 2224 1627 sim
2255 1573 2362 1624 aut

256 1648 340 1708 ad
366 1646 430 1707 id
462 1647 788 1710 consilium
818 1649 1183 1727 admiscear,
1213 1651 1276 1709 in
1310 1667 1434 1726 quo
1465 1666 1542 1709 ne
1573 1648 1627 1710 si
1656 1648 2017 1712 dissensero
2043 1649 2289 1725 quidem
2323 1666 2360 1707 a

260 1733 515 1801 ceteris,
577 1734 845 1795 sciturus
899 1737 1189 1811 *populus
1221 1737 1539 1795 Romanus
1583 1732 1706 1795 sit?
1760 1736 1848 1795 lta
1890 1734 1998 1795 liet
2024 1743 2092 1795 ut
2122 1733 2176 1794 si
2210 1733 2358 1809 quid

256 1815 585 1878 remissum
628 1826 736 1879 aut
775 1833 1146 1880 eoncessum
1190 1819 1297 1893 sit,
1348 1835 1487 1879 meo
1529 1833 1778 1893 semper
1817 1818 2097 1894 periculo
2140 1826 2355 1893 peccet

264 1900 584 1977 Antonius,
616 1919 804 1978 quum
835 1901 893 1962 ei
921 1902 1221 1980 peccandi
1245 1911 1522 1979 potestas
1547 1919 1586 1962 a
1607 1918 1704 1962 me
1728 1917 2032 1964 concessa
2058 1902 2357 1961 videatur.

387 1983 489 2048 17.
524 1985 701 2060 Quod
731 1987 784 2048 si
806 1988 1092 2049 habenda
1115 2004 1253 2049 cum
1276 1987 1358 2048 M.
1381 1986 1631 2049 Antonii
1661 1987 1977 2050 latrocinio
2003 1987 2178 2064 pacis
2203 1988 2359 2046 ratio

261 2069 402 2141 luit,
433 2085 573 2130 mea
599 2077 797 2131 tamen
830 2087 1101 2147 persona
1134 2073 1214 2133 ad
1244 2071 1423 2133 istam
1460 2086 1675 2147 pacem
1708 2072 2152 2132 conciliandam
2185 2069 2357 2130 mini-

259 2167 359 2212 me
399 2153 515 2213 fuit
552 2153 893 2230 deligenda.
956 2158 1090 2232 Ego
1124 2172 1455 2232 numquam
1485 2156 1724 2231 legatos
1754 2155 2081 2216 mittendos
2111 2154 2357 2214 censui=

259 2252 379 2310 ego
413 2245 555 2297 ante
577 2236 835 2297 reditum
870 2241 1211 2316 legatorum
1240 2257 1433 2301 ausus
1463 2255 1599 2300 sum
1629 2239 1865 2300 dicei-ea
1907 2238 2128 2300 Pacem
2156 2239 2358 2314 ipsam

261 2321 314 2382 si
357 2321 700 2398 adferrent,
746 2324 1033 2398 quoniam
1077 2327 1193 2387 sub
1238 2324 1483 2407 nomine
1516 2321 1689 2397 pacis
1720 2323 1947 2385 bellum
1975 2325 2219 2398 lateret,
2261 2337 2355 2381 re·

258 2406 666 2491 pudiandamz
702 2423 820 2483 ego
850 2408 1142 2485 princeps
1167 2426 1488 2486 sagorum=
1524 2424 1641 2484 ego
1672 2424 1919 2485 semper
1948 2409 2115 2469 illum
2146 2407 2356 2483 appel-

257 2489 380 2551 lavi
428 2491 698 2563 hostem,
756 2509 941 2568 quum
991 2494 1092 2554 alii
1138 2492 1599 2554 adversarium=
1651 2509 1897 2570 semper
1941 2493 2061 2555 hoc
2110 2493 2356 2563 bellum,

259 2591 447 2650 quum
469 2575 571 2637 alii
592 2577 935 2638 tumultum.
977 2578 1102 2638 Nec
1124 2578 1281 2640 haec
1304 2577 1363 2637 in
1390 2584 1611 2639 senatu
1635 2578 1866 2638 solum=
1902 2577 2117 2637 eadem
2142 2577 2220 2635 ad
2245 2591 2355 2649 po·

258 2661 472 2735 pulum
502 2676 752 2736 semper
779 2660 910 2736 egi:
947 2679 1153 2738 neque
1181 2665 1385 2724 solum
1409 2661 1467 2720 in
1500 2659 1722 2735 ipsum,
1752 2660 1864 2722 sed
1900 2659 1960 2720 in
1986 2658 2121 2720 eius
2145 2658 2355 2719 socios

257 2742 598 2804 facinorum
626 2752 689 2805 et
717 2744 1051 2817 ministroS,
1082 2755 1158 2809 et·
1174 2753 1534 2825 praesentes
1569 2755 1630 2805 et
1657 2760 1790 2816 eos,
1824 2745 1928 2820 qui
1952 2760 2074 2804 una
2098 2742 2258 2815 s'unt,
2294 2741 2355 2800 in

258 2835 444 2890 totam
477 2827 750 2904 denique
782 2828 868 2890 Μ.
898 2831 1148 2892 Antonii
1175 2833 1423 2893 domum
1455 2844 1590 2890 sum
1625 2844 1874 2905 semper
1901 2826 2200 2889 invectus.
2254 2823 2356 2888 18.

256 2911 472 2987 Itaque
508 2920 575 2973 ut
600 2913 840 2974 alacres
871 2922 934 2974 et
965 2914 1135 2988 laeti,
1167 2933 1283 2992 spe
1313 2915 1488 2993 pacis
1519 2913 1750 2987 oblata,
1785 2913 1943 2973 inter
1971 2928 2043 2973 se
2071 2910 2239 2988 impii
2272 2908 2356 2970 ci-

259 3012 390 3069 veS,
417 2995 598 3071 quasi
621 2995 935 3070 vicissent,
957 3001 1434 3075 gratulabantur,
1463 2997 1554 3058 sic
1584 3014 1681 3058 me
1711 2997 1987 3074 iniquum
2011 2996 2355 3059 eierabant=

261 3079 340 3139 de
368 3096 467 3140 me
499 3081 940 3156 querebantur=
985 3082 1352 3147 diffidebant
1386 3082 1567 3146 etiam
1599 3081 1881 3145 Servilio.
1955 3081 2357 3143 Meminerant

261 3163 395 3223 eius
427 3163 745 3227 sententiis
777 3168 1089 3229 confixum
1118 3169 1481 3231 Antonium:
1514 3167 1580 3230 L.
1614 3167 1937 3229 Caesarem
1972 3168 2188 3228 fortem
2225 3160 2356 3238 qui·

261 3247 403 3307 dem
424 3246 593 3309 illum
615 3257 676 3309 et
702 3254 1086 3313 constantem
1111 3263 1490 3323 senatorem,
1523 3254 1892 3313 avunculum
1917 3260 2146 3312 tamen:
2184 3248 2350 3309 Cale-

260 3345 405 3391 num
448 3343 943 3406 procuratorem:
985 3335 1273 3398 Pisonem
1316 3334 1702 3398 familiarem:
1746 3346 1807 3398 te
1848 3335 2086 3411 ipsum,
2133 3333 2354 3404 Pansa,

262 3412 863 3479 vehementissimum
888 3427 949 3480 et
976 3420 1373 3482 fortissimum
1397 3420 1713 3482 consulem
1742 3421 1964 3480 sactum
1989 3417 2109 3478 iam
2140 3418 2355 3490 putant

264 3495 588 3560 leniorem=
637 3518 759 3563 non
804 3519 929 3579 quo
971 3501 1055 3564 ita
1096 3505 1176 3566 sit
1217 3511 1322 3566 aut
1361 3521 1504 3566 esse
1547 3501 1778 3577 possit,
1822 3502 1935 3564 sed
1971 3498 2197 3561 mentio
2228 3514 2268 3557 a
2294 3505 2357 3556 te
