2514 3928
222 219 344 283 138
846 220 924 279 IN
955 220 1022 279 L.
1051 217 1390 279 PISONEM
1424 218 1729 281 ORATIO.
2217 228 2298 283 40

223 373 303 433 de
330 367 491 445 utili,
524 370 604 431 de
636 371 923 448 probato,
967 371 1044 430 de
1074 368 1340 432 iudicato
1370 369 1547 431 vobis
1576 368 1713 436 iure
1741 386 1885 432 esse
1914 369 2294 432 constituen-

224 455 368 515 dum
401 452 655 530 videtis,
697 452 882 516 nolite
918 453 1293 515 committere
1319 453 1472 514 utin
1502 468 1571 513 re
1597 462 1718 515 tam
1748 451 2085 516 inveterata
2114 454 2294 530 quid-

225 554 407 613 quam
436 537 582 600 novi
610 536 905 601 sentiatis.
969 536 1073 599 65.
1114 537 1306 598 Simul
1336 545 1397 599 et
1423 536 1555 611 illa,
1598 535 1864 611 iudices,
1914 537 2120 599 omnia
2145 546 2295 601 sote

223 623 439 683 oeulos
484 630 725 684 vestros
766 620 1121 698 proponite=
1178 620 1439 696 primum
1475 635 1620 681 esse
1663 637 1879 683 omnes
1922 620 2103 684 etiam
2145 630 2297 697 post

220 713 473 767 mortem
514 721 659 766 reos
704 705 1079 767 clarissimos
1110 703 1248 766 illos
1281 702 1477 777 viros,
1529 703 1635 779 qui
1664 706 2016 768 foederatos
2047 705 2295 767 civitate

221 789 554 850 donaruntz
610 788 834 850 deinde
887 798 1196 862 senatum,
1257 787 1364 864 qui
1408 804 1601 865 saepe
1640 787 1761 850 hoe
1797 787 2122 851 iudicavit:
2182 806 2295 866 po-

222 873 449 947 pulum,
482 871 585 948 qui
618 871 827 934 iussit:
858 872 1112 944 iudieeS,
1147 869 1254 947 qui
1287 873 1725 947 appnobaruut.
1766 875 1916 934 Tum
1939 874 2117 935 etiam
2140 873 2295 934 illud

219 954 568 1031 cogitatote,
598 955 690 1016 sie
715 956 923 1017 vivere
944 973 1019 1016 ae
1042 954 1276 1016 vixisse
1298 954 1661 1029 Cornelium,
1690 964 1774 1031 ut,
1807 974 1994 1032 quum
2019 956 2294 1018 omnium

220 1046 613 1112 peecatorum
648 1040 1045 1114 quaestiones
1068 1038 1206 1112 sint,
1238 1056 1359 1100 non
1388 1039 1466 1100 de
1488 1038 1768 1101 vitiorum
1794 1057 2044 1102 suorum
2065 1057 2291 1117 poena,

219 1121 331 1181 sed
375 1122 453 1182 de
484 1121 721 1183 virtutis
753 1123 1022 1199 praemio
1058 1122 1118 1184 in
1153 1121 1445 1183 iudicium
1473 1133 1746 1187 vocetur.
1806 1126 2084 1186 Accedat
2105 1124 2294 1186 etiam

223 1202 371 1264 illud
390 1251 407 1279 ,
440 1213 506 1267 ut
531 1206 810 1268 statuatis
840 1207 961 1269 hoe
988 1205 1212 1268 iudicio
1243 1215 1439 1268 utrum
1473 1208 1732 1284 posthae
1762 1209 2059 1270 amicitias
2095 1211 2291 1270 elero-

218 1303 352 1347 rum
385 1288 651 1352 virorum
678 1291 1001 1353 calamitati
1023 1289 1371 1352 hominibus
1397 1308 1471 1351 an
1499 1301 1856 1355 ornamento
1882 1291 2294 1353 esse-maliti&

218 1369 533 1435 Postremo
569 1373 737 1449 illud,
768 1376 1024 1451 indictae,
1053 1375 1242 1436 fixum
1275 1375 1335 1435 in
1366 1374 1584 1436 animis
1610 1376 1833 1438 vestris
1858 1384 2141 1448 tenetote,
2176 1392 2294 1435 vos

217 1453 276 1513 in
324 1455 440 1517 hae
488 1472 677 1519 eausa
706 1475 829 1521 non
861 1462 940 1521 de
976 1459 1277 1521 maleficio
1306 1459 1372 1518 L.
1402 1459 1695 1533 Cornelii,
1737 1460 1849 1521 sed
1880 1461 1959 1520 de
1985 1459 2293 1521 beneficio

215 1537 319 1597 Cn.
356 1539 628 1617 Pompeii
664 1542 1059 1605 iudicaturos.

807 1888 892 1970 M.
947 1888 1221 1971 TULLll
1275 1888 1702 1972 elcEstole

328 2013 420 2107 ιΝ
481 2013 563 2110 ι..
623 2014 1237 2117 οΑιΡυιιΝιιιΜ
1286 2019 1701 2151 ΡιεοΝΕΜ
1762 2019 2150 2116 (mmo.

439 2334 1092 2395 ARGUMENTUM
1136 2335 1201 2408 Q.
1244 2335 1622 2396 ASCONII
1664 2334 2062 2396 PEDIANI.

311 2503 444 2552 Haec
478 2502 636 2552 oratio
669 2495 803 2553 dieta
825 2509 900 2551 est
921 2500 1012 2556 Cn.
1034 2503 1277 2568 Pompeio
1298 2503 1484 2569 Magno
1507 2502 1568 2551 11.
1599 2501 1665 2553 Μ.
1685 2501 1867 2552 Crasso
1884 2502 1945 2552 11.
1977 2516 2110 2552 coss·
2134 2499 2204 2567 [a.
2227 2517 2285 2553 u.

210 2587 261 2621 e.
285 2568 431 2637 699.]
456 2578 569 2621 ante
595 2585 785 2636 paucos
808 2571 933 2628 dies,
954 2585 1106 2634 quam
1132 2571 1222 2621 Cn.
1247 2570 1517 2637 Pompeius
1537 2571 1686 2621 ludos
1705 2569 1911 2631 feceret,
1932 2571 2118 2634 quibus
2137 2568 2283 2619 thea-

207 2647 344 2691 trum
372 2655 403 2692 s
422 2656 477 2690 se
502 2639 691 2690 factum
710 2639 983 2690 dedicavit.
1013 2640 1118 2690 Hoc
1134 2640 1351 2707 intelligi
1371 2656 1436 2691 ex
1452 2640 1615 2706 ipsius
1635 2638 1887 2690 Ciceronis
1906 2640 2074 2690 verbis
2096 2646 2279 2703 potest,

203 2710 410 2771 quaein
430 2708 529 2760 hae
547 2710 771 2760 oratione
789 2708 978 2774 posuit.
1012 2709 1149 2760 Dixit
1167 2710 1299 2760 enim
1320 2710 1395 2759 sic
1417 2706 1485 2774 [e.
1500 2709 1586 2759 27.
1612 2709 1666 2771 S.
1682 2706 1772 2774 65]
1788 2723 1802 2757 ε
1818 2707 2026 2760 Instant
2048 2714 2165 2772 pose
2188 2706 2278 2757 700-

204 2780 382 2829 mimem
408 2780 686 2831 memoriam
715 2779 1096 2841 apparatissimi
1113 2779 1664 2844 maqnmoentiesenique
1693 2777 1813 2827 ludi.
1865 2775 2143 2827 Fenestella
2164 2775 2278 2838 qui-

205 2846 324 2895 dem
351 2847 525 2910 posuit
548 2847 682 2897 hane
710 2846 841 2896 inter
865 2860 951 2896 eas
970 2848 1220 2897 orationes
1237 2887 1252 2909 ‚
1285 2860 1412 2909 quas
1440 2847 1566 2896 dixit
1592 2845 1765 2896 Cicero
1785 2846 1842 2895 L.
1863 2846 2086 2897 Domitio
2106 2844 2275 2909 Appio

206 2911 420 2964 Claudio
439 2928 571 2967 coss,
589 2915 840 2965 nltimam.
880 2912 982 2965 Sed
1000 2923 1053 2964 ut
1071 2930 1166 2980 ego
1186 2916 1249 2964 ab
1272 2930 1331 2964 eo
1352 2915 1646 2965 dissentiam
1664 2951 1679 2975 ,
1711 2914 1837 2964 feeit
1854 2915 2074 2979 primum
2092 2949 2107 2977 ,
2139 2912 2274 2975 quod

208 2982 326 3031 Piso
351 2995 584 3032 reversus
605 2991 678 3032 est
702 2998 766 3033 ex
787 2984 1045 3048 provincis
1064 2984 1308 3048 Pompeio
1328 2992 1376 3033 et
1400 2982 1581 3033 Crasso
1599 2997 1731 3037 coss.
1755 3019 1770 3042 ‚
1795 2981 2038 3033 Gabinius
2055 2980 2274 3033 Domitio

204 3056 258 3098 et
277 3050 447 3115 Appio
462 3086 476 3110 ,
508 3048 641 3101 hano
660 3060 826 3101 sutem
850 3052 1128 3103 orationem
1147 3051 1332 3101 dietam
1355 3047 1472 3102 snt'e
1491 3051 1693 3103 Gabinii
1715 3050 1931 3102 reditum
1951 3066 2016 3103 ex
2038 3053 2152 3117 ipss
2167 3061 2273 3098 ma-

205 3117 448 3169 nifestum
478 3127 583 3168 est:
622 3119 807 3170 deinde
836 3121 972 3182 quod
1003 3120 1166 3184 magis
1194 3120 1420 3170 naturale
1451 3127 1532 3169 est
1562 3131 1617 3170 ιιι
1648 3122 1763 3185 ipso
1794 3122 1983 3171 recenti
2012 3120 2176 3171 reditu
2197 3120 2273 3166 in-

208 3195 384 3237 vectus
417 3188 485 3237 sit
514 3188 563 3237 in
587 3185 877 3238 Ciceronem
907 3189 1327 3253 responderitque
1356 3189 1675 3239 insectationi
1705 3191 1847 3250 eius,
1877 3205 1977 3253 qua
2008 3197 2272 3239 revomtus

203 3263 313 3304 erat
347 3270 412 3305 ex
432 3257 709 3320 provincia,
729 3270 878 3320 quam
896 3269 1011 3322 post
1030 3258 1147 3306 anni
1168 3257 1503 3308 intervallum.
1542 3260 1769 3323 Apparet
1788 3269 1953 3308 autem
1979 3256 2269 3308 Ciceronem

205 3324 532 3388 respondisse
549 3325 740 3374 Pisoni.
780 3326 834 3374 ln
856 3339 1078 3384 summa,
1100 3341 1253 3388 quum
1275 3326 1481 3375 dicatio
1501 3328 1612 3392 ipsa
1628 3329 1857 3376 oratione
1884 3326 2056 3377 Cicero
2081 3328 2268 3376 instare

206 3386 228 3455 [
234 3399 353 3454 post
381 3392 617 3443 honam
646 3394 951 3461 moriam]
999 3395 1525 3460 magnificentissimos
1570 3395 2084 3460 apparatissimosque
2122 3390 2271 3443 ludos

207 3475 302 3510 non
336 3461 510 3522 video,
541 3477 642 3525 qno
682 3463 830 3514 modo
852 3462 956 3512 hoe
980 3463 1388 3529 magisDomitio
1403 3470 1456 3513 et
1475 3466 1641 3529 Appio
1662 3476 1798 3516 coss.
1825 3464 2014 3514 dictum
2037 3465 2128 3513 sit.
2159 3460 2270 3523 qui-
2365 3493 2372 3500 -
