2514 3928
200 221 295 276 45.
885 214 1050 274 ΟΑΡ.
1083 220 1207 274 s-
1225 222 1277 276 6.
1324 220 1375 280 s.
1397 222 1435 277 o
1451 247 1524 258 -·
1543 224 1630 275 12.
2147 213 2269 277 143

200 365 439 425 Romae
470 362 625 424 dicis
661 361 888 437 fuisse,
928 364 1118 424 verbo
1150 379 1478 440 numquam
1511 364 1874 441 significaris
1909 365 2269 429 sententiam

200 455 373 510 tuam
399 447 581 508 tantis
613 446 675 506 in
709 446 1043 522 naufragiis
1077 447 1358 508 civitati-s.

327 531 406 591 V.
454 529 559 592 lo.
593 529 876 591 Nondum
921 547 1081 606 quae
1124 529 1379 606 feceris,
1426 532 1540 592 sed
1573 548 1730 606 quae
1760 533 1892 594 fieri
1921 550 2152 609 passus
2179 533 2268 595 sis

199 614 365 675 dico.
441 614 657 690 Neque
694 629 841 676 vero
882 615 1132 675 multum
1176 612 1462 688 interest,
1495 615 1852 690 praesertim
1893 615 1954 676 in
1992 618 2268 690 consule,

197 705 409 758 utrum
446 698 582 773 ipse
622 696 986 773 perniciosis
1033 698 1303 773 legibuS,
1363 697 1660 773 improbis
1703 698 2088 767 contionibus
2138 716 2267 759 rem

199 779 509 856 publicam
538 789 721 842 vexet
747 797 826 841 an
855 782 1017 842 alios
1045 797 1269 842 vexare
1300 780 1577 858 patiatur.
1621 785 1718 842 An
1746 791 1952 858 potest
1979 782 2102 843 ulla
2124 799 2267 844 esse

196 863 549 939 excusatio,
582 879 704 924 non
734 865 932 926 dicam
963 866 1121 926 male
1151 865 1465 939 sentienti,
1500 868 1613 927 sed
1649 866 1909 939 sedenti,
1938 868 2265 936 cunctantL

194 948 518 1010 dormienti
574 949 636 1008 in
688 949 950 1010 maximo
1003 949 1416 1024 reipublicae
1464 958 1632 1012 motu
1673 951 1957 1012 consuli?
2012 951 2264 1012 Centum

195 1047 397 1108 prope
437 1049 636 1092 annos
665 1033 860 1107 legem
894 1034 1130 1094 Aeliam
1163 1040 1223 1092 et
1248 1033 1483 1095 Fufiam
1510 1040 1929 1108 tenueramuS,
1976 1035 2263 1110 quadrin-

191 1123 413 1190 gentos
453 1113 745 1177 iudicium
789 1115 1224 1190 notionemque
1265 1116 1634 1189 censoriam,
1682 1136 1839 1193 quas
1867 1119 2038 1193 leges
2071 1134 2265 1179 ausus

191 1206 292 1260 est
330 1215 457 1259 non
494 1213 675 1257 nemo
718 1197 1067 1271 improbus,
1128 1199 1325 1273 potuit
1368 1199 1612 1273 quidem
1658 1217 1837 1261 nemo
1882 1204 2261 1262 convellere=

194 1297 384 1355 quam
427 1285 792 1354 potestatem
835 1279 1108 1339 minuere
1156 1296 1279 1355 quo
1333 1281 1532 1342 minus
1584 1283 1663 1340 de
1710 1282 1981 1343 moribus
2037 1284 2263 1345 nostris

196 1361 413 1437 quinto
456 1376 707 1436 quoque
744 1378 903 1422 anno
943 1362 1316 1422 iudicaretur
1358 1379 1537 1423 nemo
1579 1369 1701 1422 tam
1743 1363 1942 1424 effuse
1984 1367 2265 1440 petulans

193 1452 459 1506 conatus
507 1453 620 1505 est.
683 1442 783 1507 11.
830 1445 1000 1506 Haec
1041 1451 1201 1519 sunt,
1246 1460 1283 1504 o
1326 1445 1628 1517 carnifex,
1670 1446 1729 1504 in
1760 1448 1992 1520 gremio
2028 1451 2267 1523 sepulta

195 1528 561 1591 consulatus
589 1526 692 1592 tui.
735 1529 1114 1604 persequere
1172 1544 1452 1590 conexos
1494 1528 1592 1590 his
1616 1529 1931 1590 funeribus
1955 1531 2108 1591 dieS.
2151 1531 2265 1591 Pro

191 1612 447 1673 Aurelio
497 1610 807 1686 tribunali,
897 1629 977 1673 ne
1035 1612 1359 1674 conivente
1410 1613 1656 1688 quidem
1704 1621 1794 1687 te,
1848 1594 2016 1689 quo‘d
2066 1615 2267 1689 ipsum

192 1705 363 1757 esset
395 1695 622 1769 scelus»,
657 1697 769 1756 sed
802 1693 982 1756 etiam
1011 1695 1397 1758 hilarioribus
1432 1697 1627 1758 oculis
1659 1713 1843 1772 quam
1877 1697 2097 1759 solitus
2127 1713 2264 1757 eras

190 1779 492 1851 intuente,
541 1779 802 1840 dilectus
842 1795 1162 1840 servorum
1199 1780 1537 1842 habebatur
1564 1782 1642 1842 ab
1672 1798 1780 1852 ec,
1827 1783 1933 1856 qui
1966 1781 2112 1842 nihil
2146 1781 2261 1843 sibi

191 1879 483 1938 umquam
509 1878 627 1923 nec
662 1863 867 1923 facere
894 1879 1009 1923 nec
1040 1864 1164 1939 pati
1191 1870 1372 1940 turpe
1406 1880 1550 1926 esse
1566 1865 1771 1927 duxit.
1816 1867 2008 1926 Arma
2027 1865 2088 1926 in
2113 1874 2261 1926 tem-

190 1948 297 2023 plo
323 1945 612 2021 CastoriS,
645 1963 687 2007 o
714 1947 990 2023 proditor
1021 1948 1386 2023 templorum
1415 1948 1708 2023 omnium,
1756 1946 2006 2010 vidente
2034 1956 2091 2011 te
2116 1966 2261 2012 con-

190 2030 599 2092 stituebantur
621 2031 698 2089 ab
729 2046 805 2090 eo
828 2030 1096 2105 latrone,
1137 2031 1234 2092 cui
1268 2033 1555 2106 templum
1584 2032 1732 2094 illud
1768 2033 1879 2094 fuit
1918 2041 1976 2095 te
2005 2033 2263 2094 consule

189 2130 304 2174 arx
333 2113 561 2175 civium
585 2112 990 2188 perditorum,
1036 2117 1489 2191 receptaculum
1522 2122 1792 2177 veterum
1823 2117 2112 2178 Catilinae
2153 2117 2263 2175 mi-

190 2196 392 2267 litum,
434 2197 752 2258 castellum
799 2197 1064 2258 forensis
1108 2197 1438 2271 latrocinii,
1483 2198 1729 2260 bustum
1756 2201 1959 2275 legum
1996 2199 2262 2260 omnium

190 2296 265 2340 ac
307 2278 689 2356 religionum.
761 2280 906 2341 Erat
946 2298 1068 2341 non
1092 2283 1297 2343 solum
1318 2281 1540 2340 domus
1565 2296 1721 2350 mea,
1743 2282 1857 2339 sed
1883 2288 2078 2342 totum
2100 2283 2268 2341 Pala-

193 2362 369 2436 tium,
435 2373 673 2438 senatu,
703 2362 1009 2439 equitibus
1032 2363 1347 2438 RomaniS,
1376 2363 1620 2425 civitate
1643 2363 1827 2439 omni,
1851 2364 2021 2425 Italia
2043 2372 2263 2424 cuncta

191 2447 507 2522 refertum,
552 2465 745 2524 quum*
777 2455 842 2508 tu
883 2464 1003 2510 non
1044 2449 1228 2508 modo
1275 2448 1356 2508 ad
1398 2465 1535 2509 eum
1554 2442 1958 2525 [Ciceronem]
1979 2480 2063 2493 —
2093 2446 2260 2508 mitto

191 2529 353 2591 enim
400 2531 770 2605 domestica,
830 2548 992 2607 quae
1029 2532 1240 2606 negari
1286 2541 1574 2605 possunt:
1632 2533 1786 2592 haec
1829 2546 2258 2602 commemor0‚

192 2630 354 2690 quac
383 2622 525 2676 sunt
552 2616 752 2689 palam
780 2648 869 2661 --
899 2631 1023 2675 non
1055 2614 1260 2686 mod0,
1292 2613 1560 2687 inquam,
1589 2614 1670 2674 ad
1694 2630 1849 2686 eum,
1882 2613 1979 2673 cui
2005 2612 2260 2687 primam

190 2698 450 2759 comitiis
481 2700 604 2760 tuis
634 2699 898 2760 dederas
929 2698 1192 2759 tabulam
1225 2697 1711 2771 praerogativae,
1744 2712 1926 2771 quem
1957 2694 2019 2755 in
2042 2701 2261 2756 senatu

190 2781 550 2843 sententia-m
591 2782 857 2857 rogabas
885 2780 1155 2854 tertium,
1203 2795 1534 2854 numquam
1563 2778 1883 2853 aspirasti,
1927 2779 2038 2838 sed
2069 2777 2261 2839 omni-

187 2866 306 2926 bus
352 2865 654 2938 consiliis,
705 2881 864 2941 qtme
906 2866 985 2925 ad
1031 2881 1130 2937 me
1171 2861 1642 2945 opprimendum
1687 2862 2091 2938 parabantur,
2138 2878 2258 2925 non

189 2947 513 3010 interfuisti
541 2950 772 3023 solum,
814 2964 1028 3009 verum
1060 2947 1240 3009 etiam
1272 2945 1697 3008 crudelissime
1727 2945 2067 3021 praefuisti.

311 3033 415 3094 VI.
455 3031 555 3096 12.
584 3032 732 3093 Mihi
762 3048 907 3092 vero
938 3031 1057 3107 ipsi
1081 3047 1288 3103 coram
1311 3047 1541 3107 genero
1565 3047 1723 3104 meo,
1758 3030 2107 3108 propinquo
2129 3040 2256 3102 tuo,

191 3131 350 3192 quae
407 3117 613 3177 dicere
656 3132 847 3177 ausus
889 3122 1001 3176 es?
1053 3116 1281 3189 Egere,
1341 3113 1491 3175 foris
1531 3130 1676 3177 esse
1716 3114 2065 3177 Gabinium:
2124 3116 2260 3174 sine

187 3198 507 3276 provincia
547 3207 712 3262 stare
754 3217 875 3261 non
924 3214 1145 3275 posse=
1187 3215 1362 3273 spem
1403 3197 1632 3260 habere
1677 3215 1715 3259 a
1753 3197 1995 3260 tribuno
2037 3196 2257 3273 plebis,

190 3284 242 3344 si
269 3300 386 3345 sua
427 3283 688 3348 consilia
734 3300 873 3346 cum
911 3282 1016 3344 illo
1058 3282 1511 3344 coniunxisset.
1548 3299 1584 3341 a
1610 3290 1826 3343 senatu
1869 3281 2117 3357 quidem
2153 3280 2257 3339 de·
2353 3343 2358 3346 ,

191 3383 513 3443 sperasse=
559 3367 742 3430 huius
774 3375 832 3429 te
862 3364 1175 3443 cupiditati
1206 3365 1489 3442 obsequi,
1519 3364 1699 3427 sicuti
1730 3380 1845 3440 ego
1878 3362 2161 3423 fecissem
2198 3361 2257 3418 in

189 3451 422 3526 collega
467 3466 635 3511 mco.
680 3450 825 3511 nihil
866 3466 1011 3511 esse
1055 3450 1221 3525 quod
1267 3449 1636 3524 praesidium
1676 3446 1999 3508 consulum
2042 3442 2252 3512 implo-
