2514 3928
366 225 492 290 252
807 223 952 285 PRO
984 226 1049 284 T.
1084 222 1324 284 ANNIO
1354 220 1646 284 MILONE
1678 221 1982 283 ORATIO.
2383 234 2476 289 ²8

366 378 532 454 apud
580 392 650 436 se
690 374 898 437 ebrios
946 375 1145 437 factos
1187 373 1312 436 sibi
1353 375 1682 436 confessos
1722 391 1868 435 esse
1907 374 1987 434 de
2018 372 2472 441 interficiendo

364 459 657 535 Pompeio
688 456 1064 529 coniurasse,
1088 457 1311 519 deinde
1332 465 1551 533 postea
1573 475 1645 519 se
1667 457 1871 533 gladio
1902 473 2271 532 percussum
2302 475 2477 520 esse

365 545 444 606 ab
474 560 598 605 uno
644 543 722 603 de
748 541 901 615 inis,
934 558 1012 602 ne
1045 539 1361 609 indicaret.
1401 536 1692 616 Pompeio
1733 537 1796 600 in
1842 540 2057 603 hortos
2110 542 2470 615 nuntiavit,

365 642 653 689 arcessor
693 624 754 685 in
797 623 1041 702 primis:
1095 625 1175 685 de
1226 622 1562 685 amicorum
1601 622 1907 685 sententia
1941 640 2071 684 rem
2120 625 2329 686 defert
2376 628 2468 686 ad

365 719 662 772 senatum.
759 710 893 770 Non
945 716 1225 785 poteram
1280 708 1340 767 in
1399 707 1560 769 illius
1604 706 1720 768 mei
1767 708 2123 783 patriaeque
2161 709 2468 770 custodis

365 801 530 856 tanta
581 790 925 869 suspitione
966 808 1090 853 non
1129 798 1295 852 metu
1341 789 1704 864 exanimari,
1758 791 1872 852 sed
1927 790 2193 851 mirabar
2240 799 2466 853 tamen

365 875 534 939 credi
561 892 786 953 popae,
819 873 1276 936 confessionem
1298 890 1618 936 servorum
1647 873 1860 947 audiri,
1892 875 2116 935 vulnus
2139 873 2199 932 in
2232 876 2460 947 latere,

366 961 534 1037 quod
575 975 693 1019 acu
732 965 1023 1036 punctum
1068 955 1405 1030 videretur,
1457 975 1568 1034 pro
1611 956 1733 1018 ictu
1774 957 2130 1033 gladiatoris
2170 959 2461 1033 probari.

364 1045 470 1107 66.
493 1045 744 1117 Verum,
776 1048 844 1104 ut
870 1039 1162 1117 intelligo,
1193 1041 1452 1102 cavebat
1484 1042 1677 1118 magis
1706 1040 2033 1116 Pompeius
2058 1057 2243 1117 quam
2271 1041 2458 1104 time·

364 1128 499 1200 bat,
539 1142 664 1187 non
700 1141 775 1187 ea
806 1126 1034 1199 solum,
1081 1141 1242 1201 quae
1270 1124 1537 1187 timenda
1566 1131 1769 1199 erant,
1801 1125 1916 1184 sed
1949 1124 2184 1198 omnia,
2218 1141 2299 1185 ne
2332 1142 2457 1187 vos

363 1208 595 1286 aliquid
624 1207 933 1270 timeretis.
1022 1207 1390 1285 oppugnata
1419 1209 1638 1269 domus
1669 1208 1734 1272 C.
1768 1206 2083 1281 Caesaris,
2118 1207 2456 1271 clarissimi

366 1301 425 1355 et
455 1291 767 1355 fortissimi
797 1291 928 1366 viri,
961 1309 1072 1369 per
1100 1294 1321 1354 multas
1348 1291 1545 1353 noctis
1572 1291 1756 1353 horas
1800 1291 2204 1352 nuntiabatur.
2249 1293 2454 1354 Nemo

364 1376 641 1440 audierat
671 1384 794 1438 tam
824 1375 1052 1438 celebri
1086 1377 1245 1452 loco,
1276 1391 1455 1436 nemo
1485 1385 1793 1437 senseram
1826 1383 2025 1436 tamen
2055 1375 2445 1437 audiebatur.

369 1462 498 1522 Non
530 1468 804 1537 poteram
838 1460 945 1521 Cn.
973 1460 1361 1536 Pompeium,
1405 1457 1932 1534 praestantissima
1976 1458 2192 1520 virtute
2227 1458 2459 1540 virum,

365 1542 639 1606 timidum
670 1544 1003 1619 suspicariz
1050 1539 1421 1619 diligentiam
1473 1550 1600 1603 tota
1631 1559 1699 1602 re
1737 1541 1984 1617 publica
2024 1551 2325 1618 suscepta
2357 1544 2442 1603 ni-

364 1626 544 1688 miam
577 1628 804 1688 nullam
833 1626 1143 1702 putabam.
1212 1625 1736 1701 Frequentissimo
1769 1634 1988 1686 senatu
2017 1641 2216 1701 nuper
2237 1624 2300 1685 in
2331 1626 2443 1687 Ca-

364 1709 575 1786 pitolio
606 1718 855 1771 senator
880 1707 1165 1771 inventus
1196 1717 1293 1770 est
1323 1708 1427 1784 qui
1453 1707 1744 1770 Milonem
1774 1724 1912 1770 cum
1942 1709 2063 1770 telo
2097 1724 2243 1770 esse
2272 1706 2443 1771 dIce-

361 1800 473 1853 ret.
557 1791 824 1853 Nudavit
856 1808 925 1852 se
954 1791 1016 1852 in
1053 1791 1443 1855 sanctissimo
1469 1794 1713 1868 templo,
1746 1789 2034 1869 quoniam
2059 1793 2182 1854 vita
2209 1791 2355 1853 talis
2387 1802 2441 1853 el

361 1875 516 1938 civis
546 1884 607 1937 et
642 1874 755 1935 viri
783 1876 969 1936 fidem
997 1893 1120 1938 non
1155 1876 1432 1949 faciebat,
1463 1883 1526 1937 ut
1556 1893 1630 1937 eo
1662 1883 1902 1938 tacente
1920 1892 2023 1936 res
2053 1874 2192 1952 ipsa
2220 1877 2439 1954 loque-

362 1969 547 2021 retur.
618 1959 802 2020 XXV.
834 1957 936 2024 67.
970 1959 1185 2022 Omnia
1214 1961 1369 2021 falsa
1401 1968 1587 2037 atque
1620 1958 1920 2022 insidiose
1950 1959 2093 2021 ficta
2122 1971 2440 2035 comperta

363 2050 523 2105 sunt.
613 2043 809 2118 Quum
844 2053 1076 2120 tamen,
1122 2043 1177 2104 si
1225 2043 1509 2105 metuitur
1550 2045 1730 2105 etiam
1759 2059 1923 2106 nunc
1950 2043 2128 2117 Milo,
2163 2059 2287 2104 non
2318 2041 2440 2103 iam

325 2203 332 2208 ,
361 2128 480 2189 hoc
509 2126 864 2189 Clodianum
892 2127 1120 2189 crimen
1153 2126 1463 2199 timemuS,
1509 2128 1622 2187 sed
1651 2136 1785 2189 tuas
1805 2173 1820 2197 ,
1858 2128 1962 2187 Cn.
1988 2124 2239 2201 Pompei
2264 2157 2354 2170 —
2387 2136 2442 2187 tc

362 2209 524 2271 enim
556 2209 677 2271 iam
722 2211 971 2287 appello
1013 2219 1074 2271 et
1101 2227 1177 2272 ea
1200 2226 1375 2284 voce,
1404 2219 1470 2271 ut
1497 2227 1593 2271 me
1615 2208 1907 2272 exaudire
1939 2210 2149 2285 possis
2169 2242 2257 2257 —-
2277 2217 2440 2282 tuas,

361 2302 520 2366 tuaS,
552 2290 822 2368 inquam,
863 2292 1242 2369 suspitioues
1266 2293 1819 2369 perhorrescimusz
1844 2293 1898 2354 si
1916 2292 2205 2354 Milonem
2234 2292 2443 2369 timeS‚

363 2376 416 2436 si
441 2374 605 2436 hunc
639 2376 718 2436 de
752 2385 854 2438 tua
874 2370 1004 2438 vita
1024 2376 1253 2438 nefarie
1289 2387 1393 2439 aut
1420 2393 1581 2438 nunc
1609 2379 1877 2453 cogitare
1906 2384 2012 2437 aut
2031 2375 2303 2438 molitum
2328 2376 2438 2437 ali-

365 2460 612 2534 quando
645 2458 876 2535 aliquid
900 2469 1099 2536 putaS,
1136 2459 1191 2522 si
1212 2461 1419 2522 ltaliae
1450 2460 1728 2534 dilectuS‚
1757 2469 1824 2523 ut
1852 2477 1973 2522 non
2003 2458 2150 2521 nulli
2179 2461 2436 2535 conqui-

362 2541 583 2605 sitores
606 2542 694 2605 tui
716 2542 1096 2619 dictitamnt,
1130 2543 1185 2606 si
1209 2543 1363 2606 haec
1392 2560 1589 2620 arma,
1635 2543 1690 2605 si
1719 2543 2098 2619 Capitolinae
2127 2542 2441 2615 cohorteS,

361 2625 414 2688 si
439 2625 758 2703 excubiae,
790 2626 845 2690 si
870 2627 1130 2705 vigiliae,
1163 2628 1217 2690 si
1255 2627 1479 2690 dilecta
1498 2628 1798 2702 iuventuS,
1833 2637 1992 2704 quae
2014 2635 2181 2688 tuum
2205 2642 2439 2702 corpus

360 2712 732 2789 domumque
767 2713 1063 2787 custodit,
1098 2720 1312 2774 contra
1337 2710 1582 2772 Milonis
1616 2710 1903 2788 impetum
1933 2718 2163 2772 armata
2192 2718 2317 2783 est,
2348 2719 2434 2772 at·

361 2812 483 2869 que
512 2794 616 2856 illa
649 2794 853 2857 omnia
882 2795 945 2856 in
978 2796 1140 2857 hunc
1175 2811 1363 2858 unum
1406 2795 1704 2869 instituta,
1745 2803 1985 2871 parata,
2013 2794 2246 2857 intenta
2273 2803 2432 2866 sunt,

358 2892 577 2953 magna
594 2880 658 2939 in
693 2880 814 2942 hoc
855 2889 1024 2941 certe
1045 2878 1141 2939 vis
1186 2886 1249 2939 et
1294 2875 1668 2939 incredibilis
1713 2877 1953 2941 animus
1996 2886 2058 2940 et
2096 2894 2217 2938 non
2253 2876 2437 2939 unius

360 2958 473 3018 viri
509 2959 671 3022 vires
701 2969 889 3035 atque
919 2978 1073 3038 opes
1104 2959 1478 3031 iudicantur,
1511 2960 1566 3022 si
1597 2961 1844 3038 quidem
1872 2960 2125 3026 inhunc
2153 2978 2340 3022 unum
2374 2968 2434 3021 et

356 3041 924 3116 praestantissimus
969 3046 1097 3105 dux
1126 3044 1359 3105 electus
1408 3055 1468 3107 et
1501 3054 1625 3107 tota
1650 3062 1753 3107 res
1786 3044 2034 3122 publica
2059 3053 2288 3105 armata
2316 3051 2432 3105 est.

355 3124 462 3186 68.
494 3124 621 3186 Sed
649 3124 789 3200 quis
823 3124 945 3187 non
976 3126 1253 3203 intelligit
1282 3144 1494 3190 omnes
1519 3127 1624 3191 tibi
1663 3127 1753 3190 rei
1782 3127 2064 3205 publicae
2093 3136 2300 3205 partes
2329 3143 2432 3188 ae·

356 3221 500 3280 gras
523 3206 900 3281 erlabantes
932 3218 998 3271 ut
1019 3226 1127 3271 eas
1149 3209 1246 3272 his
1270 3211 1454 3275 armis
1479 3227 1736 3275 sanares
1761 3220 1820 3274 et
1849 3214 2263 3286 confirmares,
2290 3226 2434 3272 esse

357 3288 765 3352 commissas?
792 3290 965 3365 Quod
995 3293 1049 3355 si
1076 3295 1252 3358 locus
1274 3294 1485 3357 Miloni
1511 3296 1691 3358 datus
1719 3305 1905 3370 esset,
1936 3295 2260 3373 probasset
2289 3310 2432 3369 pro·

357 3370 517 3433 recto
547 3372 654 3434 tibi
692 3371 844 3449 ipsi,
885 3376 1185 3440 neminem
1215 3395 1510 3455 umquam
1542 3377 1849 3441 hominem
1882 3378 2108 3442 homini
2137 3374 2434 3438 cariorem

357 3450 552 3516 misse
591 3472 771 3532 quam
802 3467 861 3520 te
895 3459 1044 3522 sibi=
1089 3464 1320 3525 nullum
1368 3480 1438 3524 se
1478 3479 1766 3538 umquam
1805 3462 2143 3538 periculum
2178 3476 2295 3538 pro
2332 3471 2434 3521 tua
