2514 3928
404 339 527 404 386
678 340 753 399 ΙΝ
782 340 861 397 Μ.
893 337 1295 399 ANTONIUM
1325 336 1608 404 ORATIO
1636 331 2058 402 PHILIPPICA
2088 342 2191 401 vl.
2385 350 2457 405 88

402 489 633 558 ricidiis
658 491 1012 564 delectatur,
1034 499 1101 553 ut
1123 488 1371 560 mulieri.
1383 488 1562 551 citius
1581 490 1979 555 avarissimae
2002 491 2269 567 paruerit
2286 508 2449 567 quam

404 574 640 638 senatui
699 575 1054 650 populoque
1096 575 1395 639 Romano.
1493 574 1591 632 111.
1647 572 1708 637 5.
1755 574 1995 649 Itaque,
2053 575 2221 651 quod
2264 577 2453 651 paullo

403 668 543 725 ante
578 656 695 722 feci
724 656 785 718 in
814 667 1064 731 senatu,
1104 657 1324 720 faciam
1359 658 1528 732 apud
1563 674 1695 719 vos.
1770 657 2118 733 Testificor,
2153 658 2449 732 denuntio,

403 751 542 804 ante
587 741 876 817 praedico
919 740 1066 801 nihil
1102 740 1186 804 M.
1214 740 1543 803 Antonium
1589 757 1829 816 eorum,
1876 758 2034 817 quae
2077 750 2223 804 sunt,
2256 741 2459 817 legatis

404 828 702 899 mandata,
738 827 1062 889 facturumz
1094 832 1470 888 vastaturum
1497 840 1703 901 agros,
1727 824 2021 886 Mutinam
2053 825 2458 900 obsessurum,

403 911 659 971 dilectus
691 926 813 985 qua
848 908 1050 984 possit
1081 907 1441 973 habiturum.
1515 908 1574 969 Is
1602 917 1698 970 est
1724 908 1884 970 enim
1918 908 2051 981 ille,
2093 908 2198 984 qui
2228 924 2462 985 semper

404 1002 657 1056 senatus
680 992 968 1055 iudicium
989 999 1051 1053 et
1072 990 1511 1063 auctoritatem,
1541 1008 1788 1067 semper
1811 993 2183 1058 voluntatem
2205 1001 2460 1058 vestram

404 1083 896 1153 potestatemque
943 1074 1394 1151 contempserit.
1459 1078 1555 1136 An
1586 1076 1689 1136 ille
1717 1075 1778 1136 id
1810 1075 2020 1147 faciat,
2067 1076 2234 1151 quod
2266 1077 2462 1151 paullo

402 1169 552 1221 ante¹
593 1158 905 1224 decretum
947 1168 1069 1232 est,
1130 1168 1195 1223 ut
1234 1158 1570 1222 exercitum
1620 1158 1768 1223 citra
1808 1158 2035 1222 flumen
2071 1159 2462 1232 Rubiconem,

408 1241 511 1318 qui
553 1240 693 1304 finis
731 1251 830 1305 est
856 1241 1120 1316 Galliae,
1161 1243 1484 1315 educeret,
1525 1242 1669 1304 dum
1712 1260 1789 1303 ne
1818 1242 2077 1317 propius
2109 1242 2324 1303 urbem
2352 1244 2462 1304 Ro·

402 1342 562 1387 mam
604 1326 869 1388 ducenta
917 1324 1080 1388 milia
1110 1327 1508 1388 admoveret?
1532 1326 1703 1389 ¹Huic
1758 1324 2205 1388 denuntiationi
2238 1325 2460 1401 illepa·

401 1416 575 1472 reat?
615 1409 718 1470 ille
746 1427 815 1471 se
848 1408 1039 1472 fluvio
1069 1410 1389 1472 Rubicone
1419 1418 1480 1470 et
1507 1408 1786 1471 ducentis
1815 1410 2056 1472 milibus
2092 1408 2464 1474 circumscri-

406 1502 571 1569 ptum
612 1510 755 1554 esse
797 1493 1103 1568 patiatur?
1188 1492 1245 1554 6.
1284 1493 1415 1554 Non
1445 1492 1499 1553 is
1531 1500 1627 1554 est
1656 1493 1978 1556 Antonius.
2022 1493 2173 1553 Nam
2204 1492 2259 1554 si
2290 1502 2463 1568 esset.

404 1594 524 1638 non
557 1575 966 1639 commisisset
998 1586 1064 1638 ut
1088 1576 1143 1636 ei
1167 1583 1438 1651 senatuS,
1468 1583 1771 1652 tamquam
1794 1575 2116 1637 Hannibali
2138 1575 2313 1637 initio
2338 1573 2470 1636 belli

285 1682 292 1692 ’
405 1660 643 1733 Punici,
698 1660 1083 1723 denuntiaret
1123 1676 1199 1726 ne
1239 1667 1623 1736 oppugnaret
1665 1659 2017 1735 Saguntum.
2097 1658 2278 1733 Quod
2332 1675 2469 1720 vero

403 1745 486 1806 ita.
515 1752 804 1805 avocatur
832 1761 869 1803 a
890 1744 1138 1817 Mutina,
1163 1751 1230 1804 ut
1257 1742 1334 1802 ab
1369 1742 1521 1803 urbe
1564 1751 1870 1819 tamquam
1905 1743 2199 1821 pestifera
2230 1740 2472 1808 flamma

407 1835 711 1896 arceatur,
756 1843 936 1902 quam
978 1825 1160 1888 habet
1199 1825 1621 1901 ignominiam!
1659 1828 1826 1903 quod
1865 1825 2156 1890 iudicium
2193 1833 2472 1888 senatus!

406 1909 589 1986 Quid,
640 1911 806 1986 quod
846 1926 883 1970 a
926 1918 1143 1973 senatu
1185 1911 1404 1973 dantur
1431 1909 1713 1973 mandata
1743 1911 1986 1987 legatiS‚
2026 1917 2093 1971 ut
2121 1909 2193 1970 D.
2224 1908 2479 1975 Brutum

404 1992 745 2070 militesque
783 1995 919 2056 eius
961 1995 1183 2057 adeant
1222 1994 1424 2070 iisque
1475 1995 1892 2061 demonstrent
1940 2010 2178 2056 summa
2233 1992 2303 2063 in
2357 2011 2480 2055 rem

406 2077 709 2154 publicam
758 2077 971 2143 merita
1010 2078 1436 2154 beneficiaque
1468 2094 1679 2146 eorum
1709 2087 1880 2154 grata
1909 2094 2054 2140 esse
2083 2080 2340 2139 senatui
2375 2094 2480 2155 po-

404 2163 677 2237 puloque
716 2163 992 2224 Romano
1034 2160 1233 2236 iisque
1275 2179 1408 2223 eam
1449 2178 1577 2227 rem
1619 2177 1878 2239 magnae
1916 2160 2080 2225 laudi
2121 2177 2486 2239 magnoque

404 2244 623 2306 honori
664 2245 837 2309 fore-‘3
875 2245 1284 2323 Passurumne
1327 2246 1593 2309 censetis
1634 2247 1996 2318 Antonium,
2026 2245 2285 2309 introire
2311 2245 2489 2309 Muti-

402 2344 543 2389 nam
574 2329 853 2402 legatos?
900 2328 1070 2389 exire
1098 2328 1242 2389 inde
1272 2327 1445 2391 tuto?
1470 2329 1809 2406 Numquam
1840 2328 2128 2406 patietur,
2165 2329 2331 2390 mihi
2362 2346 2489 2391 cre·

405 2413 546 2472 dite.
614 2411 778 2475 Novi,
814 2410 1193 2485 violentiam,
1247 2413 1392 2473 novi
1433 2412 1896 2487 impudentiam,
1945 2413 2087 2473 novi
2130 2413 2490 2475 audaciam.

402 2493 462 2559 7.
489 2495 616 2562 Nec
644 2511 793 2556 vero
826 2495 904 2554 de
935 2493 1036 2556 illo
1069 2495 1228 2561 sicut
1254 2496 1334 2557 de
1361 2495 1607 2557 homine
1635 2497 1842 2573 aliquo
1876 2497 2206 2568 debemuS,
2255 2498 2394 2558 sed
2433 2505 2495 2556 ut

404 2581 483 2643 de
506 2576 1027 2655 importunissima
1058 2579 1241 2640 belua
1271 2579 1560 2655 cogitare.
1633 2581 1801 2654 Quae
1830 2598 2018 2656 quum
2045 2578 2130 2640 ita
2165 2577 2340 2653 sint,
2371 2597 2495 2640 non

404 2663 649 2728 omnino
694 2662 1057 2727 dissolutum
1100 2670 1195 2723 est
1240 2663 1411 2738 quod
1436 2663 1707 2726 decrevit
1737 2673 2007 2727 senatus.
2081 2663 2297 2729 Habet
2332 2673 2497 2727 atro-

403 2747 600 2811 citatis
656 2746 887 2823 aliquid
929 2746 1185 2820 legatio:
1260 2745 1483 2813 utinam
1529 2746 1675 2811 nihil
1716 2747 1968 2810 haberet
2007 2754 2255 2807 morae!
2341 2747 2500 2808 Nam

404 2849 590 2906 quum
631 2830 943 2906 plerisque
984 2829 1042 2888 in
1075 2829 1261 2890 rebus
1305 2829 1589 2904 gerendis
1630 2830 1883 2893 tarditas
1911 2839 1971 2891 et
2003 2829 2504 2905 procrastinatio

399 2913 621 2975 odiosa
650 2923 762 2988 est,
792 2923 917 2975 tum
946 2912 1064 2975 hoc
1092 2912 1317 2977 bellum
1341 2913 1569 2988 indiget
1591 2913 1934 2983 celeritatis.
1979 2913 2512 2986 succurrendum

402 3004 500 3057 est
542 2997 614 3057 D.
658 2997 877 3070 Bruto,
937 3012 1153 3058 ornnes
1207 2996 1480 3072 undique
1533 2996 1751 3073 copiae
1792 2995 2202 3070 colligendaez
2266 2996 2513 3059 horam

400 3079 881 3141 eximere-ullam
912 3082 972 3140 in
1015 3081 1117 3140 tali
1157 3077 1292 3139 cive
1340 3079 1654 3145 liberando
1695 3081 1829 3143 sine
1872 3081 2105 3142 scelere
2156 3096 2300 3143 non
2356 3097 2514 3157 pos·

401 3177 634 3225 sumus.
688 3161 747 3223 8.
776 3164 874 3222 An
904 3163 1003 3223 ille
1032 3180 1153 3224 non
1185 3162 1409 3239 potuit„
1431 3163 1485 3225 si
1512 3163 1841 3231 Antonium
1870 3164 2218 3237 consulem,
2255 3162 2329 3224 si
2362 3163 2514 3227 Gal-

399 3243 543 3306 liam
595 3245 843 3311 Antonii
900 3245 1275 3322 provinciam
1330 3247 1690 3322 iudicasset,
1763 3246 2038 3323 legiones
2087 3246 2396 3313 Antonio
2456 3254 2514 3306 et

403 3325 779 3401 provinciam
822 3329 1092 3402 tradere,
1139 3331 1385 3399 domum
1426 3333 1655 3405 redire,
1699 3330 2098 3407 triumphare,
2144 3329 2425 3406 primus
2455 3331 2514 3389 in

399 3410 520 3470 hoc
562 3410 803 3483 ordine,
863 3414 1066 3486 quoad
1113 3414 1528 3489 magistratum
1567 3415 1772 3489 iniret,
1818 3415 2181 3483 sententiam
2222 3413 2514 3487 diecret

401 3489 553 3568 quid
586 3493 816 3568 negotii
856 3493 1005 3559 ruit?¹
1062 3494 1123 3556 9.
1170 3496 1297 3561 Sed
1324 3516 1510 3574 quum
1540 3514 1615 3562 se
1638 3499 1890 3565 Brutum
1916 3514 2063 3569 esse
2089 3496 2514 3571 meminisse!

402 3582 770 3652 vestraeque
812 3575 1071 3638 libertati
1113 3587 1319 3645 natum
1335 3626 1350 3654 ,
1413 3599 1536 3654 non
1589 3584 1719 3646 otio
1763 3599 1910 3654 suo,
1950 3579 2098 3657 quid
2138 3579 2291 3656 egit,
2326 3577 2514 3655 atiud
