2514 3928
217 280 296 336 ⁹3
361 315 366 321 -
902 240 1296 333 CAPfi--z
1338 271 1391 337 s.
1424 280 1614 333 1-·-5.
1812 329 1818 335 ,
2142 343 2145 348 ⁸
2176 269 2299 334 391

221 419 601 483 auctoritatis
613 418 906 495 pristinae
930 433 1102 495 spem
1124 418 1521 493 revirescere,
1538 420 1923 483 coniunctum
1945 422 2087 483 huic
2103 420 2302 483 ordini

222 505 523 581 populum
545 497 905 577 Romanum,
935 502 1397 579 conspirantem
1418 504 1659 579 ltaliam,
1693 513 1939 581 paratos
1975 506 2299 579 exercitae,

225 586 555 663 expeditos
608 586 821 647 duces.
907 586 967 645 2.
1019 585 1146 646 Iam
1197 597 1361 646 nunc
1408 586 1642 661 fingunt
1690 595 1995 663 responsa
2047 587 2300 650 Antonii

222 687 425 747 eaque
468 670 819 730 defendunt.
906 668 1027 729 Alii
1068 670 1384 745 postulare
1411 670 1606 742 illum,
1653 680 1718 731 ut
1746 685 1963 732 omnes
1993 673 2300 733 exercitus

226 751 616 814 dimittamur.
687 752 933 813 Scilicet
955 755 1190 827 legatos
1214 754 1294 813 ad
1318 765 1455 813 eum
1489 752 1779 827 misimus,
1815 771 1937 814 non
1966 763 2034 815 ut
2062 764 2302 830 pareret

227 846 290 897 et
322 836 486 898 dicto
515 833 774 897 audiens
801 843 969 897 esset
997 836 1138 897 huic
1172 836 1399 908 ordini,
1434 838 1544 897 scd
1576 845 1644 897 ut
1671 837 2069 898 condiciones
2100 840 2292 913 ferret,

228 922 398 995 leges
437 919 810 995 imponeret,
865 933 1144 1000 reserare
1183 936 1301 996 nos
1347 919 1573 980 exteris
1618 920 1900 995 gentibus
1941 921 2170 981 Italiam
2212 920 2284 981 iu-

223 1005 425 1065 beret=
470 1019 540 1063 se
571 1003 927 1079 praesertim
958 1003 1277 1077 incolumi,
1308 1017 1345 1064 a
1376 1017 1498 1078 quo
1528 1003 1722 1064 maius
1753 1004 2090 1079 periculum
2119 1019 2300 1080 quam

223 1087 303 1147 ab
344 1080 485 1147 ullis
525 1087 873 1147 nationibus
914 1087 1435 1148 extimescendum
1478 1097 1590 1148 est.
1677 1088 1798 1148 Alii
1828 1087 2133 1149 remittere
2163 1105 2299 1148 eum

226 1171 408 1232 nobis
432 1170 685 1231 Galliam
708 1169 1078 1231 citeriorem
1123 1169 1284 1230 illam
1319 1170 1585 1230 ultimam
1631 1172 1972 1246 postulare:
2034 1170 2094 1232 3.
2128 1183 2302 1247 prae-

225 1256 420 1315 clare:
441 1269 520 1313 ex
543 1270 665 1329 qua
687 1265 808 1313 non
833 1254 1107 1328 legiones
1132 1255 1351 1325 solum,
1366 1254 1478 1313 sed
1502 1253 1681 1314 etiam
1699 1255 1977 1315 nationes
1993 1255 2071 1315 ad
2090 1255 2300 1315 urbem

228 1345 485 1398 conetur
513 1337 840 1397 adducere.
906 1336 1026 1395 Alii
1051 1335 1197 1395 nihil
1220 1347 1358 1396 eum
1382 1335 1502 1396 iam
1525 1336 1643 1396 nisi
1666 1338 1944 1399 modeste
1970 1338 2301 1414 postulare.
2334 1409 2339 1414 ἱ

225 1419 649 1482 Macedoniam
694 1436 868 1480 suam
911 1427 1093 1479 vocat
1138 1419 1409 1487 omnino,
1463 1419 1753 1496 quoniam
1777 1420 1966 1481 Gaius
1998 1422 2181 1481 frater
2209 1429 2304 1482 est

227 1503 421 1583 [inde]
456 1512 805 1584 revocatus.
858 1501 985 1563 Sed
1017 1518 1177 1577 quae
1199 1502 1525 1577 provincia
1553 1510 1648 1563 est
1676 1511 1755 1563 ‘ex
1785 1520 1908 1578 qua
1934 1503 2035 1564 illa
2067 1506 2169 1563 fax
2197 1520 2302 1563 ex-

224 1590 415 1649 citare
455 1597 577 1647 non
622 1585 823 1662 possit
866 1585 1259 1646 incendium?
1344 1584 1556 1660 ltaque
1596 1585 1809 1661 iidem,
1856 1585 2032 1661 quasi
2062 1585 2299 1661 providi

228 1671 398 1732 cives
441 1677 503 1731 et
541 1678 860 1732 senatores
900 1669 1249 1744 diligenteS,
1290 1670 1571 1729 bellicum
1601 1679 1698 1729 me
1730 1669 2031 1731 cecinisse
2062 1665 2302 1730 dicunt:

228 1752 575 1829 suscipiunt
601 1752 775 1829 pacis
806 1752 1225 1827 patrocinium.
1270 1753 1486 1813 Nonne
1506 1753 1598 1813 sic
1623 1752 1978 1827 disputant?
2075 1752 2299 1814 Irritari

229 1836 558 1899 Antonium
599 1853 719 1898 non
765 1836 1062 1912 oportuit=
1104 1852 1368 1911 nequam
1410 1836 1720 1896 esthemo
1768 1837 1870 1897 ille
1901 1842 2085 1912 atque
2114 1837 2294 1897 conii-

227 1923 413 1983 dens=
455 1920 626 1982 multi
655 1927 974 1997 praeterea
1005 1918 1267 1994 improbi
1295 1952 1382 1966 --
1419 1935 1575 1996 quos
1607 1920 1852 1997 quidem
1882 1937 1919 1981 a
1949 1929 2018 1981 se
2050 1920 2304 1997 primum

227 2018 547 2066 numerare
582 2011 842 2085 possunt
872 2003 975 2079 qui
1022 2004 1174 2064 haec
1205 2006 1640 2080 loquuntur——
1670 2018 1780 2066 eos
1813 2006 2125 2066 cavendos
2161 2012 2304 2065 esse

230 2087 607 2153 denuntiant.
661 2088 873 2167 Utrum
897 2086 1077 2162 igitur
1099 2087 1160 2146 in
1184 2088 1433 2148 nefariis
1464 2087 1700 2148 civibus
1729 2088 2086 2160 ulciscendi,
2120 2104 2302 2162 quum

234 2170 460 2245 possis,
491 2186 566 2230 an
600 2168 1068 2251 pertimescendi
1106 2170 1449 2245 diligentior
1478 2172 1678 2232 cautio
1710 2179 1845 2231 est?
1902 2172 1974 2230 11.
2007 2169 2068 2230 4.
2098 2172 2303 2245 Atque

230 2250 396 2314 haec
419 2248 460 2314 ii
489 2255 846 2329 loquuntur,
881 2253 986 2328 qui
1023 2254 1331 2328 quondam
1362 2261 1612 2331 propter
1638 2254 1938 2331 levitatem
1973 2255 2303 2329 populares

232 2332 631 2398 habebantur.
684 2337 779 2396 Ex
825 2353 951 2411 quo
993 2336 1243 2413 intellig-i
1282 2346 1486 2412 potest
1509 2337 1710 2398 animo
1742 2335 1879 2399 illos
1907 2335 2303 2398 abhorruisse

233 2434 479 2496 semper
511 2420 588 2481 ab
624 2420 853 2496 optimo
885 2420 1145 2482 civitatis
1175 2429 1354 2494 statu,
1389 2432 1509 2482 non
1541 2423 1849 2482 voluntate
1881 2421 2071 2482 fuisse
2104 2433 2302 2495 popu-

231 2507 412 2565 lares.
454 2500 564 2579 Qui
592 2503 750 2564 enim
776 2504 1068 2565 convenit
1093 2513 1173 2574 ut,
1208 2506 1314 2580 qui
1344 2506 1401 2565 in
1433 2506 1617 2566 rebus
1647 2505 1940 2579 improbis
1968 2505 2303 2579 populares

229 2588 479 2660 ruerint,
520 2588 702 2648 iidem
732 2589 789 2647 in
826 2600 895 2648 re
924 2600 1046 2649 una
1077 2588 1336 2649 maxime
1369 2587 1665 2664 populari,
1697 2588 1861 2663 quod
1894 2588 2109 2645 eadem
2138 2587 2300 2646 salu·

227 2666 377 2732 taris
405 2672 492 2732 rei
526 2671 808 2747 publicae
831 2670 933 2747 sit,
974 2671 1289 2747 improbos
1323 2688 1392 2732 se
1422 2688 1603 2747 quam
1639 2672 1969 2745 populares
1999 2678 2144 2727 esse
2180 2676 2305 2727 ma·

229 2756 381 2816 lint?
435 2755 535 2815 Me
564 2756 811 2830 quidem
843 2766 1104 2831 semper,
1137 2755 1222 2816 uti
1245 2755 1434 2829 scitis,
1464 2753 1880 2814 adversarium
1909 2748 2305 2810 multitudinis

227 2837 726 2899 temeritati'hac'c
747 2839 897 2899 -reoit
925 2838 1421 2917 praeclarissima
1447 2852 1637 2898 causa
1667 2835 2044 2912 popularem.
2132 2831 2190 2893 5.
2230 2832 2307 2893 Et

230 2918 480 2997 quidem
521 2921 805 2983 dicuntur
850 2924 945 2982 vei
989 2922 1197 2998 potius
1238 2938 1308 2982 se
1351 2919 1469 2997 ip'si
1504 2921 1713 2981 dicunt
1743 2918 2136 2980 consulares=
2181 2924 2304 2991 quo

230 3002 474 3065 nomine
503 3005 725 3080 dignus
754 3015 849 3066 est
877 3018 1074 3079 nemo,
1105 3004 1224 3066 nisi
1261 3003 1367 3080 qui
1394 3006 1540 3065 tanti
1574 3002 1827 3063 honoris
1859 3012 2077 3062 nomen
2105 3008 2309 3075 potest

234 3088 553 3149 sustinere.
639 3089 877 3149 Faveas
917 3097 982 3149 tu
1023 3080 1229 3150 hosti?
1271 3088 1372 3148 ille
1408 3088 1634 3166 litteras
1669 3088 1746 3147 ad
1778 3093 1835 3146 te
1865 3086 2056 3147 mittut
2083 3085 2162 3144 de
2193 3094 2307 3144 sua

231 3185 350 3246 spe
387 3182 587 3233 rerum
631 3174 1086 3253 secundarum?
1125 3182 1236 3232 eas
1270 3181 1332 3232 tu
1365 3174 1557 3233 laetus
1588 3172 1890 3246 proferas,
1921 3168 2163 3240 recites,
2200 3167 2303 3226 de-

231 3252 593 3316 scribendas
614 3256 794 3316 etiam
819 3257 931 3318 des
956 3253 1250 3335 improbis
1273 3254 1537 3328 civibuS,
1554 3262 1771 3315 eorum
1793 3264 2023 3329 augeas·
2047 3251 2303 3319 animos„

232 3334 534 3421 bonorum
579 3352 754 3414 spem
796 3339 1201 3414 virtutemque
1243 3337 1558 3413 debilites,
1602 3346 1664 3398 et
1692 3345 1751 3397 te
1787 3336 2307 3396 consularem-aut

233 3429 598 3497 senatorem,
630 3417 896 3498 denique
926 3423 1121 3483 civem
1159 3428 1381 3497 putes?
1445 3416 1724 3494 Accipiet
1751 3418 1812 3478 in
1841 3416 2137 3490 optimam
2170 3422 2306 3503 par·

230 3509 355 3563 'em
395 3503 458 3564 C.
496 3506 722 3580 Pansa,
778 3504 1147 3567 fortissimus
1199 3506 1417 3565 consul
1468 3502 1654 3578 atque
1701 3500 1987 3576 optimus.
2074 3496 2310 3553 Etenim
