2514 3928
733 351 899 411 cAP.
932 360 1191 416 usa-17.
1235 358 1289 418 s.
1317 356 1579 414 aa-n,
2115 350 2199 417 71

1999 460 2006 487 l

113 505 252 568 deri
296 502 506 577 velim,
555 520 744 579 quum
772 504 957 564 multa
989 501 1047 562 in
1080 501 1531 565 Albinovanum
1559 505 1637 565 de
1668 492 2201 585 praevaricatione

114 590 393 660 dicereS,
426 586 741 648 dixerisne
771 602 885 645 nec
915 585 1019 646 tibi
1053 585 1365 662 placuisse
1393 603 1508 648 nec
1540 588 1892 664 oportuisse
1923 586 2195 659 Sestium

114 675 200 733 de
250 671 310 732 vi
357 687 527 731 reum
567 671 741 731 fieri?
775 669 994 746 quavis
1030 670 1196 744 lege,
1241 671 1463 744 quovis
1495 672 1745 732 crimine
1776 673 2193 733 accusandum

106 757 332 832 ‚potius
363 753 601 815 fuisse?
630 755 806 815 etiam
844 753 992 814 illud
1026 751 1254 814 dixeris
1285 769 1538 815 causam
1566 754 1844 828 MiloniS‚
1878 754 2195 816 fortissimi

118 838 269 914 viri,
309 836 694 898 coniunctam
723 854 860 897 cum
890 838 1008 897 hoc
1037 837 1414 898 existimari?
1454 855 1612 913 quae
1645 857 1755 914 pro
1792 855 1887 898 me
1920 857 1956 898 a
1988 838 2194 900 Sestio

26 992 33 999 ,
120 925 281 983 sacta
313 921 448 994 sint,
480 921 661 982 bonis
697 938 841 982 esse
870 927 1078 995 grata?
1108 921 1237 981 Non
1270 937 1538 997 coarguo
1563 920 2028 984 inconstantiam
2058 938 2196 982 ora-

120 1006 306 1067 tionis
351 1022 421 1066 ac
468 1005 798 1067 testimonii
844 1003 927 1065 tui
953 1037 1040 1049 -—
1073 1021 1228 1080 quas
1257 1005 1420 1066 enim
1451 1005 1633 1067 huius
1661 1005 1939 1068 actiones
1972 1008 2193 1081 proba-

117 1099 217 1151 tas
260 1088 439 1150 bonis
475 1088 619 1150 'esse
650 1089 838 1163 diciS,
880 1088 940 1148 in
971 1105 1079 1149 eas
1114 1089 1387 1164 plurimis
1422 1090 1626 1150 verbis
1659 1089 2070 1151 testimonium
2103 1089 2194 1148 di·
2231 1140 2234 1149 .

121 1173 294 1234 xisti:
335 1172 582 1249 quicum
624 1181 825 1234 autem
874 1171 1007 1232 eius
1061 1189 1309 1233 causam
1350 1173 1814 1250 periculumque
1846 1173 2190 1248 coniungiS,

117 1275 262 1318 eum
297 1256 550 1318 summis
582 1255 867 1317 laudibus
898 1255 1163 1316 extulisti
1193 1291 1310 1329 —‚
1355 1259 1468 1318 sed
1499 1258 1617 1320 hoc
1648 1274 1910 1333 quaere,
1956 1275 2098 1318 num
2128 1257 2199 1325 P„

118 1341 410 1413 Sestium,
442 1356 563 1414 qua
594 1340 729 1414 lege
757 1339 1171 1399 accusandum
1203 1338 1449 1400 omnino
1483 1340 1676 1403 fuisse
1706 1358 1916 1416 negaS‚
1953 1358 2026 1401 ea
2056 1343 2193 1416 lege

120 1423 520 1484 condemnari
566 1432 742 1496 putes
773 1428 1102 1496 oportere?
1132 1433 1265 1495 aut,
1307 1419 1361 1482 si
1392 1430 1451 1483 te
1482 1422 1542 1482 in
1573 1423 1921 1504 testimonio
1954 1424 2195 1485 consuli

124 1508 302 1567 noles
321 1550 338 1578 ‚
381 1522 458 1565 ne
490 1504 635 1579 quid
665 1503 771 1565 tibi
802 1501 1175 1564 auctoritatis
1205 1522 1242 1564 a
1273 1522 1369 1567 me
1401 1505 1687 1567 tributum
1719 1523 1864 1568 esse
1900 1508 2196 1579 videatur,

125 1590 439 1650 dixerisne
480 1589 539 1647 in
585 1604 721 1665 eum
768 1585 1176 1649 testimonium
1221 1590 1299 1649 de
1342 1588 1430 1661 vi,
1490 1604 1671 1664 quem
1727 1586 1971 1663 negaris
2025 1605 2198 1649 reum

121 1673 375 1736 omnino
406 1673 483 1734 de
501 1671 575 1732 ·vi
610 1671 739 1732 fieri
771 1669 1103 1732 debuisse?

718 2091 804 2172 M.
861 2090 1133 2173 TULLII
1187 2089 1613 2173 CICERONlS

357 2219 602 2314 PRO
680 2224 784 2315 Μ.
860 2218 1347 2315 CAELIO
1425 2220 1957 2315 ORATIO.

745 2526 1569 2588 ARGUMENTUM.

264 2661 324 2707 M.
369 2660 568 2709 Caelius
600 2660 791 2724 Rufus,
840 2660 1138 2710 adolescens
1184 2660 1394 2725 optimis
1438 2660 1622 2709 studiis
1672 2659 1934 2709 et‘litteris
1966 2676 1995 2709 a
2030 2663 2198 2725 prima

122 2726 469 2778 adolescentia
505 2729 733 2789 deditus,
776 2744 1083 2791 quamquam
1120 2728 1230 2792 ipse
1268 2744 1367 2778 non
1403 2730 1540 2778 satis
1566 2727 1832 2777 continens
1867 2742 1927 2775 ac
1966 2730 2196 2778 modera-

123 2808 236 2858 tus,
285 2798 438 2847 immo
479 2798 783 2847 libidinosus
829 2812 888 2846 ac
929 2797 1224 2846 luxuriosus
1272 2804 1409 2856 erat,
1456 2804 1623 2845 tamen
1654 2795 1943 2845 accusando
1980 2799 2195 2861 gratiam

122 2881 154 2913 a
195 2866 383 2929 populo
426 2867 608 2916 mereri
639 2874 688 2915 et
732 2865 952 2916 honores
999 2864 1251 2931 gradatim
1288 2864 1531 2927 consequi
1566 2862 1780 2914 studuit.
1852 2864 2198 2917 Accusaverat

123 2942 290 2982 autem
314 2935 534 2999 primum
560 2933 612 2987 Ο.
633 2936 924 2997 Antonium,
959 2933 1216 2984 Ciceronis
1238 2934 1290 2982 in
1319 2932 1583 2981 consulatu
1613 2930 1881 2996 collegam,
1914 2934 2198 2986 maiestatis

118 3002 332 3053 crimine
365 3019 580 3066 eumque
618 3004 1068 3056 condemnaverat:
1101 3002 1286 3052 deinde
1322 3001 1382 3054 L.
1412 2998 1763 3064 Sempronium
1791 3003 2077 3054 Atratinum
2100 3018 2171 3071 pa

123 3081 248 3120 trem
280 3071 332 3120 in
369 3072 448 3122 ius
482 3080 751 3122 vocaverat
783 3073 847 3122 de
882 3073 1091 3130 ambitu,
1130 3071 1222 3121 nec
1254 3081 1421 3121 tamen
1453 3069 1736 3135 perfecerat
1766 3072 1876 3122 eins
1911 3074 2198 3124 damnatio·

124 3155 255 3189 nem.
331 3140 457 3190 Tum
509 3155 642 3190 anno
689 3157 742 3196 u.
780 3157 824 3196 c.
859 3139 981 3193 698.
1022 3156 1176 3203 quum
1213 3141 1271 3189 L.
1309 3141 1598 3190 Atratinum
1632 3140 1812 3191 iterum
1851 3143 2043 3192 iudicio
2075 3157 2196 3207 per·

119 3210 266 3274 sequi
311 3209 490 3269 vellet,
523 3212 633 3274 ipse
676 3226 708 3258 a
737 3210 795 3259 L.
829 3208 1124 3274 Sempronio
1172 3210 1402 3259 Atratino
1447 3209 1552 3259 filio
1600 3209 1738 3275 apud
1774 3218 2063 3275 praetorem
2102 3209 2195 3261 Cn.

120 3277 396 3327 Domitium
421 3276 682 3327 Calvinum
707 3279 770 3328 de
794 3279 845 3327 vi
874 3287 1135 3329 accusatus
1160 3286 1236 3328 est
1265 3278 1396 3342 lege,
1431 3288 1486 3328 ut.
1512 3278 1731 3342 videtur,
1766 3280 1880 3328 vide
1902 3278 2054 3327 huius
2081 3292 2195 3342 ora·

118 3347 271 3396 tionis
291 3361 404 3411 cap.
426 3344 508 3397 29.
531 3349 580 3409 S.
602 3347 706 3407 70„
743 3347 960 3405 Lutatia,
997 3347 1133 3409 quod
1150 3345 1364 3411 Neapoli
1394 3347 1669 3397 seditiones
1700 3354 1878 3397 centra
1894 3361 1999 3396 rem
2019 3345 2194 3410 publi-

120 3429 233 3463 cam
255 3417 514 3476 movisset,
553 3417 688 3479 quod
717 3416 768 3465 in
786 3416 956 3478 Pallae
975 3415 1237 3465 cuiusdam
1267 3416 1415 3465 bonis
1444 3415 1573 3465 male
1602 3422 1831 3464 versatus
1860 3420 2013 3473 esset,
2053 3410 2196 3474 quod

122 3483 343 3533 Puteolis
372 3484 564 3548 legatos
597 3471 962 3535 Alexandrinos
990 3484 1265 3548 pulsasset,
1295 3486 1514 3534 maxime
1535 3497 1672 3539 vero,
1709 3482 1846 3543 quod
1876 3480 2141 3553 pecuniam
2162 3491 2193 3522 a

120 3550 326 3612 Clodia,
358 3566 530 3603 sorore
562 3556 618 3614 B.
655 3554 818 3603 Clodii
848 3553 1106 3603 Ciceronis
1138 3552 1358 3612 inimici,
1394 3554 1538 3600 cuius
1576 3548 1797 3611 impulsu
1831 3548 1891 3596 L.
1928 3550 2191 3591 Atratinus

124 3618 251 3669 haec
293 3622 465 3673 omnia
504 3638 656 3689 agere
689 3623 976 3683 dicebatur,
1021 3622 1157 3683 quod
1193 3619 1282 3668 illa
1313 3634 1368 3667 se
1405 3634 1435 3666 a
1463 3617 1533 3665 Μ.
1576 3613 1745 3663 Caelio
1779 3613 2034 3668 deget-tam
2070 3616 2190 3649 ⁰⁵³⁶
