2514 3928
385 207 512 271 438
656 208 730 267 ΙΝ
759 208 839 267 Μ.
871 206 1277 269 ANTONIUM
1306 205 1591 270 ORATIO
1620 206 2049 268 PHILIPPICA
2079 208 2229 270 xu.
2417 221 2485 272 Μ

970 497 1060 580 Μ.
1116 497 1393 580 TULLII
1444 493 1872 579 CICERONIS

502 650 597 747 lN
660 654 763 748 Μ.
801 595 1330 751 ἈΝΤῡΝιυΜ
1388 648 1749 747 omno
1810 652 2389 751 PmuPPch

1123 797 1719 897 ouonsscnm.

1094 1102 1772 1167 ARGUMENTUM.

489 1223 597 1273 Etsi
627 1222 694 1276 Μ.
729 1221 905 1273 Cicero
943 1222 1068 1274 illud
1098 1224 1398 1289 perfecerat,
1434 1234 1489 1273 nt
1523 1224 1770 1289 permulta
1800 1229 2010 1273 senatus
2047 1224 2301 1275 consulta
2325 1233 2467 1275 eontra

386 1289 454 1343 M.
477 1293 754 1343 Antonium
790 1292 982 1356 flerent,
1021 1292 1118 1344 hoc
1147 1300 1315 1343 tamen
1349 1294 1574 1343 noudum
1611 1300 1717 1344 erat
1746 1292 2043 1352 adsecutus,
2084 1294 2238 1356 quod
2277 1296 2465 1346 maxim

386 1362 647 1412 contendit
688 1369 746 1411 ut
780 1362 1170 1427 adsequeretur,
1216 1370 1273 1413 ut
1304 1363 1372 1413 M.
1412 1363 1664 1413 Antonius
1704 1361 1865 1412 hostis
1911 1361 2115 1426 patriae
2152 1363 2465 1414 tudini-mr.

386 1430 517 1490 Quin
550 1434 701 1481 etiam
732 1430 1126 1496 Quinquatribus
1162 1447 1209 1481 a.
1250 1433 1302 1484 d.
1341 1430 1479 1487 XIV.
1516 1431 1629 1482 Kal.
1668 1430 1869 1496 Apriles
1897 1430 2068 1481 Pansa
2105 1434 2335 1483 consule
2363 1431 2465 1483 rete·

384 1513 527 1551 rente
564 1512 769 1551 senatus
815 1501 1133 1561 decreverat,
1176 1507 1232 1552 ut
1283 1502 1402 1552 novi
1450 1501 1605 1567 legati
1635 1500 1701 1550 ad
1736 1499 1804 1552 M.
1844 1499 2126 1549 Antonium
2165 1503 2464 1553 mitterentur

383 1568 441 1621 P.
474 1568 720 1620 Servilius
750 1577 799 1618 et
833 1569 899 1620 M.
936 1568 1112 1621 Cicero
1147 1585 1263 1620 cum
1299 1570 1358 1629 Q.
1389 1570 1528 1621 Fufio
1567 1568 1766 1624 Caleno.
1802 1568 1862 1621 L.
1900 1567 2120 1628 Pisone,
2154 1571 2221 1622 L.
2254 1571 2461 1641 Caesare·

387 1638 489 1688 Sed
518 1640 574 1693 P.
611 1638 884 1690 Servilium
920 1646 970 1690 et
1004 1639 1073 1694 M.
1106 1639 1399 1690 Ciceronem
1435 1655 1556 1690 mox
1588 1637 1785 1688 consilii
1822 1640 1958 1702 capti
1989 1640 2287 1706 poenituit,
2334 1639 2462 1690 omui-

387 1722 555 1771 noque
596 1724 679 1760 res
711 1716 903 1758 tantam
934 1709 1322 1759 admirationem
1358 1710 1547 1769 movit,
1593 1716 1648 1757 ut
1687 1706 1742 1760 C.
1773 1707 1942 1758 Pam
1981 1708 2166 1757 consul
2214 1710 2401 1759 iterun
2427 1711 2460 1758 in

386 1785 565 1828 senatu
602 1778 667 1828 de
708 1793 769 1827 ea
816 1792 872 1827 re
911 1778 1137 1832 referret.
1214 1777 1379 1836 Quum
1426 1780 1584 1846 igitur
1613 1776 1669 1830 P.
1710 1775 1958 1826 Servilius
2005 1777 2108 1825 iam
2148 1779 2461 1829 omittendam

394 1848 691 1911 negationem
727 1847 1030 1912 censuisset,
1070 1848 1206 1899 idem
1239 1848 1310 1897 M.
1350 1847 1527 1898 Cicero
1561 1862 1638 1910 ea,
1674 1860 1802 1910 quae
1840 1844 1971 1895 infra
2007 1846 2208 1911 scripta
2248 1855 2347 1908 est,
2378 1862 2449 1898 on

388 1918 525 1966 tione
560 1916 743 1970 suasit.

511 2040 556 2099 1.
597 2037 657 2101 1.
687 2039 818 2103 Etsi
846 2036 1092 2100 minime
1122 2041 1346 2101 decere
1375 2039 1650 2115 videtur,
1693 2049 1900 2115 patres
1929 2039 2313 2116 conscripti,
2345 2038 2460 2107 falli,

385 2121 623 2200 decipi,
668 2141 874 2185 errare
911 2140 1081 2200 eum,
1113 2124 1212 2186 cui
1239 2141 1358 2187 vos
1389 2123 1670 2185 maximis
1700 2140 1895 2200 saepe
1923 2125 2002 2186 de
2030 2123 2227 2186 rebus
2260 2125 2459 2186 adsen-

384 2206 646 2283 tiamini,
691 2211 984 2270 consolor
1023 2225 1122 2269 me
1164 2216 1398 2281 tamen,
1443 2210 1734 2284 quoniam
1779 2207 2097 2270 vobiscum
2146 2208 2388 2285 pariter
2422 2217 2461 2268 et

382 2307 505 2352 una
538 2307 676 2352 cum
708 2290 1164 2366 sapientissimo
1203 2293 1458 2354 consule
1488 2292 1708 2354 erravi.
1763 2294 1913 2352 Nam
1946 2309 2139 2370 quum
2170 2294 2307 2355 duo
2344 2310 2456 2355 con‘

383 2376 624 2436 sulares
672 2391 848 2451 spem
894 2376 1191 2438 honestae
1238 2375 1410 2453 pacis
1457 2375 1639 2438 nobis
1680 2375 2057 2450 attulissent,
2101 2379 2288 2452 quod
2319 2384 2458 2440 eran!

381 2458 715 2522 familiares
757 2460 839 2519 M.
879 2459 1160 2533 Antonii,
1207 2461 1376 2537 quod
1421 2460 1773 2536 domestici,
1812 2477 2006 2522 nosse
2045 2459 2316 2538 aliquod
2356 2462 2458 2523 eius

380 2545 640 2618 vulnuS,
691 2545 860 2620 quod
889 2544 1070 2606 nobis
1100 2543 1375 2619 ignotum
1403 2554 1598 2617 esset,
1640 2544 2021 2606 videbantur.
2109 2544 2313 2621 Apud
2341 2547 2442 2607 alte

380 2646 516 2690 rum
572 2645 756 2705 uxor,
807 2625 1014 2689 liberi:
1087 2630 1241 2688 alter
1292 2628 1516 2690 cotidie
1570 2627 1798 2691 litteras
1848 2629 2115 2702 mittere,
2173 2630 2458 2706 accipere,

382 2720 594 2790 aperte
626 2714 838 2774 favere
866 2710 1155 2775 Antonio.
1242 2713 1302 2772 2.
1330 2711 1407 2772 Hi
1435 2713 1638 2774 subito
1666 2711 1901 2775 hortari
1928 2712 2005 2773 ad
2034 2728 2288 2788 pacem,
2324 2711 2459 2788 quod

380 2800 500 2860 iam
532 2798 639 2860 diu
667 2813 791 2859 non
823 2794 1134 2871 fecissent,
1165 2813 1291 2858 non
1318 2796 1454 2859 sine
1490 2812 1679 2859 causa
1719 2798 2100 2858 videbantur.
2194 2793 2460 2858 Accessit

383 2884 602 2943 consul
633 2883 926 2942 hortator.
1010 2882 1093 2940 At
1124 2877 1229 2955 qui
1270 2878 1519 2942 consuit
1579 2878 1646 2941 Si
1680 2879 2064 2958 prudentiam
2096 2880 2457 2956 quaerimus.

384 2964 492 3040 qui
528 2964 772 3026 minime
802 2964 927 3025 falli
963 2971 1207 3038 posset=
1254 2963 1309 3024 si
1339 2961 1652 3036 virtutem,
1687 2970 1792 3041 qui
1821 2965 2049 3026 nullam
2079 2979 2316 3039 pacem
2348 2981 2457 3040 pro-

380 3048 557 3108 baret
607 3048 727 3109 nisi
772 3047 1039 3109 Antonio
1090 3049 1349 3109 cedente
1395 3056 1582 3124 atque
1632 3048 1830 3110 victo=
1891 3045 1945 3109 si
1992 3047 2457 3122 magnitudinem

381 3127 599 3206 animi,
644 3131 750 3206 qui
784 3132 1125 3209 praeferret
1151 3140 1405 3194 mortem
1435 3130 1732 3194 servituti.
1815 3133 1952 3194 Vos
1980 3137 2222 3203 autem,
2272 3140 2457 3209 patret

391 3215 741 3295 conscripti,
768 3234 893 3278 non
910 3225 1035 3279 tam
1052 3219 1444 3282 immemores
1458 3226 1809 3280 vestrorum
1826 3216 2347 3294 gravissimorum
2368 3220 2449 3279 de-

391 3305 695 3360 cretorum
721 3301 1111 3376 videbamini,
1139 3321 1324 3378 quam
1339 3319 1454 3379 spe
1476 3303 1682 3363 adlata
1695 3299 2046 3375 deditionis,
2071 3317 2266 3376 quam
2290 3298 2448 3363 amici

392 3396 608 3456 pacem
634 3386 950 3460 appellare
974 3388 1239 3465 mallent,
1281 3389 1359 3448 de
1382 3384 1795 3463 imponendis,
1824 3401 1949 3447 non
1976 3384 2057 3445 de
2079 3386 2447 3463 accipiendis

395 3463 632 3539 legibus
666 3467 955 3541 cogitare.
1016 3458 1296 3534 Auxerat
1318 3478 1523 3533 autem
1547 3485 1748 3537 meam
1769 3469 2015 3546 quidem
2039 3485 2249 3545 spem,
2280 3472 2449 3533 credo
