2514 3928
263 231 328 285 57
864 221 1032 281 CAP.
1065 229 1328 283 18-20.
1373 226 1430 287 S·
1456 228 1521 281 41
1538 228 1724 314 *4⁷5
2221 219 2339 283 155

263 371 441 448 igitur
471 379 714 447 poena?
766 371 933 446 quod
982 369 1394 448 supplicium?
1440 388 1598 446 quae
1637 378 1832 431 saxa?
1879 388 2038 448 quae
2083 380 2340 431 cruces?

264 458 417 516 Esse
449 457 573 516 duo
640 456 831 515 duces
863 454 921 514 in
956 453 1290 530 provinciis
1324 454 1534 530 populi
1570 456 1856 526 Romani,
1904 456 2133 515 habere
2166 470 2339 515 exer·

261 541 439 612 cituS,
475 537 774 615 appellari
803 540 1240 613 imperatores:
1283 539 1499 598 horum
1542 539 1796 599 alterum
1826 537 1916 598 sic
1944 539 2139 600 fuisse
2163 538 2338 598 infre-

264 634 472 687 natum
516 621 893 683 conscientia
927 620 1228 683 scelerum
1265 629 1328 681 et
1367 620 1667 681 fraudium
1712 638 1989 693 suarum,
2037 630 2104 681 ut
2146 638 2227 680 ex
2265 639 2341 680 ea

264 704 614 781 provincia,
652 722 812 780 quae
854 705 1033 766 suerit
1074 722 1150 766 ex
1181 704 1468 766 omnibus
1500 720 1623 765 una
1651 703 1913 764 maxime
1944 703 2340 778 triumphalis

265 790 488 850 nullam
534 790 613 850 sit
644 790 721 849 ad
755 798 1033 850 senatum
1076 790 1330 851 litteram
1362 788 1598 850 mittere
1626 803 1836 848 ausus.
1922 787 2016 846 Ex
2048 803 2168 861 qua
2202 803 2339 861 pro·

264 871 463 933 vincia
493 872 677 933 modo
710 875 801 932 vir
835 872 999 933 omni
1044 873 1337 948 dignitate
1380 870 1838 944 ornatissimuS‚
1881 870 1948 929 L.
1976 870 2340 944 TorquatuS‚

263 955 500 1032 magnis
535 956 720 1039 rebus
755 955 980 1031 gestis,
1021 973 1117 1018 me
1143 958 1477 1027 referente,
1515 955 1596 1016 ab
1635 963 1852 1016 senatu
1881 952 2212 1028 imperator
2248 961 2342 1012 est

259 1041 611 1116 appellatus
627 1062 642 1093 z
664 1040 828 1100 unde
852 1038 949 1099 his
979 1040 1190 1114 paucis
1219 1040 1400 1100 annis
1425 1040 1529 1099 Cn.
1553 1039 1924 1109 Dolabellae,
1950 1038 2011 1098 C.
2038 1035 2338 1108 Curionis,

257 1123 341 1183 M.
371 1122 606 1183 Luculli
637 1121 1012 1182 iustissimos
1058 1122 1398 1196 triumphos
1439 1123 1732 1195 vidimus,
1762 1139 1840 1199 ex
1879 1138 1957 1181 ea
1992 1130 2047 1181 te
2076 1120 2338 1196 impera-

262 1214 395 1266 tore
431 1203 680 1265 nuntius
730 1204 809 1262 ad
840 1211 1117 1264 senatum
1158 1205 1400 1264 adlatus
1439 1213 1536 1266 est
1569 1207 1788 1265 nullus.
1876 1205 1971 1264 Ab
2008 1206 2197 1265 altero
2232 1205 2339 1263 ad·

264 1290 421 1347 latae
453 1287 706 1357 litterae,
733 1285 1055 1358 recitatae,
1079 1289 1334 1346 relatum
1367 1287 1446 1345 ad
1480 1295 1772 1346 senatum.
1858 1285 1962 1346 45.
1995 1286 2068 1346 Di
2098 1288 2339 1347 immor·

267 1372 462 1429 tales!
509 1368 652 1427 idne
680 1384 796 1442 ego
827 1375 1121 1440 optarem,
1155 1377 1218 1429 ut
1246 1367 1528 1427 inimicus
1550 1366 1724 1428 m‘eus
1756 1384 1832 1427 ea
1854 1385 1976 1442 qua
2005 1385 2181 1427 nemo
2214 1385 2341 1428 um·

266 1469 450 1526 quam
484 1449 815 1526 ignominia
846 1457 1201 1513 notaretur?
1226 1460 1295 1511 ut
1324 1459 1574 1511 senatus
1601 1450 1678 1523 is,
1708 1450 1812 1524 qui
1842 1451 1901 1509 in
1932 1466 2064 1509 eam
2089 1450 2203 1509 iam
2238 1451 2340 1510 be·

265 1534 578 1611 nignitatis
607 1533 1115 1595 consuetudinem
1147 1534 1341 1608 venit,
1375 1541 1437 1595 ut
1470 1550 1611 1607 eoS,
1654 1533 1759 1609 qui
1799 1530 1957 1593 bene
1986 1548 2111 1593 rem
2149 1532 2342 1607 publi·

265 1636 400 1679 cam
445 1618 782 1692 gesserint,
838 1618 1015 1677 novis
1060 1617 1396 1678 honori-bus
1438 1617 1686 1678 adficiat
1726 1625 1787 1678 et
1814 1632 2067 1677 numero
2107 1615 2337 1676 dierum

261 1712 322 1762 et
364 1717 593 1781 genere
639 1702 994 1773 verborum,
1038 1701 1219 1763 liuius
1262 1701 1443 1761 unius
1495 1700 1707 1762 litteris
1754 1700 2175 1780 nuntiantibus
2218 1715 2337 1760 non

263 1781 563 1859 crederet,
595 1784 1050 1859 postulantibus
1069 1786 1446 1860 denegaret?
1471 1786 1721 1844 XX.His
1748 1800 1865 1859 ego
1890 1784 2073 1844 rebus
2098 1799 2340 1859 pascor,

263 1866 358 1928 his
389 1870 683 1943 delector,
726 1867 823 1928 bis
856 1871 1162 1943 perfruor=
1206 1869 1373 1944 quod
1421 1869 1498 1928 de
1525 1867 1702 1929 vobis
1734 1868 1832 1928 hic
1863 1869 2019 1928 ordo
2056 1867 2340 1943 opinatur

262 1970 383 2014 non
417 1969 603 2014 secus
634 1968 708 2012 ac
750 1952 829 2013 de
873 1950 1187 2012 acerrimis
1240 1950 1552 2013 hostibus:
1595 1951 1759 2027 quod
1792 1970 1908 2013 vos
1943 1950 2184 2028 equites
2217 1953 2335 2011 Ro·

260 2036 453 2108 mani,
485 2036 656 2111 quod
723 2035 909 2097 ceteri
939 2035 1219 2108 ordineS,
1266 2037 1434 2110 quod
1470 2047 1689 2096 cuncta
1723 2035 1939 2097 civitas
1970 2035 2128 2095 odit=
2172 2036 2337 2109 quod

262 2137 440 2180 nemo
472 2119 693 2192 bonuS,
729 2135 907 2178 nemo
938 2119 1202 2195 denique
1234 2118 1390 2180 civis
1422 2128 1518 2179 est
1547 2119 1648 2194 qui
1673 2120 1857 2179 modo
1883 2135 1952 2179 se
1977 2119 2171 2178 civem
2198 2134 2340 2177 csse

261 2201 620 2277 meminerit,
651 2201 753 2278 qui
787 2218 900 2263 vos
931 2220 1050 2263 non
1078 2202 1276 2264 oculis
1312 2202 1519 2277 fugiat,
1552 2201 1804 2263 auribus
1837 2212 2107 2277 respuat,
2135 2200 2338 2260 animo

262 2293 645 2361 aspernetur,
675 2285 1101 2348 recordatione
1130 2286 1398 2361 denique
1431 2287 1568 2362 ipsa
1600 2288 1956 2347 consulatus
1986 2284 2172 2346 vestri
2205 2300 2338 2359 per-

264 2369 602 2431 horrescat.
690 2368 792 2432 46.
839 2370 1006 2430 Haec
1051 2385 1168 2446 ego
1213 2386 1458 2445 semper
1500 2371 1578 2430 de
1622 2369 1800 2430 vobis
1842 2369 2144 2444 expetivi,
2189 2369 2340 2427 haec

261 2452 500 2528 optavi,
550 2452 707 2513 haec
754 2462 1037 2528 precatus
1077 2470 1232 2515 sum.
1319 2454 1500 2513 Plura
1537 2452 1715 2515 etiam
1761 2453 2115 2513 acciderunt
2156 2466 2340 2527 quam

262 2538 500 2596 vellem.
606 2536 755 2596 Nam
797 2545 862 2597 ut
900 2535 1255 2599 amitteretis
1300 2537 1663 2608 exercitum,
1719 2551 2046 2610 numquam
2092 2534 2339 2593 hercule

262 2618 503 2693 optavi=
535 2619 680 2679 illud
714 2619 891 2680 etiam
924 2618 1149 2679 accidit
1185 2628 1427 2693 praeter
1460 2628 1729 2693 optatum
1762 2634 1982 2689 meum,
2016 2616 2127 2676 sed
2159 2615 2338 2674 valde

260 2718 342 2762 ex
380 2704 723 2763 voluntate:
799 2701 942 2763 mihi
973 2700 1134 2762 enim
1167 2717 1498 2774 numquam
1531 2702 1762 2760 veniret
1788 2700 1848 2758 in
1881 2707 2140 2760 mentem
2174 2699 2335 2757 furo-

261 2802 390 2846 rem
417 2794 479 2845 et
508 2785 802 2846 insaniam
839 2794 1055 2861 optare
1086 2786 1283 2859 vobis,
1314 2785 1371 2844 in
1406 2799 1586 2859 quam
1622 2781 1938 2844 incidistis,
2009 2781 2197 2856 Atqui
2234 2779 2340 2841 luit

261 2869 616 2945 optandum.
677 2869 777 2930 Me
807 2877 1002 2930 tamen
1038 2869 1276 2943 fugerat.
1310 2869 1563 2928 deorum
1593 2864 2022 2928 immortalium
2052 2864 2166 2927 has
2196 2879 2339 2927 esse

264 2950 326 3009 in
385 2949 609 3028 impios
666 2958 730 3011 et
790 2952 1253 3019 consceleratos
1322 2962 1561 3022 poenas
1633 2942 2033 3005 certissimas.
2138 2943 2338 3005 Nolite

267 3033 429 3102 enim
474 3034 559 3094 ita
602 3043 851 3110 putare,
910 3041 1120 3110 patres
1165 3029 1536 3107 conscripti,
1588 3038 1658 3092 ut
1699 3029 1760 3091 in
1817 3045 2049 3091 scaena
2094 3026 2338 3099 videtis,

269 3118 553 3180 homines
610 3120 1071 3181 consceleratos
1122 3116 1394 3192 impulsu
1437 3116 1698 3177 deorum
1754 3115 1969 3176 terreri
2014 3111 2334 3174 furialibus

269 3202 471 3264 taedis
505 3204 895 3266 ardentibus:
939 3219 1053 3263 sua
1086 3216 1394 3277 quemque
1423 3201 1619 3270 fraus,
1652 3216 1834 3261 suum
1865 3199 2121 3269 facinus,
2151 3209 2336 3255 suum

270 3288 502 3355 scelus,
528 3303 641 3347 sua
665 3287 920 3350 audacia
949 3287 1032 3349 de
1051 3285 1319 3347 sanitate
1346 3301 1422 3344 ac
1445 3292 1651 3344 mente
1676 3284 1980 3345 deturbat.
2031 3282 2166 3340 Hae
2194 3284 2340 3337 sunt

274 3370 597 3446 impiorum
628 3372 851 3443 furiae,
897 3371 1015 3432 hae
1048 3370 1362 3441 flammae,
1401 3368 1520 3428 bae
1554 3368 1742 3427 facee.
1816 3368 1918 3424 47.
1948 3365 2084 3437 Ego
2115 3368 2177 3419 te
2211 3369 2338 3448 non

276 3456 663 3529 vaecordem,
688 3461 813 3516 non
836 3456 1154 3527 furiosum,
1177 3470 1302 3514 non
1318 3458 1521 3511 mente
1544 3457 1810 3523 captum,
1835 3463 1960 3506 non
1979 3440 2209 3512 tragico
2233 3436 2340 3491 nuo
