2514 3928
815 375 1194 440 PROOEMIUM
1231 376 1546 431 Em‘roms.
1919 398 1935 413 ·
2108 395 2227 433 ινιτ

149 529 313 571 contra
354 526 503 582 atque
541 523 800 580 oporteret
832 523 926 568 etc.
969 515 1204 565 constitui
1240 516 1304 565 de
1338 513 1585 578 Madvigii
1619 516 1896 575 sententia,
1931 524 1987 565 nt
2021 524 2072 567 et
2108 520 2228 582 quin

151 591 282 638 etiam
323 602 414 651 pro
454 589 542 650 qm·
573 587 721 635 etiam
757 584 1026 634 scriberem
1071 592 1119 633 et
1163 585 1301 648 qnod
1346 595 1462 648 post
1497 583 1692 646 aliquid
1726 584 2024 638 omitterem.
2098 586 2225 645 Nam

153 657 285 707 facile
327 660 416 720 qui
459 655 512 703 iu
559 657 644 718 qui
685 654 939 719 corrumpi
987 661 1037 703 et
1085 653 1220 717 quod
1264 661 1379 718 post
1420 651 1615 716 aliquid
1646 651 1767 701 addi
1806 653 1986 717 potnit.
2062 655 2224 704 Etiam

153 739 257 788 cap.
295 726 348 772 4.
385 725 435 784 5.
473 721 526 771 9.
570 724 749 786 scripsi
792 722 856 771 de
889 721 1134 786 Madvigii
1171 723 1481 772 coniecturaz
1520 720 1607 769 An
1645 721 1922 784 inmensum?
1966 724 2049 772 eui
2079 727 2227 774 etiam

150 794 244 855 ipsi
274 804 420 840 casus
452 798 746 854 eventusque
779 804 945 840 rerum
979 804 1076 840 non
1113 790 1283 855 duces,
1321 790 1417 840 sed
1448 791 1645 839 comites
1678 791 1988 840 consiliorum
2015 791 2227 855 fuerim!

152 872 235 926 pro
266 859 497 925 vulgato:
533 872 674 925 quum
703 861 850 908 etiam
880 884 945 897 -—
968 861 1176 923 ficet-iva.
1250 862 1302 920 5.
1332 859 1417 911 10.
1461 859 1631 921 recepi
1669 872 1803 907 nunc
1836 874 1988 921 quam
2033 860 2224 911 Madvi-

148 931 253 994 gius
281 929 648 979 commendavit
681 929 1018 978 coniecturam
1047 928 1259 978 Manutii
1295 927 1455 988 hanc,
1494 935 1547 976 ut
1582 935 1787 992 recepta
1819 929 2069 992 particula
2103 946 2224 980 vero

147 1013 230 1062 pro
263 1014 426 1048 certem
461 997 659 1060 reliqua
705 997 779 1046 sic
814 997 1200 1062 distinguerem:
1250 997 1345 1048 Oui
1374 1001 1583 1047 senatus
1620 998 1931 1061 populusque
1976 997 2225 1048 Romanus
2269 996 2275 1002 ’

145 1069 461 1129 amplissimae
496 1067 751 1131 dignitatis
779 1068 1013 1130 praemia
1041 1066 1178 1116 dedit
1210 1081 1309 1117 non
1339 1067 1638 1129 posndanti,
1684 1066 1897 1128 imperia
1928 1081 2048 1115 vero
2079 1069 2225 1116 etiam

143 1137 408 1199 recusanti,
443 1135 586 1185 huius
617 1136 681 1185 de
704 1136 845 1197 sacto
883 1143 979 1185 etc.
1050 1135 1286 1184 Extrema
1320 1135 1369 1197 5.
1411 1135 1659 1184 adsensus
1695 1149 1810 1183 sum
1846 1134 2135 1186 camerario
2175 1149 2223 1185 et

144 1204 412 1270 Madvigio,
442 1205 526 1264 qui
557 1212 635 1253 est
669 1211 784 1266 post
800 1203 949 1253 -oobis
978 1203 1284 1263 addiderunt
1309 1219 1373 1253 ex
1395 1204 1523 1253 libro
1550 1204 1731 1269 Paris„
1764 1204 1858 1253 sed
1881 1212 2035 1266 quum
2065 1220 2223 1255 nonne

141 1275 189 1323 in
221 1273 360 1324 libris
394 1272 476 1329 sit,
514 1286 613 1319 non
646 1285 760 1335 non,
799 1272 949 1321 credo
983 1273 1039 1321 id
1073 1271 1196 1321 olim
1234 1272 1393 1321 fuisse
1426 1287 1524 1322 non
1560 1274 1708 1322 etiam
1736 1271 1874 1323 vobis
1910 1280 2005 1323 est.
2062 1286 2223 1324 nonne

143 1343 334 1393 videtur
370 1356 435 1390 ex
467 1355 567 1390 non
601 1340 633 1388 ἔ
670 1347 832 1388 ortum
870 1354 999 1388 ene.
1071 1338 1173 1389 Sed
1201 1355 1313 1404 cap.
1352 1341 1405 1394 5.
1445 1342 1496 1401 5.
1538 1339 1620 1390 11.
1651 1355 1754 1390 non
1787 1341 2046 1392 adsentior
2081 1343 2199 1392 Mad

141 1413 304 1476 vigim
356 1410 448 1472 qui
493 1409 703 1458 alterum
741 1409 825 1457 ille
865 1421 979 1456 cum
1034 1407 1228 1456 familia
1272 1408 1503 1456 codicum
1540 1409 1786 1457 deteriore
1831 1411 2050 1469 inducit,
2086 1411 2222 1474 qnod

142 1479 265 1528 mihi
291 1480 343 1527 vi
379 1492 475 1527 sua
510 1475 749 1526 hocloco
781 1489 953 1524 carere
977 1488 1075 1524 non
1110 1475 1324 1525 videtur.
1380 1476 1428 1536 5.
1461 1482 1627 1524 autem
1660 1474 1742 1527 13.
1767 1478 1901 1538 quod
1926 1481 2089 1529 suasit
2119 1480 2220 1529 iam

141 1547 438 1598 Garatonius
471 1546 588 1605 feci,
623 1553 675 1594 ut
706 1559 773 1593 ex
802 1543 931 1593 libro
956 1543 1239 1593 Erfurtensi
1268 1544 1567 1593 scriberemz
1598 1547 1906 1594 scientem—
1924 1548 2221 1608 insciam,

140 1631 231 1680 pro
267 1616 472 1680 vulgato
505 1615 708 1664 ordine:
753 1614 1385 1663 &scientem—scientem.
1463 1611 1583 1676 Gap.
1623 1611 1673 1663 6.
1704 1614 1751 1673 5.
1792 1612 1873 1662 14.
1913 1628 2046 1663 nunc
2074 1616 2224 1665 veiim

138 1693 293 1734 totum
330 1684 494 1734 locum
537 1685 613 1733 sic
656 1682 837 1732 scribi:
889 1681 1050 1743 Quasi
1087 1697 1210 1732 vero
1252 1696 1351 1732 non
1394 1682 1550 1730 levius
1582 1683 1678 1745 sit,
1728 1695 1870 1745 quum
1904 1683 1955 1730 in
1991 1690 2133 1734 imita
2168 1696 2226 1733 re

135 1753 333 1816 publiea
365 1768 575 1803 versere
612 1759 662 1802 et
692 1753 925 1801 maxinnis
954 1754 1165 1815 negotiis
1198 1752 1434 1816 praesis,
1474 1750 1655 1813 facere
1689 1750 1887 1814 aliquid
1927 1751 2062 1816 quod
2091 1754 2226 1803 scias

137 1836 231 1871 non
259 1823 409 1872 licere
445 1837 592 1887 quam
622 1822 814 1872 onmino
847 1834 945 1870 non
978 1821 1112 1871 seire
1146 1820 1269 1886 quid
1296 1822 1463 1871 liceat.
1537 1817 1664 1868 Nam
1698 1834 1812 1883 non,
1852 1819 1899 1868 si
1927 1833 2021 1884 per
2053 1831 2222 1871 notam

138 1892 378 1955 scriptum
410 1898 519 1941 erat
553 1892 589 1939 ἦ
626 1891 703 1939 vel
734 1895 827 1948 nv,
876 1897 992 1952 post
1026 1904 1145 1940 vero
1183 1889 1336 1940 facile
1366 1889 1600 1938 excidere
1628 1888 1819 1952 potuit,
1859 1889 1905 1938 si
1944 1901 2067 1940 vero
2101 1892 2222 1941 scri·

134 1980 276 2037 ptum
317 1979 449 2032 erat,
488 1979 545 2021 ut
584 1972 808 2034 solebat,
851 1986 942 2036 per
978 1972 1335 2044 compendium
1380 1968 1436 2023 a.
1510 1969 1685 2022 Paullo
1721 1979 1838 2037 post
1880 1972 1945 2023 de
1977 1974 2224 2041 Madvigii

134 2043 327 2091 ratione
351 2056 484 2090 nunc
505 2042 667 2091 edidi:
701 2056 785 2099 an,
813 2055 954 2104 quum
983 2042 1062 2089 ius
1089 2042 1220 2090 iliius
1240 2043 1424 2104 populi
1445 2047 1629 2101 nosset,
1653 2042 2113 2104 interpretationem
2137 2057 2220 2094 ve·

133 2112 258 2161 teris
278 2124 374 2161 non
401 2109 621 2169 tenebat,
648 2106 980 2170 eumdemque
1011 2114 1266 2158 auctorem
1297 2109 1449 2159 etiam
1477 2112 1529 2158 in
1558 2111 1881 2171 sequentibus
1913 2110 1995 2172 55.
2016 2119 2220 2162 secutus

133 2192 267 2229 sum.
309 2177 431 2242 Gap.
463 2176 513 2227 8.
554 2179 602 2238 5.
639 2178 720 2227 17.
761 2178 911 2226 etiam
945 2191 1079 2225 nunc
1113 2178 1304 2226 obtinui
1340 2192 1467 2238 eam,
1500 2183 1650 2240 quain
1685 2179 1784 2227 iam
1821 2178 1941 2228 olim
1976 2194 2039 2229 ex
2077 2180 2220 2230 libris

132 2259 464 2310 reposueram
512 2246 839 2310 scripturam:
894 2242 1115 2295 omittam
1149 2248 1302 2310 igitur
1344 2247 1653 2312 Pompeium:
1696 2248 1794 2297 iam
1837 2249 2066 2299 oratione
2110 2255 2221 2299 mea

129 2317 437 2381 relinquam,
488 2315 582 2365 sed
612 2329 725 2378 vos,
772 2314 985 2379 iudices,
1034 2316 1205 2365 animis
1253 2330 1318 2364 ac
1358 2318 1590 2366 memoria
1633 2322 1843 2366 tenetote
1885 2332 1979 2381 pro
2015 2317 2221 2383 vulgata

131 2386 406 2446 scriptura:
459 2382 681 2435 Omittam
709 2384 864 2448 igitur
896 2382 1176 2445 Pompeium
1211 2385 1309 2433 iam
1342 2387 1566 2436 oratione
1601 2400 1708 2434 mea
1740 2386 1971 2451 reliqna.-
2005 2387 2104 2436 sed
2132 2400 2221 2437 vos

131 2460 226 2506 etc.
269 2453 358 2503 Sic
392 2454 527 2503 enim
560 2460 609 2502 et
637 2452 690 2503 id
718 2452 856 2514 quod
884 2453 1191 2502 oratione
1220 2453 1277 2502 nt
1314 2461 1363 2501 et
1388 2452 1611 2517 id'quod
1644 2453 1884 2503 animis
1914 2460 1963 2504 et
1990 2470 2219 2505 memo-

130 2524 228 2572 ria
265 2523 432 2588 magis
465 2521 686 2572 effertur.
743 2520 865 2586 Cap.
895 2522 945 2571 7.
990 2521 1039 2582 5.
1085 2520 1166 2572 19.
1203 2531 1429 2572 extrema
1463 2524 1574 2572 iure
1605 2522 1806 2572 videtur
1841 2524 2221 2574 commendasse

128 2591 422 2656 Madvigius
451 2590 584 2641 hauc
620 2590 885 2639 verborum
922 2589 1336 2651 collocationem,
1385 2606 1512 2653 quae
1550 2597 1626 2640 est
1660 2592 1714 2639 in
1747 2590 1877 2641 libro
1907 2590 2217 2642 Erfurtensi:

127 2660 411 2710 adimento
440 2660 607 2723 potius
643 2672 846 2719 causae,
879 2672 1185 2721 quamquam
1209 2662 1377 2723 potius
1400 2661 1551 2709 etiam
1586 2659 1651 2708 ad
1681 2675 1825 2724 quam
1850 2661 2051 2710 adsumi
2077 2667 2219 2725 pote-

128 2735 219 2779 rat.
263 2730 320 2791 5.
359 2728 442 2779 22.
486 2729 585 2778 iam
613 2727 812 2778 videtur
840 2735 1050 2792 ‘auctore
1085 2728 1340 2793 Madvigio
1378 2743 1471 2793 pro
1504 2729 1737 2779 videatur
1771 2730 1994 2793 reposui.
2044 2727 2236 2779 Paullo.

129 2806 247 2859 post
288 2797 592 2860 periculosis
634 2803 686 2847 et
728 2797 932 2860 asperis
965 2796 1265 2859 temporibus
1307 2797 1487 2863 scripsi
1539 2799 1602 2848 de
1647 2798 1873 2848 eiusdem
1915 2800 2219 2855 coniectura,

128 2880 259 2929 qnae
293 2864 419 2914 mibi
455 2880 655 2928 quoque
691 2866 789 2929 ipsi
823 2866 874 2913 in
905 2873 1122 2915 mentem
1166 2866 1430 2930 superiore
1465 2875 1691 2932 tempore
1721 2874 1949 2931 venerat,
1989 2881 2080 2931 pro
2113 2864 2222 2917 vul-⁷

196 2944 278 2984 to:
322 2936 374 2983 in
400 2934 646 2997 periculis
671 2941 721 2983 et
756 2936 955 2997 asperis
984 2934 1301 2997 temporibus.
1339 2934 1517 2986 Carent
1550 2935 1685 2985 euim
1716 2934 1833 2985 libri
1868 2936 1919 2985 in
1954 2934 2214 3000 particula.

124 2950 295 3053 {iiam
330 3016 444 3068 cap.
479 3002 530 3052 9.
572 3003 622 3064 5.
654 3003 738 3051 24.
779 3010 1003 3052 extrema
1037 3005 1254 3055 videmus
1289 3018 1394 3077 pro,
1416 3004 1696 3055 videbamus
1736 3004 1832 3053 iam
1873 3004 2230 3070 reponendum

125 3072 338 3137 putavi,
389 3078 437 3121 et
474 3084 587 3135 cap.
631 3069 792 3131 10.’5.
833 3070 917 3121 26.
955 3073 1073 3122 lieet
1104 3088 1193 3137 pro
1235 3074 1409 3139 liceat,
1450 3075 1599 3123 sicuti
1634 3072 1760 3123 haec
1793 3074 2051 3138 praecepit
2081 3071 2222 3121 Mad·

125 3139 302 3205 vigius
340 3138 377 3192 1.
409 3155 456 3193 c.
485 3153 540 3204 p,
575 3139 660 3190 24.
701 3137 820 3203 Cap.
858 3140 942 3193 10.
981 3141 1030 3203 5.
1065 3142 1149 3192 25.
1188 3143 1326 3204 quod
1357 3142 1543 3207 legitur
1569 3153 1661 3207 pro
1694 3140 1929 3207 vulgato:
1963 3153 2086 3207 quos
2118 3141 2226 3191 Ga-

121 3208 324 3259 ditanis
359 3207 670 3258 adiutoribus
704 3208 1007 3273 subeyimus,
1051 3211 1102 3258 in
1137 3210 1281 3260 libris
1315 3212 1547 3275 scriptis:
1598 3225 1721 3276 qnos
1754 3212 1946 3276 maynis
1980 3208 2222 3259 adiutori-

121 3275 219 3326 bus
260 3277 364 3327 tuis
398 3278 554 3327 armis
577 3277 870 3343 subeqimus,
908 3277 962 3327 id
993 3293 1089 3342 ego
1125 3293 1259 3327 nunc
1293 3279 1365 3327 ita
1393 3279 1762 3329 emendandum
1791 3279 1984 3343 putavi,
2014 3286 2067 3325 ut
2097 3277 2226 3325 scri-

122 3344 333 3395 berem:
372 3361 496 3412 quos
526 3346 845 3397 adiutoribus
870 3345 1142 3397 maioribus
1173 3349 1273 3396 tuis
1307 3349 1463 3408 armis
1496 3347 1787 3411 subegimus,
1822 3347 1913 3397 sed
1951 3344 2114 3393 fateor
2148 3351 2222 3392 ta-

122 3428 245 3464 men
285 3415 366 3464 sic
400 3417 570 3479 potius
603 3415 913 3465 adiutoribus
941 3415 1356 3479 maioribus‘suisg
1397 3424 1451 3463 ut
1485 3416 1540 3464 id
1573 3416 1822 3479 pertineat
1855 3414 1924 3463 ad
1949 3412 2225 3461 Gaditanos

119 3484 442 3548 exspectari.
482 3477 672 3533 Eadem
707 3484 758 3546 5.
792 3484 961 3540 verba,
999 3491 1128 3545 quae
1157 3482 1402 3545 deinceps
1427 3483 1680 3547 leguntur,
1715 3484 1803 3545 ita,
1838 3493 1986 3543 quem
2018 3479 2083 3526 ad
2117 3492 2220 3523 mo-

119 3550 253 3599 dum
284 3550 447 3616 voluit
473 3550 777 3617 Madvigius,
823 3557 886 3601 e'x
921 3550 1049 3600 libro
1086 3548 1244 3600 Oxou.
1286 3550 1353 3601 X.
1396 3550 1659 3604 constitui,
1703 3548 2050 3609 praeterquam
2088 3538 2229 3597 quod

121 3633 219 3682 pro
268 3620 509 3682 privatim
550 3620 732 3683 scripsi
775 3622 1011 3681 privatus
1062 3633 1124 3665 ex
1165 3615 1308 3664 libris
1344 3616 1503 3663 Paris.
1544 3622 1593 3660 et
1626 3612 1831 3668 Ber-nn„
1869 3614 1923 3652 ut
1962 3604 2017 3648 id
2058 3599 2227 3658 ³Pffl²⁸

208 3704 322 3745 em.
345 3690 414 3745 ιι.
435 3694 488 3747 s.
1391 3749 1400 3758 .
1776 3677 1814 3725 ¹²
