2514 3928
189 183 269 238 ιε
819 175 983 235 cAP.
1019 183 1281 238 13-16.
1323 168 1354 242 s
1406 182 1671 237 32—-38-
2083 142 2090 151 ³
2171 178 2293 244 111

188 325 437 388 confici
479 328 656 389 velle.
750 327 1131 401 Quum=vero
1174 326 1279 387 ille
1308 342 1461 387 suae
1493 327 1725 402 gloriae
1753 325 1871 387 iam
1903 325 2170 404 pridem,
2204 328 2299 389 rei

185 410 496 487 publicae
510 411 781 471 nondum
796 410 947 472 satis
965 408 1177 471 fecerit
1199 418 1262 470 et
1274 410 1441 470 malit
1459 418 1658 471 tamen
1673 410 1906 472 tardius
1932 412 2014 472 ad
2036 428 2299 474 suorum

190 495 489 555 laborum
525 496 753 555 fructus
786 492 1109 570 pervenire
1151 510 1335 569 quam
1374 509 1497 555 non
1532 494 1788 570 explere
1818 503 2175 572 susceptum
2201 496 2298 557 rei

189 579 499 654 publicae
526 594 781 651 munus,
827 594 941 639 nec
981 577 1409 653 imperatorem
1450 577 1772 639 incensum
1819 580 1900 639 ad
1931 595 2062 639 rem
2089 580 2289 656 publi-

188 677 343 722 cam
367 661 526 722 bene
552 663 886 737 gerendam
906 676 1206 724 revocare
1235 677 1354 722 nec
1377 669 1568 724 totam
1586 662 1801 723 Gallici
1825 662 1969 723 belli
1990 662 2293 724 rationem

191 760 407 822 prope
436 745 555 806 iam
588 745 953 822 explicatam
983 746 1339 823 perturbare
1366 754 1557 823 atque
1589 744 1888 822 impedire
1918 746 2236 817 debemus.

330 829 465 888 XV.
493 829 597 891 36.
648 831 798 891 Nam
833 831 974 891 illae
1006 830 1346 892 sententiae
1376 831 1643 892 virorum
1676 828 2149 890 clarissimorum
2180 829 2288 891 mi-

190 911 370 973 nime
401 914 758 989 probandae
788 922 967 975 sunta
1013 931 1276 990 quorum
1318 916 1470 976 alter
1516 914 1861 975 ulteriorem
1895 912 2149 974 Galliam
2183 914 2289 975 de·

192 996 401 1058 cernit
440 1014 577 1059 cum
609 997 822 1076 Syria,
863 999 1017 1058 alter
1061 996 1423 1059 citeriorem.
1510 996 1624 1072 Qui
1659 997 2036 1072 ulteriorem,
2082 997 2292 1059 omnia

190 1080 327 1154 illa,
357 1081 436 1140 de
460 1081 683 1156 quibus
707 1080 973 1142 disserui
1008 1082 1216 1156 paullo
1248 1087 1407 1153 ante,
1442 1081 1782 1157 perturbat,
1815 1083 1994 1143 simul
2017 1082 2289 1143 ostendit

199 1181 353 1225 eam
380 1180 450 1224 se
483 1172 693 1224 tenere
721 1164 948 1236 legem,
993 1179 1177 1236 quam
1205 1178 1350 1223 esse
1380 1165 1577 1237 legem
1607 1174 1806 1238 neget,
1839 1172 1918 1238 et,
1949 1181 2110 1240 quae
2142 1181 2293 1241 pars

196 1244 574 1322 provinciae
593 1246 689 1318 sit,
713 1244 812 1304 cui
835 1261 956 1304 non
983 1245 1182 1319 possit
1207 1243 1523 1318 intercedi,
1546 1246 1703 1306 hanc
1730 1263 1799 1307 se
1821 1248 2107 1321 avellere,
2131 1265 2293 1323 quae

201 1330 606 1388 defensorem
629 1327 867 1401 habeat,
901 1343 1023 1389 non
1046 1335 1326 1402 tangerez
1358 1326 1536 1387 simul
1559 1336 1620 1388 et
1638 1329 1787 1389 illud
1818 1329 1977 1402 iacit,
2008 1339 2087 1400 ut,
2124 1333 2295 1406 quod

201 1411 296 1471 illi
327 1427 366 1471 a
395 1411 628 1488 populo
661 1411 866 1471 datum
895 1410 1004 1482 sit,
1058 1410 1119 1471 id
1150 1426 1271 1472 non
1308 1411 1522 1483 violet,
1557 1411 1722 1486 quod
1753 1419 2003 1472 senatus
2035 1412 2291 1485 dederit,

199 1495 270 1555 id
304 1502 557 1556 senator
583 1501 874 1571 properet
899 1496 1160 1555 auferre.
1218 1492 1324 1558 37.
1358 1494 1531 1555 Alter
1561 1493 1701 1555 belli
1733 1493 1949 1565 Gallici
1989 1494 2296 1557 rationem

199 1579 410 1648 habet,
458 1579 728 1654 fungitur
761 1579 969 1640 officio
1002 1578 1148 1640 boni
1181 1577 1514 1640 senatoris.
1548 1579 1777 1653 legem,
1812 1568 1995 1653 quam
2025 1595 2147 1638 non
2181 1597 2284 1654 pu-

200 1676 323 1736 tat,
385 1679 521 1724 eam
570 1666 820 1737 quoque
859 1669 1092 1723 servatx
1151 1662 1437 1739 praefinit
1487 1661 1647 1722 enim
1699 1661 2057 1724 successori
2107 1662 2296 1724 diem.

206 1746 348 1820 Quo
379 1745 527 1807 mihi
557 1745 702 1806 nihil
736 1746 975 1809 videtur
999 1745 1256 1807 alienius
1287 1764 1324 1807 a
1357 1745 1649 1822 dig-nitate
1681 1745 2134 1823 disciplinaque
2161 1763 2286 1809 ma·

201 1828 420 1905 iorum,
445 1847 628 1906 quam
655 1837 739 1903 ut,
779 1831 884 1906 qui
909 1832 1127 1892 consul
1149 1827 1442 1895 Kalendis
1464 1828 1759 1891 Ianuariis
1789 1829 2017 1891 habere
2041 1832 2275 1907 provin-

206 1913 369 1974 ciam
398 1915 598 1985 debet‚
633 1913 688 1975 is
732 1923 799 1976 ut
826 1930 960 1976 eam
991 1914 1403 1992 desponsam,
1444 1931 1567 1976 non
1597 1915 1907 1976 decretam
1934 1914 2162 1977 habere
2195 1914 2290 1975 vi·

203 1999 440 2062 deatur.
523 1999 729 2060 Fuerit
761 2006 888 2061 toto
932 1999 993 2060 in
1035 2000 1357 2060 consulatu
1405 1998 1537 2059 sine
1571 1999 1917 2075 provincia,
1962 1994 2060 2061 cui
2089 2000 2296 2074 luerit,

204 2089 347 2142 ante
392 2098 576 2156 quam
618 2083 974 2159 designatus
1018 2091 1151 2160 est,
1193 2083 1442 2144 decreta
1475 2081 1837 2159 provincia?
1877 2081 2178 2144 Sortietur
2206 2099 2289 2142 an

208 2172 376 2226 non?
413 2166 564 2227 Nam
606 2174 668 2227 et
707 2183 830 2227 non
875 2166 1079 2228 sortiri
1120 2166 1455 2228 absurdum
1502 2173 1599 2227 est
1625 2174 1685 2227 et
1715 2167 1885 2243 quod
1915 2166 2167 2228 sortitus
2198 2167 2293 2227 sis

209 2265 331 2309 non
376 2249 622 2322 habere.
709 2249 1138 2313 proficiscetur
1170 2250 1540 2327 paludatus?
1568 2250 1743 2324 Quo?
1799 2265 1923 2326 quo
1961 2250 2293 2326 pervenire

212 2340 351 2393 ante
378 2341 603 2395 certam
628 2333 787 2397 diem
818 2351 937 2396 non
961 2333 1184 2396 licebit.
1217 2335 1518 2405 Ianuario,
1548 2334 1881 2395 Februario
1902 2334 2290 2409 provinciam

211 2433 332 2477 non
356 2416 621 2479 habebit.
705 2416 1001 2480 Kalendis
1034 2417 1093 2479 ei
1128 2417 1399 2495 denique
1431 2416 1664 2479 Martiis
1711 2426 2004 2478 nascetur
2031 2425 2293 2493 repente

212 2499 545 2576 provincia.
620 2497 741 2562 38:
764 2503 860 2563 Ac
901 2510 1103 2564 tamen
1152 2501 1249 2562 his
1297 2501 1614 2562 sententiis
1654 2501 1796 2561 Piso
1849 2501 1909 2560 in
1963 2499 2287 2575 provincia

213 2584 601 2659 permanebit.
691 2584 862 2660 Quae
906 2601 1045 2647 cum
1085 2583 1299 2659 gravia
1345 2593 1488 2646 sunt
1528 2591 1652 2645 tum
1694 2584 1839 2644 nihil
1881 2581 2131 2657 gravius
2160 2582 2291 2655 ino,

214 2668 377 2743 quod
437 2667 679 2730 multari
702 2669 1127 2744 imperatorem
1158 2667 1572 2729 deminutione
1600 2665 1952 2742 provinciae
1974 2672 2283 2725 contume-

214 2753 426 2811 liosum
457 2761 569 2826 est,
602 2768 805 2828 neque
836 2753 1034 2813 solum
1064 2767 1303 2813 summo
1335 2752 1394 2811 in
1424 2750 1590 2823 viro,
1626 2750 1741 2810 scd
1767 2748 1949 2809 etiam
1990 2748 2288 2811 mediocri

213 2836 273 2895 in
298 2834 538 2899 homine
570 2852 648 2897 ne
685 2836 925 2897 accidat
950 2836 1417 2913 providendum.

331 2919 489 2979 XVI.
523 2919 656 2995 Ego
687 2936 803 2980 vos
833 2918 1133 2996 intelligo,
1174 2927 1381 2996 patres
1411 2914 1774 2994 conscripti,
1817 2918 2039 2979 multos
2071 2919 2283 2980 decre-

214 3003 374 3064 visse
417 3002 678 3064 eximios
722 3004 990 3065 honores
1025 3003 1089 3064 C.
1120 3002 1367 3065 Caesari
1407 3011 1469 3065 et
1508 3017 1706 3078 prope
1751 3001 2114 3078 singulares.
2195 3001 2286 3072 Si,

219 3087 372 3163 quod
405 3085 488 3148 ita
520 3087 773 3149 meritus
802 3095 961 3160 erat,
1003 3086 1298 3162 grati‚sin
1324 3087 1527 3159 etiam,
1546 3093 1612 3147 ut
1643 3102 1825 3161 quam
1854 3083 2278 3149 coniunctissi-

219 3187 342 3231 mus
368 3170 510 3232 huic
542 3170 969 3243 ordini-esset,
994 3171 1306 3246 sapientes
1333 3186 1409 3231 ac
1438 3168 1628 3232 divini
1661 3170 1882 3231 ruistis.
1968 3167 2286 3228 Neminem

221 3266 492 3330 umquam
526 3264 624 3316 est
644 3254 744 3316 hic
765 3255 921 3317 ordo
951 3255 1315 3331 complexus
1342 3252 1680 3316 honoribus
1708 3261 1772 3315 et
1789 3248 2105 3314 beneficiis
2128 3247 2285 3318 suis,

220 3338 312 3413 qui
339 3340 522 3398 ullam
552 3337 904 3435 digthatem
933 3335 1457 3415 praestabiliorem
1484 3354 1579 3410 ea,
1611 3352 1794 3411 quam
1824 3351 1935 3411 per
1962 3348 2078 3392 vos
2106 3341 2280 3419 esset

216 3420 481 3508 adeptus-³,
511 3430 754 3498 putant.
793 3422 984 3484 Nemo
1008 3437 1301 3498 umquam
1321 3420 1422 3482 hic
1442 3418 1640 3497 potuit
1668 3433 1813 3479 esse
1836 3415 2143 3490 princeps,
2174 3421 2283 3479 qm
