2514 3928
10 233 89 289 91
640 223 806 283 CAP.
840 231 1100 285 16—18.
1147 227 1197 288 S.
1229 228 1498 283 38—45.
1983 218 2104 282 189

15 374 164 437 huic
197 382 259 435 et
289 391 463 436 suam
496 382 554 434 et
581 374 661 434 ab
692 372 811 434 hoc
843 372 1202 434 observatas
1235 371 1426 451 tribus
1468 373 1721 446 edereS,
1762 389 1881 454 non
1920 372 2104 435 modo

21 476 148 521 non
176 456 511 535 quererer,
545 458 658 519 sed
682 456 844 517 hunc
879 456 953 516 iis
988 453 1295 516 iudicibus
1318 455 1530 530 editiS,
1568 455 1673 532 qui
1705 455 1887 517 iidem
1916 464 2106 518 testes

15 559 168 604 esse
200 550 483 617 possent,
525 539 876 602 'absolutum
911 546 1210 615 putarem,
1269 556 1472 614 neque
1501 556 1662 600 nune
1708 542 1891 601 multo
1922 556 2107 601 secus

17 624 328 686 existimo.
376 625 569 698 Quum
603 625 762 686 enirn
792 623 903 684 has
943 622 1132 684 tribus
1168 621 1435 698 edidisti,
1464 621 1687 697 ignotis
1719 632 1775 684 te
1807 622 2107 685 iudicibus

17 708 108 771 uti
167 709 344 768 malle
387 726 569 785 quam
623 707 783 770 notis
823 704 1202 768 indicavisti=
1257 705 1467 781 fugisti
1521 707 1880 781 sententiam
1921 707 2106 782 legis:

14 790 387 868 aequitatem
411 808 654 854 omnem
676 791 970 855 reiecisti=
1002 792 1061 850 in
1095 789 1362 851 tenebris
1396 806 1582 866 quam·
1609 789 1668 849 in
1700 792 1836 851 luce
1859 807 2109 851 causam

19 875 257 938 versari
299 875 582 938 maluisti.
671 874 775 937 43.
826 874 1094 936 Voltinia
1139 873 1331 936 tribus
1359 874 1440 934 ab
1474 872 1592 936 hoc
1626 883 1943 950 corruptae
1999 874 2108 934 Te·

23 962 281 1022 retinam
328 961 626 1023 habuerat
679 958 977 1020 venalem.
1049 957 1204 1032 Quid
1236 957 1470 1020 diceret
1496 960 1666 1034 apud
1689 956 2108 1019 Voltinienses

9 1052 128 1104 aut
156 1044 326 1119 apud
356 1044 610 1105 trib‘uIes
641 1059 794 1115 suos
824 1042 1107 1103 iudices?
1149 1043 1337 1105 Immo
1372 1059 1518 1103 vero
1554 1051 1624 1104 tu*
1647 1043 1793 1117 quid
1826 1041 2109 1103 diceres?

23 1144 210 1204 quem
251 1127 517 1188 iudicem
561 1142 642 1184 ex
685 1125 802 1185 illis
850 1134 956 1186 aut
1004 1123 1250 1186 tacitum
1288 1132 1502 1191 testem
1536 1126 1796 1188 haberes
1825 1133 1930 1188 aut
1958 1142 2107 1187 vero

20 1211 211 1272 etiam
245 1210 595 1270 excitares?
622 1207 860 1269 Etenim
893 1207 948 1267 si
979 1223 1120 1267 reus
1158 1207 1348 1270 tribus
1377 1209 1606 1282 ederet,
1638 1209 1962 1273 Voltiniam
1987 1212 2108 1272 l'or-

26 1303 199 1355 tasse
229 1291 512 1352 Plancius
551 1297 801 1364 propter
831 1288 1353 1353 necessitudinem
1394 1308 1468 1351 ac
1499 1291 1896 1366 vicinitatem,
1934 1311 2107 1355 suam

24 1393 177 1438 vero
224 1383 388 1439 certe
417 1372 735 1440 edidisset.
823 1375 927 1453 Et,
963 1374 1018 1437 si
1052 1374 1368 1450 quaesitor
1398 1373 1539 1435 huie
1567 1375 1846 1436 edendus
1876 1376 2109 1451 fuisset,

25 1483 210 1544 quem
247 1465 486 1539 tandem
520 1463 726 1543 potius
756 1467 936 1544 quam
970 1461 1132 1527 hunc
1166 1460 1226 1524 C.
1259 1461 1515 1535 Alfium,
1554 1477 1733 1536 quem
1762 1461 1975 1536 habet,
2013 1458 2111 1521 cui

24 1550 388 1613 notissimus
418 1568 562 1613 esse
588 1553 786 1628 debet,
820 1552 1104 1627 vicinum,
1136 1551 1435 1628 tribulem,
1458 1544 1885 1630 gravissimum
1918 1544 2109 1617 homi·

24 1652 164 1695 nem
207 1633 732 1713 iustissimumque
769 1637 1116 1698 edidisset?
1145 1637 1321 1699 cuius
1355 1636 1602 1715 quidem
1636 1639 1915 1716 aequitas
1946 1647 2005 1700 et
2040 1655 2110 1699 ea

29 1720 314 1781 voluntas
361 1737 506 1796 erga
537 1721 638 1782 Cn.
666 1721 892 1781 Plancii
936 1722 1224 1794 salutem,
1269 1738 1451 1796 quam
1485 1722 1585 1784 ille
1617 1723 1753 1784 sine
1784 1727 1906 1785 ulla
1940 1723 2110 1800 eupi-

19 1801 234 1865 ditatis
265 1803 611 1880 suspitione
653 1822 801 1881 prae
832 1822 903 1866 se
936 1807 1077 1878 fert,
1124 1806 1303 1866 facile
1334 1807 1607 1869 decla-rat
1636 1822 1757 1868 non
1793 1808 1987 1869 fuisse
2019 1810 2109 1869 su-

13 1886 287 1962 giendos
318 1888 570 1949 tribules
601 1887 741 1950 huic
770 1888 1039 1963 iudices,
1086 1889 1183 1951 cui
1227 1891 1636 1966 quaesitorem
1680 1891 1958 1953 tribulem
2003 1909 2080 1952 ex

18 1972 354 2045 optandum
391 1973 585 2036 luisse
615 1974 894 2035 videatis.

147 2056 360 2116 XVIII.
404 2055 508 2118 44.
544 2058 757 2132 Neque
786 2073 902 2133 ego
952 2074 1115 2117 nunc
1146 2056 1466 2119 consilium
1493 2058 1879 2134 reprehendo
1918 2067 2105 2131 tuum,

20 2139 196 2215 quod
220 2155 329 2199 eas
361 2139 572 2213 tribus,
603 2138 825 2215 quibus
845 2149 974 2201 erat
1003 2140 1102 2201 hic
1132 2139 1397 2201 maxime
1420 2150 1623 2216 notus,
1647 2158 1769 2203 non
1802 2140 2105 2202 edideris=

20 2223 137 2285 sed
172 2240 210 2283 a
241 2231 298 2285 te
335 2223 533 2283 doceo
560 2224 881 2284 consilium
905 2240 1025 2285 non
1056 2227 1364 2285 servatum
1390 2235 1663 2286 senatus.
1693 2223 1929 2287 Etenim
1968 2224 2105 2300 quis

17 2316 77 2369 te
108 2316 232 2367 tum
255 2306 493 2368 audiret
520 2307 759 2369 illorum
801 2315 906 2368 aut
929 2306 1078 2384 quid
1100 2307 1341 2369 diceres
1363 2315 1392 2367 2
1433 2307 1912 2385 sequestremne
1931 2307 2102 2369 Plan-

15 2389 224 2451 cium?
257 2399 623 2466 respuerent
649 2406 852 2467 aures,
886 2407 1066 2452 nemo
1098 2400 1481 2467 agnosceret,
1511 2392 1927 2469 repudiarent.
2001 2394 2100 2452 An

16 2474 399 2549 gratiosum?
436 2473 520 2534 illi
567 2474 826 2537 libenter
863 2476 1173 2547 audirent,
1215 2491 1331 2535 nos
1375 2492 1496 2536 non
1540 2476 1747 2546 timide
1782 2475 2102 2535 confitere-

17 2575 170 2619 mur.
256 2557 393 2618 Noli
434 2559 592 2619 enim
638 2565 885 2635 putare,
912 2558 1295 2631 Laterensis,
1327 2557 1565 2631 legibus
1599 2559 1763 2631 istiS,
1808 2573 1963 2631 quas
2006 2572 2101 2616 se·

16 2650 200 2702 natus
235 2643 313 2702 de
342 2641 570 2703 ambitu
599 2642 823 2704 sanciri
851 2640 1142 2716 voluerit,
1185 2640 1247 2700 id
1280 2656 1423 2701 esse
1453 2649 1681 2711 actum,
1709 2649 1775 2700 ut
1803 2639 2101 2713 suffraga-

12 2724 100 2787 tio
118 2771 133 2797 ‚
162 2734 230 2786 ut
258 2724 664 2798 observantia,
694 2734 762 2787 ut
790 2724 981 2801 gratia
1012 2725 1340 2785 tolleretur.
1430 2722 1688 2798 Semper
1717 2723 1961 2783 suerunt
1989 2722 2100 2783 viri

12 2806 196 2881 boni,
243 2808 347 2883 qui
387 2810 553 2885 apud
592 2809 846 2872 tribules
877 2826 1029 2871 suos
1059 2805 1315 2883 gratiosi
1343 2822 1487 2867 esse
1518 2807 1759 2867 vellent.
1846 2803 1949 2867 45.
1984 2806 2098 2868 Ne·

13 2907 138 2966 que
184 2907 330 2952 vero
363 2901 479 2953 tam
517 2895 706 2954 durus
731 2894 791 2953 in
835 2892 1075 2969 plebem
1117 2899 1329 2953 noster
1358 2891 1511 2952 ordo
1546 2889 1681 2960 fuit,
1713 2897 1779 2951 ut
1809 2906 1942 2950 eam
1980 2890 2098 2953 coli

15 2982 226 3036 nostra
250 2976 492 3037 modica
522 2977 879 3038 liberalitate
911 2976 1191 3045 noluerit,
1248 2991 1451 3050 neque
1479 2976 1599 3035 hoc
1630 2973 1838 3036 liberiS
1869 2974 2098 3037 nostris

14 3057 504 3121 interdicendum
533 3067 646 3132 est,
683 3076 761 3121 ne
786 3060 1116 3119 observent
1136 3058 1387 3120 tribules
1411 3075 1581 3129 sune,
1616 3075 1694 3119 ne
1718 3057 1988 3135 diligant,
2024 3075 2098 3118 ne

13 3143 326 3204 conficere
360 3143 731 3204 necessariis
765 3141 896 3203 suis
921 3160 1093 3203 suam
1129 3141 1346 3203 tribum
1379 3142 1636 3219 possint,
1672 3158 1749 3203 ne
1776 3159 1888 3217 par
1916 3142 1993 3201 ab
2024 3140 2099 3201 iis

11 3243 239 3287 munus
283 3226 342 3287 in
386 3243 500 3292 sua
541 3226 832 3302 petitione
860 3233 1242 3302 exspectent.
1332 3228 1499 3287 Haec
1546 3225 1704 3286 enirn
1751 3225 1940 3299 plena·
1962 3232 2101 3284 sunt

16 3309 450 3388 officii‚1plena
482 3309 944 3383 observantiae,
976 3310 1156 3385 plena
1185 3308 1366 3371 etiam
1400 3307 1795 3383 antiquitatis.
1883 3308 2005 3363 Isto
2038 3304 2095 3361 in

12 3409 244 3469 genere
272 3402 333 3455 et
362 3392 586 3455 fuimus
609 3393 760 3469 ipsi,
803 3410 992 3469 quum
1024 3392 1372 3454 ambitionis
1403 3399 1649 3451 nostrae
1678 3398 1955 3460 tempora
1991 3399 2098 3455 po-

12 3477 356 3554 stulabant,
404 3485 464 3539 et
508 3476 884 3539 clarissimes
931 3476 1100 3538 viros
1144 3493 1289 3536 esse
1334 3473 1597 3534 vidimus
1643 3478 1702 3529 et
1742 3465 1927 3525 hodie
1958 3474 2099 3518 esse
