2514 3928
261 230 341 292 84
774 235 924 296 PRO
971 237 1048 297 M.
1097 238 1373 298 CAELIO
1426 237 1739 298 ORATIO.

258 401 507 459 fateare.
581 400 681 460 36.
718 403 833 464 Sin
861 411 1062 465 autem
1099 405 1392 466 urbanius
1416 421 1514 465 me
1549 421 1738 481 agere
1759 406 1989 477 maviS‚
2027 404 2118 465 sic
2151 421 2316 481 agam

257 492 490 543 tecum:
516 488 852 548 removebo
878 489 1044 548 illum
1075 504 1289 549 senem
1313 491 1533 550 durum
1556 505 1630 549 ac
1659 505 1858 564 paene
1879 496 2214 564 agrestem:
2247 505 2319 550 ex

259 566 353 627 his
387 567 570 642 igitur
605 570 727 630 tuis
765 588 1001 631 sumam
1036 573 1306 647 aliquem
1342 589 1415 634 ac
1452 574 1840 649 potissimum
1875 572 2185 634 minimum
2213 575 2317 634 fra-

255 659 428 722 trem,
468 652 572 727 qui
603 661 699 714 est
731 654 793 714 in
822 655 941 716 isto
973 672 1206 732 genere
1228 657 1706 718 urbanissimus:
1741 657 1848 732 qui
1877 665 1939 718 te
1959 663 2124 717 amat
2145 655 2317 732 pluri·

253 748 450 795 mum:
490 738 594 810 qui
616 745 877 813 propter
897 739 1108 801 nescio
1137 756 1338 816 quam,
1364 742 1571 812 credo,
1597 740 1976 801 timiditatem
2003 749 2065 802 et
2088 748 2319 802 noctur-

262 834 378 878 nos
400 823 704 893 quosdam
726 823 944 884 inanes
966 834 1168 884 metus
1188 833 1391 885 tecum
1425 840 1692 900 semper,
1730 824 1912 899 pusio
1937 840 2077 884 cum
2095 823 2319 884 maiore

260 923 510 977 sorore,
545 906 853 967 cubitavit.
914 905 1069 966 Eum
1100 914 1308 980 putato
1346 914 1544 965 tecum
1577 906 1775 978 loqui:
1824 905 1980 978 Quid
2014 907 2322 966 tumultua-

260 992 363 1064 ris,
399 997 620 1051 soror?
665 990 812 1065 quid
843 988 1118 1050 insanis?
1159 991 1309 1065 quid
1329 992 1590 1050 clamore
1615 1005 1840 1049 exorsa
1868 991 2060 1050 verbis
2080 1005 2326 1065 parvam

259 1092 383 1136 rem
409 1091 689 1149 magnam
711 1071 921 1147 facis?
952 1073 1238 1133 Vicinum
1266 1073 1795 1134 adolescentulum
1826 1072 2161 1147 aspexisti:
2194 1089 2328 1132 can-

263 1160 376 1218 dor
406 1158 587 1218 huius
621 1166 679 1219 te
711 1166 772 1218 et
804 1157 1161 1233 proceritas,
1190 1159 1394 1219 vultus
1439 1157 1726 1231 oculique
1773 1157 2164 1232 pepulerunt:
2198 1173 2327 1217 sae-

264 1243 404 1318 pius
444 1242 656 1302 videre
707 1241 983 1302 voluisti:
1047 1241 1211 1303 fuisti
1252 1258 1712 1317 nonnumquam
1755 1243 1812 1300 in
1857 1239 2076 1303 iisdem
2109 1241 2327 1302 hortisz

262 1326 355 1387 vis
378 1325 601 1387 nobilis
633 1326 848 1388 mulier
900 1325 1066 1387 illum
1095 1327 1285 1386 filium
1318 1327 1575 1387 familias
1609 1335 1781 1402 patre
1815 1343 2000 1400 parco
2031 1343 2104 1387 ac
2137 1324 2331 1388 tenaci

260 1411 486 1471 habere
515 1410 636 1471 tuis
668 1410 864 1487 copiis
899 1410 1280 1471 devinctum:
1325 1429 1445 1471 non
1477 1418 1688 1484 poles:
1736 1409 2039 1484 calcitrat,
2078 1408 2329 1485 respuit,

261 1511 382 1556 non
421 1502 592 1571 putat
620 1502 722 1555 tua
752 1496 916 1555 dona
947 1511 1089 1555 esse
1120 1496 1284 1556 tanti.
1347 1495 1570 1555 Confer
1598 1503 1657 1556 te
1687 1493 1828 1554 alio.
1884 1493 2090 1554 Habes
2120 1494 2330 1555 hortos

261 1580 340 1639 ad
370 1577 631 1639 Tiberim
657 1595 730 1639 ac
760 1577 1080 1652 diligenter
1111 1594 1185 1639 eo
1219 1580 1357 1639 loco
1385 1579 1633 1654 parasti,
1666 1595 1787 1653 quo
1821 1576 2019 1638 omnis
2049 1577 2332 1638 iuventus

263 1663 507 1723 natandi
560 1678 749 1722 causa
802 1661 986 1721 venit.
1045 1662 1198 1721 Hinc
1242 1661 1383 1724 licet
1426 1663 1825 1724 condiciones
1869 1658 2095 1723 cotidie
2141 1663 2334 1736 legaS.

266 1747 385 1806 Cur
416 1745 575 1815 huic,
614 1745 718 1818 qui
748 1754 808 1807 te
840 1745 1089 1820 spernit,
1131 1748 1389 1806 molesta
1414 1754 1524 1807 es?
1569 1744 1582 1771 ¹

384 1829 543 1888 XVI.
575 1826 676 1890 37.
720 1829 932 1890 Redeo
964 1845 1122 1890 nunc
1154 1832 1232 1889 ad
1268 1837 1353 1902 te,
1389 1831 1530 1891 Cael
1566 1876 1582 1904 ‚
1615 1831 1914 1903 vicissim,
1946 1846 2019 1889 ac
2051 1826 2193 1888 mihi
2226 1845 2334 1888 au—

263 1912 597 1974 ctoritatem
625 1913 877 1989 patriam
904 1914 1414 1989 severitatemque
1439 1915 1745 1991 suscipio:
1780 1915 1891 1976 sed
1917 1913 2127 1975 dubito
2152 1928 2335 1988 quem

264 2005 494 2073 patrem
539 1997 922 2071 potissimum
969 2015 1236 2058 sumam:
1296 1998 1783 2059 Caecilianumne
1813 2000 2110 2075 aliquem,
2151 1998 2332 2057 vehe-

263 2090 523 2141 mentem
553 2090 737 2156 atque
767 2082 1026 2144 durum?
1067 2084 1242 2143 Nunc
1268 2086 1422 2143 enim
1451 2084 1682 2143 demum
1730 2086 1816 2143 mi
1854 2085 2091 2143 animus
2142 2081 2336 2154 ardet,

259 2183 419 2225 nunc
446 2181 636 2225 meum
663 2181 769 2226 cor
807 2169 1146 2227 cumulatur
1173 2170 1301 2240 ira,
1343 2174 1450 2226 aut
1482 2167 1685 2244 ‚illumz
1750 2167 1797 2228 O
1840 2168 2086 2241 infelix,
2133 2181 2169 2226 o
2199 2181 2339 2225 sce-

259 2253 401 2309 leste
431 2291 633 2308 .......
663 2249 867 2310 Ferrei
899 2258 1039 2320 sunt
1067 2250 1166 2310 isti
1198 2258 1433 2325 patres=
1466 2251 1669 2325 qune
1695 2253 1843 2326 quid
1868 2246 2110 2312 dicam?
2150 2264 2340 2322 eqonc

260 2334 408 2407 quid
430 2330 643 2394 velim?
685 2334 849 2405 Quae
874 2339 938 2394 tu
958 2337 1162 2395 omnia
1193 2338 1307 2395 tuis
1328 2335 1529 2407 foedis
1547 2335 1737 2408 factis
1756 2335 1951 2408 sacis,
2023 2342 2090 2393 ul
2127 2336 2339 2406 nequi-

260 2432 436 2490 quam
464 2419 650 2477 velim.
704 2416 829 2476 Vix
862 2419 1120 2478 ferendi:
1168 2419 1398 2478 diceret
1429 2418 1562 2477 talis
1589 2427 1792 2493 pater=
1843 2419 1965 2479 Cur
1991 2424 2046 2478 te
2073 2420 2136 2477 in
2162 2419 2340 2476 istam

261 2502 612 2561 vicinitatem
639 2504 1035 2562 meretriciam
1063 2499 1399 2563 contulisti?
1460 2502 1581 2562 Cur
1617 2504 1907 2563 illecebris
1946 2502 2193 2577 coynitis
2219 2515 2342 2560 non

258 2583 540 2661 resuqisli
549 2582 581 2645 ?
627 2585 748 2646 Cur
769 2588 1029 2646 alienam
1051 2589 1235 2647 ullam
1255 2588 1559 2646 mulierem
1582 2583 1778 2647 nosti?
1817 2587 1975 2647 Dide
1996 2602 2072 2646 ac
2089 2578 2349 2643 dissice!

258 2670 377 2730 Per
401 2686 494 2731 me
518 2672 730 2731 licebit.
787 2669 860 2730 Si
884 2671 1093 2745 eqebis,
1124 2671 1232 2731 tibi
1256 2670 1502 2730 dolebit.-
1549 2671 1697 2730 mihi
1718 2675 1816 2730 sai
1837 2676 1951 2743 est,
1978 2670 2087 2744 qm·
2123 2670 2345 2728 aetatis

258 2755 418 2827 quod
449 2757 741 2830 reliquum
780 2760 867 2815 est
899 2754 1173 2815 oblectem
1212 2770 1394 2814 meae.
1461 2750 1562 2814 38.
1599 2754 1753 2813 Huic
1795 2754 1949 2814 tristi
1993 2768 2067 2813 ac
2084 2751 2343 2811 derecto

261 2837 394 2896 seni
444 2838 852 2912 responderet
898 2838 1136 2898 Caelius
1190 2853 1260 2897 se
1310 2837 1476 2897 nulla
1526 2837 1858 2912 cupiditate
1899 2836 2210 2897 inductum
2261 2834 2344 2894 de

262 2919 360 2979 via
404 2920 777 2982 decessisse.
859 2920 1014 2995 Quid
1054 2922 1253 2996 signi?
1305 2920 1463 2981 Nulli
1504 2929 1815 2996 sumptus,
1868 2921 2034 2981 nulla
2082 2920 2344 2990 iactura,

259 3003 424 3063 nulla
467 3018 738 3066 versura.
799 3006 883 3067 At
928 3004 1039 3066 fuit
1079 3007 1257 3065 fama.
1316 3004 1549 3079 Quotus
1581 3006 1844 3081 quisque
1877 3013 1972 3065 est
2010 3004 2113 3079 qui
2155 3002 2348 3063 istam

259 3086 533 3161 effugere
568 3086 770 3162 possit
814 3089 873 3147 in
906 3097 1027 3149 tam
1061 3090 1360 3150 maledica
1390 3089 1676 3151 civitate?
1723 3090 2008 3149 Vicinum
2038 3087 2172 3148 eius
2203 3103 2349 3146 mu-

261 3170 421 3229 lieris
453 3170 687 3231 miraris
725 3174 882 3232 male
915 3172 1197 3245 audisse,
1231 3174 1407 3233 cuius
1439 3175 1624 3233 frater
1650 3188 1980 3248 germanus
2011 3185 2350 3232 sermones

260 3254 605 3330 iniquorum
634 3254 907 3331 effugere
938 3273 1059 3317 non
1091 3256 1329 3332 potuit?
1385 3257 1534 3318 Leni
1571 3272 1717 3317 vcro
1751 3265 1812 3319 et
1844 3255 2122 3319 clementi
2153 3253 2351 3332 patri,

259 3339 434 3399 cuius
468 3338 633 3399 modi
663 3340 762 3401 ille
793 3348 917 3401 est=

505 3425 693 3486 Fores
717 3422 999 3500 effreqit?
1049 3429 1458 3488 restituentur.-
1501 3425 1740 3486 discidit

506 3513 718 3570 vestem
731 3506 763 3569 ?
811 3509 1191 3582 resarctctur,
