2514 3928
210 165 290 230 78
799 165 948 227 PRO
978 166 1061 225 Μ.
1089 164 1368 226 CAELIO
1400 164 1705 227 ORATIO.

461 318 681 379 Medea
709 324 907 379 animo
932 335 1140 393 αεονα,
1172 335 1375 379 amore
1398 334 1574 378 saevo
1597 317 1843 381 saucia!

212 401 316 463 Sic
347 400 536 474 enim,
563 401 829 473 iudices,
863 402 1202 478 reperietis,
1237 403 1424 477 quod,
1461 419 1645 475 quum
1669 404 1757 463 'ad
1788 402 1852 462 id
1879 400 2000 462 loci
2032 418 2279 477 venero,

212 486 562 559 ostendam,
625 486 782 546 hanc
832 485 1161 547 Palatinam
1209 486 1489 545 Medeam
1541 485 2083 561 migrationemque
2140 486 2279 547 huie

211 569 589 630 adolescenti
632 585 881 630 causam
924 569 1057 630 sive
1089 571 1384 629 malorum
1431 568 1697 629 omnium
1744 569 1879 629 sive
1914 572 2117 644 potius
2152 586 2280 631 ser-

212 670 457 714 monum
490 653 698 714 l'uisse.
1865 692 1872 697 „

338 736 435 799 19.
490 737 680 811 Quam
726 737 805 797 ob
851 753 979 796 rem
1020 738 1149 810 illa,
1202 752 1362 812 quae
1413 753 1489 796 ex
1535 745 1961 799 accusatorum
2004 736 2281 798 oratione

214 821 576 898 praemuniri
608 821 723 881 iam
757 829 818 880 ct
847 819 992 896 fingi
1022 819 1451 895 intelligebam,
1484 822 1674 882 fretus
1705 828 1908 882 vestra
1938 820 2282 895 prudentia,

211 905 478 975 iudiceS,
526 922 643 965 non
693 903 1075 980 pertimesco.
1146 904 1412 964 Aiebant
1441 904 1601 964 enim
1631 905 1761 964 sore
1790 912 2004 965 testem
2035 912 2279 964 senato·

184 1005 339 1050 rem
382 988 484 1063 qui
531 1006 601 1048 se
653 986 981 1063 pontificiis
1028 986 1289 1048 comitiis
1341 989 1646 1061 pulsatum
1693 1005 1732 1048 a
1771 986 1973 1049 Caelio
2029 986 2281 1051 diceret.

209 1075 266 1132 A
297 1089 419 1147 quo
451 1087 759 1147 quaeram,
793 1072 846 1133 si
878 1069 1198 1146 prodierit=
1244 1069 1502 1145 primum
1526 1087 1635 1132 cur
1655 1071 1855 1133 statim
1879 1069 2026 1130 nihil
2048 1070 2280 1144 egerit!
2343 1104 2364 1119 ο

211 1155 435 1216 deinde
477 1156 529 1216 si
572 1157 633 1215 id
676 1155 849 1230 queri
897 1170 1076 1230 quam
1122 1169 1307 1230 agere
1352 1155 1657 1228 maluerit,
1710 1170 1820 1216 cur
1863 1155 2199 1230 productus
2242 1171 2280 1213 a

214 1241 388 1300 vobis
433 1239 634 1314 potius
679 1255 861 1314 quam
891 1238 1027 1314 ipse
1060 1255 1173 1314 per
1200 1254 1302 1311 se,
1346 1254 1455 1298 cur
1489 1246 1651 1301 tanto
1683 1247 1829 1315 post
1858 1237 2064 1315 potius
2094 1254 2280 1312 quam

213 1323 502 1385 continuo
547 1323 720 1398 queri
765 1321 1082 1384 maluerit?
1145 1321 1211 1383 Si
1247 1321 1393 1409 milii
1433 1324 1514 1383 ad
1545 1323 1697 1384 haec
1726 1331 1907 1384 acute
1942 1331 2282 1399 arguteque

213 1407 615 1484 responderit,
650 1417 773 1469 tum
805 1423 1092 1483 quaeram
1125 1405 1395 1479 denique
1426 1423 1504 1466 ex
1535 1425 1659 1482 quo
1692 1406 1808 1468 iste
1839 1408 2006 1467 sonte
2029 1413 2281 1465 senator

210 1501 469 1553 emanet.
530 1492 678 1552 Nam
721 1491 775 1552 si
818 1491 954 1565 ipse
996 1489 1225 1551 orietur
1255 1497 1318 1550 et
1347 1500 1632 1552 nascetur
1669 1506 1749 1551 ex
1778 1505 1953 1564 sese,
1995 1490 2278 1560 sortasse,

212 1585 276 1638 ut
315 1576 520 1648 soleo,
566 1575 1030 1635 commovebor=
1076 1572 1170 1633 sin
1215 1582 1416 1633 autem
1456 1584 1552 1635 est
1593 1574 1827 1634 rivulus
1856 1573 2190 1633 arcessitus
2219 1580 2279 1632 et

212 1661 431 1721 ductus
473 1660 551 1719 ab
580 1658 719 1734 ipso
752 1657 949 1732 capite
977 1657 1391 1717 accusationis
1423 1668 1693 1729 vestrae,
1738 1657 2038 1728 laetabor,
2088 1672 2277 1730 quum

216 1751 373 1803 tanta
401 1743 592 1817 gratia
623 1740 930 1816 tantisque
960 1740 1184 1816 opibus
1213 1741 1527 1802 accusatio
1564 1749 1767 1802 vestra
1799 1740 2049 1813 nitatur,
2090 1755 2278 1799 unum

211 1834 556 1886 senatorem
602 1826 800 1886 solum
845 1841 989 1886 esse
1033 1824 1135 1900 qui
1171 1825 1349 1885 vobis
1382 1823 1709 1900 gratificari
1740 1823 1921 1884 vellet
1946 1822 2280 1883 inventum.

207 1909 310 1974 20.
340 1910 463 1970 Nec
497 1917 694 1970 tamen
730 1909 877 1969 illud
906 1924 1101 1984 genus
1132 1911 1386 1969 alterum
1416 1918 1848 1972 nocturnorum
1868 1905 2113 1970 testium
2139 1922 2277 1983 per-

212 1994 486 2055 timesco.
562 1994 673 2055 Est
716 1993 876 2053 enim
912 1994 1136 2053 dictum
1173 1994 1251 2053 ab
1282 1992 1403 2053 illis
1439 1996 1569 2054 sore
1601 1994 1705 2069 qui
1740 1992 2014 2054 dicerent
2046 2007 2280 2053 uxores

210 2095 358 2139 suas
420 2095 459 2137 a
522 2093 677 2138 cena
721 2078 1049 2138 redeuntes
1092 2083 1440 2137 attrectatas
1484 2093 1629 2139 esse
1668 2093 1705 2137 a
1746 2075 1974 2138 Caelio.
2042 2075 2278 2136 Graves

210 2168 386 2222 erunt
421 2160 729 2232 homines,
769 2160 872 2236 qui
904 2160 1019 2221 hoc
1049 2160 1223 2221 iurati
1255 2159 1463 2221 dicere
1490 2161 1832 2223 audebuntz
1877 2176 2062 2236 quum
2094 2158 2173 2220 sit
2201 2159 2275 2218 iis

211 2245 622 2305 confitendum
659 2261 986 2319 numquam
1017 2261 1087 2304 se
1117 2261 1194 2304 ne
1223 2260 1564 2319 congressu
1590 2245 1837 2319 quidem
1857 2252 1923 2306 et
1945 2241 2278 2305 constituto

210 2328 497 2404 coepisse
545 2328 623 2387 de
665 2328 844 2389 tantis
887 2327 1120 2389 iniuriis
1175 2328 1460 2404 experiri.
1543 2329 1640 2389 IX.
1683 2328 1809 2390 Sed
1852 2335 2041 2389 totum
2081 2342 2278 2402 genus

210 2411 688 2488 oppugnationis
731 2411 939 2484 huiuS,
986 2411 1251 2485 iudices,
1296 2419 1359 2473 et
1395 2411 1515 2472 iam
1559 2411 1914 2488 prospicitis
1949 2411 2166 2472 animis
2196 2419 2276 2483 et,

210 2512 396 2571 quum
437 2495 758 2569 inseretur,
803 2496 1168 2571 propulsare
1208 2494 1529 2558 debebitis.
1594 2496 1727 2558 Non
1762 2496 1922 2557 enim
1950 2496 2028 2555 ab
2058 2494 2278 2554 iisdem

208 2590 534 2642 accusatur
557 2579 638 2639 M.
671 2580 941 2652 caelius,
989 2596 1027 2639 a
1069 2580 1292 2654 quibus
1332 2588 1739 2656 oppugnatur.
1799 2580 2022 2656 Palamf
2044 2578 2104 2637 in
2135 2593 2276 2637 eum

208 2665 327 2725 tela
353 2663 683 2726 iaciuntur:
729 2665 882 2724 clam
915 2663 1463 2725 subministrantur.
1525 2662 1626 2729 21.
1656 2665 1868 2739 Neque
1890 2662 1954 2722 id
1977 2677 2094 2736 ego
2114 2659 2278 2735 dic0,

209 2755 272 2809 ut
310 2748 682 2810 invidiosum
726 2747 806 2809 sit
850 2749 908 2809 in
957 2764 1098 2820 eos,
1143 2747 1368 2823 quibus
1396 2747 1730 2822 gloriosum
1767 2746 1949 2807 etiarn
1982 2746 2100 2805 hoc
2130 2761 2278 2806 esse

206 2832 406 2892 debet.
464 2832 823 2907 Funguntur
850 2832 1075 2904 officio,
1105 2831 1442 2892 defendunt
1472 2847 1656 2905 suos,
1697 2830 1926 2891 saclunt
1957 2829 2126 2904 quod
2161 2827 2273 2887 viri

207 2913 522 2976 fortissimi
559 2916 790 2976 solent:
835 2915 989 2977 laesi
1020 2916 1260 2988 dolent,
1300 2913 1435 2974 irati
1472 2914 1835 2984 efferuntur,
1883 2920 2155 2990 pugnant
2187 2913 2270 2970 la-

206 2995 436 3059 cessiti.
503 2996 627 3059 Sed
659 3006 905 3060 vestrae
940 2997 1279 3074 sapientiae
1309 3005 1506 3058 tamen
1541 3006 1666 3072 est,
1707 2997 1974 3071 iudices,
2018 3012 2172 3068 non,
2218 2993 2274 3055 si

209 3097 396 3142 causa
438 3079 599 3141 iusta
638 3089 736 3143 est
777 3080 924 3143 viris
957 3081 1211 3142 fortibus
1242 3081 1644 3158 oppugnandi
1675 3081 1756 3141 M.
1790 3080 2088 3150 Caelium,
2131 3078 2276 3138 ideo

210 3164 385 3226 vobis
434 3181 685 3240 quoque
730 3181 843 3226 vos
883 3181 1133 3227 causam
1163 3173 1379 3241 putare
1423 3180 1565 3226 esse
1593 3165 1811 3226 iustam
1839 3163 2040 3225 alieno
2075 3161 2273 3223 dolori

212 3248 415 3323 potius
449 3263 633 3323 quam
665 3255 904 3310 vestrae
946 3249 1088 3309 fidei
1122 3247 1504 3310 consulendi.
1561 3248 1729 3322 Quae
1759 3248 1838 3309 sit
1866 3245 2181 3307 multitudo
2211 3243 2274 3304 in

210 3333 376 3405 roro,
425 3347 585 3406 quae
612 3348 869 3408 genera,
916 3350 1076 3409 quae
1105 3332 1326 3406 studia,
1361 3348 1521 3409 quae
1552 3332 1815 3392 varietas
1845 3329 2154 3391 hominum
2184 3327 2275 3387 vi-

207 3414 387 3476 detis.
448 3414 540 3475 Ex
584 3414 700 3477 hac
745 3415 926 3493 copia
962 3434 1143 3493 quam
1187 3417 1410 3478 multos
1442 3432 1585 3477 esse
1626 3411 1996 3475 arbitramini
2025 3410 2131 3488 qui
2164 3411 2272 3473 ho-

2477 596 2505 684 n*
