2514 3928
260 170 333 224 23
914 159 1078 219 CAP.
1108 168 1305 223 5-7,
1348 165 1401 227 s.
1435 170 1699 224 11—18.
2229 163 2345 228 121

261 319 452 387 atque
474 309 669 387 pacis.
717 309 849 372 Nisi
881 312 1035 372 forte
1061 327 1135 372 ea
1183 328 1345 387 quae
1375 329 1490 373 nos
1517 313 1651 373 libri
1674 314 1901 376 docent
1927 313 1988 375 in
2017 315 2233 377 umbra
2261 327 2348 379 at·

261 410 389 471 que
438 395 597 470 otio,
657 410 733 457 ea
775 394 879 455 Cn.
930 393 1287 471 Pompeium
1313 442 1329 469 ‚
1373 413 1575 472 neque
1601 443 1618 471 ,
1669 414 1856 473 quum
1911 398 2348 476 requiesceret,

259 478 532 552 litterae,
579 495 814 554 neque,
858 494 1045 554 quum
1091 496 1219 538 rem
1265 489 1543 555 gereret,
1583 481 1867 554 regiones
1912 483 2088 558 ipsae
2119 485 2349 545 docere

263 568 614 637 potuerunt.
699 570 934 638 Atque,
976 572 1042 626 ut
1089 579 1205 638 ego
1240 563 1476 637 sentio,
1514 563 1781 639 iudices,
1814 580 2005 626 causa
2037 566 2208 639 dicta
2231 577 2345 629 est.

257 647 628 723 Temporum
670 646 864 722 magis
898 663 1015 723 ego
1045 663 1207 708 nunc
1252 646 1398 708 vitio
1450 664 1631 722 quam
1681 664 1908 723 genere
1939 648 2143 710 iudicii
2175 654 2349 727 plura

260 731 483 790 dicam.
536 731 649 793 Est
677 731 837 792 enim
868 731 1022 792 haec
1051 730 1285 793 saeculi
1316 732 1621 808 quaedam
1668 733 1909 794 macula
1937 741 2123 808 atquc
2156 735 2347 810 labes3

259 814 470 878 virtuti
499 814 794 887 invidere,
829 816 987 876 velle
1018 815 1222 892 ipsum
1255 814 1476 878 florem
1507 815 1819 892 dignitatis
1846 815 2198 892 infringere.
2245 818 2347 881 16.

257 898 499 961 Etenim
531 900 587 960 si
620 900 725 961 Cn.
755 898 1082 976 Pompeius
1113 899 1336 960 abhinc
1366 912 1563 961 annos
1595 900 1967 977 quingentos
2000 902 2246 974 fuisset,
2293 902 2347 962 is

254 981 370 1057 vir,
401 1000 440 1044 a
473 999 598 1060 quo
634 990 886 1046 senatus
910 983 1372 1049 adolescentulo
1399 992 1583 1059 atque
1619 984 1825 1060 equite
1846 986 2125 1049 Romano
2156 1002 2349 1062 saepe

257 1067 569 1128 communi
640 1065 821 1127 saluti
886 1065 1578 1141 auxil-iumexpeti-sset,
1622 1070 1796 1130 cuius
1842 1085 1943 1130 res
1976 1078 2189 1145 gestae
2220 1088 2348 1131 om-

258 1167 376 1212 nes
409 1158 627 1226 gentes
666 1166 805 1210 cum
841 1148 1182 1209 clarissima
1220 1149 1475 1210 victoria
1515 1159 1675 1212 terra
1716 1152 1993 1228 marique
2022 1168 2346 1230 peragras·

261 1241 424 1305 sent,
451 1231 630 1293 cuius
661 1240 784 1293 tres
818 1231 1107 1306 triumphi
1135 1239 1326 1292 testes
1362 1241 1578 1293 essent
1602 1241 1795 1295 totum
1824 1236 2030 1296 orbem
2055 1245 2350 1298 terrarum

261 1325 483 1376 nostro
533 1313 788 1390 imperio
849 1313 1073 1386 teneri,
1107 1330 1291 1390 quem
1338 1316 1607 1391 populus
1660 1317 1972 1378 Romanus
2044 1320 2353 1393 in[auditis

261 1398 612 1468 honoribus]
638 1395 1181 1475 singularibusque
1206 1398 1598 1472 decorasset,
1646 1398 1700 1459 si
1730 1416 1894 1460 nunc
1927 1402 2093 1475 apud
2123 1418 2238 1463 nos
2268 1403 2350 1476 id,

260 1482 435 1558 quod
458 1481 513 1543 is
542 1480 810 1556 fecisset,
835 1489 1047 1542 contra
1073 1482 1296 1542 foedus
1318 1483 1543 1544 factum
1567 1481 1888 1555 diceretur,
1914 1484 2053 1560 quis
2076 1485 2353 1547 audiret?

256 1566 452 1628 Nemo
480 1567 780 1641 profecto.
830 1565 1000 1627 Mors
1032 1565 1192 1626 enim
1225 1584 1412 1641 quum
1439 1566 1848 1629 exstinxisset
1883 1566 2205 1643 invidiam,
2250 1585 2347 1629 res

263 1646 403 1708 eius
429 1655 647 1724 gestae
675 1648 1034 1724 sempiterni
1057 1649 1324 1710 nominis
1354 1649 1552 1725 gloria
1583 1648 1975 1711 nitescerent.
2024 1649 2211 1713 Cuius
2235 1651 2337 1728 igi2

261 1739 363 1792 tur
397 1732 606 1793 audita
636 1732 833 1794 virtus
866 1731 1230 1795 dubitationi
1260 1736 1461 1795 locum
1490 1749 1612 1795 non
1648 1735 1853 1806 daret,
1884 1733 2066 1795 huius
2095 1741 2219 1801 visa
2252 1744 2336 1798 at·

265 1826 387 1889 que
418 1820 752 1888 perspecta
783 1815 1259 1875 obtrectatorum
1291 1828 1448 1873 voce
1476 1812 1801 1873 laedetur?

388 1897 520 1956 VII.
549 1894 648 1960 17.
687 1895 966 1959 Omittam
994 1894 1175 1972 igitur
1207 1895 1595 1971 Pompeiumne
1628 1897 1746 1957 iam
1784 1896 2060 1958 oratione
2090 1914 2226 1957 mea
2254 1914 2347 1957 re-

267 1979 572 2056 linquam,
617 1982 731 2042 sed
764 1997 910 2056 voS,
942 1980 1212 2053 indictae,
1242 1979 1462 2041 animis
1493 1980 1886 2042 acmemoria
1914 1990 2203 2044 tenetote.
2266 1982 2352 2042 De

265 2066 423 2139 lege,
474 2065 554 2125 de
585 2065 853 2136 foedere,
888 2066 971 2128 de·
994 2062 1318 2140 exemplis,
1349 2065 1429 2124 de
1453 2073 1749 2140 perpetua
1784 2066 2230 2126 consuetudine
2269 2064 2350 2124 ci-

265 2148 469 2211 vitatis
512 2156 761 2214 nostrae
800 2147 1114 2210 renovabo
1160 2164 1266 2220 ea,
1323 2164 1481 2222 quae
1539 2147 1701 2209 dicta
1746 2156 1918 2209 sunt..
1990 2147 2149 2209 Nihil
2192 2146 2351 2208 enim

266 2230 410 2295 mihi
440 2232 617 2304 novi,
661 2232 808 2292 nihil
842 2230 1058 2307 integri
1088 2248 1292 2308 neque
1319 2232 1399 2291 M.
1434 2232 1713 2304 Crassus,
1749 2231 1854 2307 qui
1890 2239 2074 2294 totam
2102 2248 2351 2293 causam

267 2323 329 2376 et
356 2332 475 2391 pro
503 2317 787 2378 facultate
821 2324 883 2377 et
910 2333 1023 2393 pro
1052 2311 1176 2377 fide
1219 2332 1334 2377 sua
1362 2314 1825 2391 diligentissime
1864 2315 2046 2377 vebis
2082 2314 2352 2392 explica-

269 2396 385 2470 vit,
415 2413 618 2475 neque
665 2400 770 2460 Cn.
805 2398 1170 2475 Pompeius,
1213 2399 1389 2460 cuius
1432 2398 1625 2461 oratio
1658 2399 1943 2468 omnibus
1977 2398 2353 2461 ornamentis

266 2481 619 2555 abundavit,
645 2483 725 2543 ad
755 2482 1085 2546 dicendum
1104 2481 1372 2558 reliquit.
1440 2482 1564 2544 Sed
1591 2482 1880 2559 quoniam
1907 2499 2003 2543 me
2025 2490 2354 2543 recusante

270 2566 499 2640 placuit
527 2567 828 2627 ambobus
851 2565 1314 2642 adhiberihunc
1342 2582 1379 2625 a
1408 2582 1504 2626 me
1531 2565 1711 2641 quasi
1733 2564 2118 2642 perpoliendi
2143 2580 2353 2640 quem-

269 2650 408 2709 dam
451 2650 661 2726 operis
703 2659 1040 2714 extremum
1078 2651 1385 2723 labor-em,
1429 2658 1570 2724 peto
1612 2666 1651 2709 a
1691 2649 1870 2709 vobis
1916 2655 1983 2710 ut
2021 2664 2123 2708 me
2161 2646 2352 2710 officii

269 2732 474 2808 potius
506 2750 692 2814 quam
723 2734 969 2795 dicendi
999 2733 1204 2797 studio
1233 2734 1393 2794 hanc
1437 2732 1797 2807 suscepisse
1840 2747 2088 2807 operam
2118 2748 2192 2793 ac
2224 2749 2352 2793 mu-

268 2833 386 2880 nus
413 2815 659 2892 putetis.
709 2817 810 2881 18.
845 2820 938 2878 Ae
966 2819 1141 2893 prius
1172 2834 1357 2894 quam
1385 2815 1709 2893 aggrediar
1740 2817 1815 2876 ad
1848 2813 1945 2877 ius
1976 2832 2354 2893 causamque

272 2900 564 2978 Cornelii,
602 2902 896 2982 quiddam
931 2901 1344 2964 de’communi
1374 2898 1740 2962 condicione
1776 2898 2041 2963 omnium
2078 2910 2353 2964 nostrum

271 2984 704 3067 deprecandae
730 2986 1199 3048 malevolentiae
1230 3002 1421 3050 eausa
1460 2985 1727 3046 breviter
1752 2986 2352 3047 commemorandum

273 3067 528 3130 videtur.
618 3069 689 3131 Si
729 3080 854 3147 quo‘
886 3068 1154 3146 quisque
1194 3071 1336 3130 ioco
1377 3078 1655 3136 nostrum
1698 3078 1821 3142 est,
1866 3070 2133 3143 iudices,
2174 3074 2353 3127 natus

273 3160 376 3214 aut
417 3154 469 3213 si
519 3152 578 3213 in
625 3167 750 3230 qua
789 3155 1032 3215 fortuna
1070 3161 1166 3214 est
1205 3152 1499 3214 nascendi
1530 3152 1698 3214 initio
1747 3153 2147 3223 constitutuS‚
2190 3151 2354 3210 hunc

273 3235 441 3297 vitae*
463 3244 687 3301 statum
715 3249 917 3314 usque
950 3238 1030 3299 ad
1059 3245 1436 3299 senectutem
1468 3235 1740 3298 obtinere
1767 3238 2021 3299 deberet
2048 3242 2109 3295 et
2142 3231 2197 3293 si
2227 3248 2351 3292 om-

273 3335 417 3393 neS,
451 3336 612 3396 quos
646 3329 752 3383 aut
781 3322 1025 3384 fortuna
1044 3320 1268 3383 extulit
1293 3330 1403 3382 aut
1433 3319 1709 3395 ipsorum
1739 3316 2062 3379 illustravit
2092 3313 2265 3374 labor
2295 3320 2355 3371 et

275 3400 829 3479 industriafflcena·
855 3413 1068 3467 essent
1094 3406 1455 3477 adficiendi,
1498 3421 1621 3465 non
1661 3404 1907 3477 gravior
1961 3403 2028 3460 L.
2075 3397 2352 3457 Cornelio
