2514 3928
349 252 474 314 360
629 252 707 311 IN
734 250 814 309 M.
846 249 1248 311 ANTONIUM
1282 250 1565 310 ORATlO
1594 249 2022 311 PHILIPPICA
2048 250 2140 309 111.
2355 261 2426 313 ⁶2

350 409 627 464 testatem
662 410 722 462 et
752 403 1050 462 fortunam
1080 402 1399 461 dederunt.
1455 401 1554 460 Ad
1589 417 1664 460 ea
1698 398 1858 460 enim
1891 400 2229 477 praesidia,
2264 420 2426 478 quae

348 485 677 557 habemus,
720 484 838 545 iam
869 485 1164 545 accedent
1194 485 1484 545 consules
1514 500 1750 544 summa
1781 484 2132 559 prudentia,
2184 486 2422 560 virtute,

354 567 714 643 concordia,
756 570 979 629 multos
1025 584 1274 627 menses
1303 569 1389 642 de,
1412 568 1625 643 populi
1656 567 1918 627 Romani
1948 568 2221 629 libertate
2257 586 2422 630 corn·

346 651 595 713 mentali
626 660 811 727 atque
840 650 1126 711 meditati.
1168 651 1280 712 His
1307 649 1657 712 auctoribus
1687 660 1749 713 et
1770 649 2060 725 ducibus,
2091 651 2187 712 dis
2209 651 2425 712 iuvan-

346 734 544 809 tibus,
586 735 766 797 nobis
811 733 1200 810 vigilantibus
1244 741 1307 795 et
1333 736 1584 796 multum
1614 734 1672 794 in
1707 744 2019 809 posterum
2048 734 2424 810 providenti·

346 819 497 893 buS,
553 821 783 895 populo
829 820 1106 880 Romano
1151 819 1602 892 consentiente,
1659 817 1885 878 erimus
1928 820 2205 894 profecto
2249 816 2425 879 liberi

335 901 520 982 ‚brevi
558 912 865 979 tempore:
932 902 1352 964 iucundiorem
1398 911 1597 964 autem
1640 901 1823 962 faciet
1864 903 2199 963 libertatem
2230 902 2424 962 servi·

349 986 493 1048 tutis
520 985 885 1046 recordatio.

472 1070 604 1128 XV.
648 1067 750 1131 37.
786 1068 949 1141 Quas
980 1068 1058 1127 ob
1088 1085 1207 1141 reS,
1246 1070 1413 1144 quod
1450 1066 1671 1130 tribuni
1692 1068 1892 1144 plebis
1912 1068 2103 1129 verba
2128 1069 2426 1142 fecerunt,

351 1151 437 1214 uti
478 1162 730 1213 senatus
759 1151 1055 1211 Kalendis
1084 1151 1381 1213 Ianuariis
1428 1159 1557 1213 tuto
1593 1149 1807 1212 haberi
1848 1152 2316 1227 sententiaeque
2345 1153 2425 1213 de

349 1251 587 1296 summa
628 1234 985 1320 republica
1030 1234 1217 1296 libere
1259 1234 1381 1296 dici
1427 1236 1698 1311 possint,
1739 1234 1818 1294 de
1861 1251 1936 1295 ea
1963 1251 2031 1294 re
2061 1236 2143 1296 ita
2173 1251 2423 1307 censeo,

352 1316 438 1379 uti
488 1317 550 1378 C.
597 1318 798 1380 Pansa
836 1322 911 1378 A.
941 1317 1202 1391 Hirtius,
1255 1320 1544 1381 consules
1587 1317 1918 1393 designati,
1960 1319 2106 1380 dent
2149 1335 2422 1394 operam,

346 1400 435 1462 uti
476 1411 725 1463 senatus
751 1402 1047 1463 Kalendis
1077 1401 1374 1463 Ianuariis
1418 1411 1547 1463 tuto
1586 1400 1799 1462 haberi
1839 1399 2067 1478 possit=
2125 1402 2425 1477 quodque

349 1484 615 1546 edictum
635 1487 704 1547 D.
728 1485 928 1559 Bruti,
958 1486 1359 1562 imperatoris,
1386 1485 1662 1546 consulis
1683 1484 2003 1560 designati,
2034 1484 2427 1560 propositum

347 1568 455 1642 sit,
504 1579 780 1631 senatum
810 1569 1159 1631 existimare
1191 1571 1261 1629 D.
1291 1569 1575 1642 Brutum,
1615 1568 2071 1644 imperatorem,
2103 1569 2424 1630 consulem

347 1650 766 1727 designatum,
831 1651 1056 1729 optime
1108 1653 1187 1713 de
1239 1668 1307 1712 re
1348 1652 1591 1728 publica
1629 1651 1880 1724 mereri,
1943 1668 2128 1727 quum
2168 1662 2427 1713 senatus

346 1736 765 1798 auctoritatem
808 1736 1144 1812 populique
1175 1735 1432 1797 Romani
1464 1735 1798 1797 libertatem
1832 1734 2287 1812 imperiumque
2317 1737 2424 1796 de-

348 1820 584 1879 fendate
640 1819 744 1880 38.
790 1820 1084 1894 quodque
1129 1818 1506 1893 provinciam
1551 1819 1802 1879 Galliam
1847 1817 2221 1892 citeriorem,
2267 1820 2425 1894 opti·

347 1918 584 1962 morum
602 1901 1148 1963 etfortissimorum
1161 1903 1480 1977 [virorum]
1500 1901 2133 1978 amicissimorumque
2174 1900 2266 1963 rei
2313 1919 2425 1979 pu—

348 1984 544 2045 blicae
587 1986 838 2061 civium,
896 1985 1358 2062 exercitumque
1399 1986 1458 2047 in
1501 1994 1749 2049 senatus
1797 1994 2102 2063 potestate
2143 1985 2427 2061 retineat,

347 2069 407 2129 id
454 2086 592 2131 eum
638 2069 1096 2146 exercitumque
1139 2069 1305 2143 eine,
1353 2070 1710 2146 municipia,
1753 2071 2027 2133 colonias
2068 2072 2431 2148 provinciae

348 2154 579 2214 Galliae
611 2164 778 2217 recte
804 2161 990 2230 atque
1019 2153 1233 2213 ordine
1266 2168 1469 2229 exque
1492 2171 1559 2214 re
1582 2153 1826 2229 publica
1849 2154 2074 2216 fecisse
2099 2163 2159 2216 et
2183 2158 2395 2216 facere
2413 2179 2429 2211 ι

348 2246 625 2297 senatum
669 2238 750 2298 ad
789 2253 1085 2298 summam
1132 2252 1263 2296 rem
1301 2238 1605 2311 publicam
1644 2237 1947 2313 pertinere
1975 2237 2255 2300 arbitrari
2286 2257 2326 2299 a
2355 2240 2431 2299 D.

345 2319 535 2379 Bruto
572 2322 642 2381 *et
663 2319 788 2393 [ab]
811 2319 880 2381 L.
895 2319 1118 2380 Planco
1149 2319 1648 2395 imperatoribus,
1692 2322 2049 2382 consulibus
2084 2321 2433 2399 designatis

346 2401 618 2476 itemque
668 2418 712 2464 a
750 2401 1001 2477 ceteriS,
1039 2402 1143 2476 qui
1177 2403 1530 2479 provincias
1557 2402 1861 2478 obtinent,
1896 2403 2155 2467 obtineri
2183 2407 2433 2481 exlege

347 2482 530 2557 Iulia,
569 2486 775 2562 quoad
813 2503 891 2545 ex
933 2494 1182 2548 senatus
1226 2488 1508 2549 consulto
1550 2486 1775 2563 cuique
1816 2504 2028 2549 eorum
2058 2504 2433 2551 successum

351 2566 447 2641 sit,
477 2584 718 2644 eosque
740 2570 893 2631 dare
917 2586 1171 2646 operam
1192 2581 1262 2634 ut
1281 2590 1397 2635 eae
1420 2573 1779 2650 provinciae
1807 2581 1997 2648 atque
2020 2572 2336 2634 exercitus
2367 2571 2433 2631 in

348 2652 547 2712 senati
575 2651 915 2728 populique
937 2652 1193 2714 Romani
1224 2661 1525 2727 potestate
1554 2650 1994 2728 praesidioque
2023 2652 2112 2713 rei
2135 2653 2437 2729 publicae

347 2734 500 2797 sint=
548 2753 861 2814 quumque
903 2753 1121 2812 opera,
1161 2735 1412 2811 virtute,
1458 2735 1714 2797 consilio
1747 2737 1810 2796 C.
1842 2736 2123 2798 Caesaris
2154 2755 2437 2799 summo·

348 2836 470 2893 que
523 2837 834 2883 consensu
874 2819 1123 2881 militum
1164 2829 1620 2895 veteranorum,
1679 2819 1787 2897 qui
1828 2819 1963 2882 eius
2003 2820 2439 2883 auctoritatem

347 2902 544 2964 secuti
589 2903 678 2965 rei
720 2899 1002 2981 publica'e
1042 2903 1353 2979 praesidio
1394 2908 1536 2966 Sunt
1574 2911 1637 2965 et
1664 2905 1934 2978 luerunt,
1977 2921 2015 2965 a
2041 2903 2444 2980 gravissimis

346 2985 637 3059 periculis
681 2990 950 3062 populus
978 2990 1294 3049 Romanus
1335 2986 1631 3049 defensus
1660 2988 1739 3048 sit
1767 2997 1829 3050 et
1857 2988 1978 3048 hoc
2003 2997 2285 3063 tempore
2310 2989 2437 3049 ‘de-

347 3068 656 3130 fendaturz
712 3068 814 3131 39.
857 3088 1169 3147 quumque
1225 3072 1386 3147 legio
1423 3071 1639 3132 Martia
1679 3072 1877 3133 Albae
1936 3071 2336 3147 constiterit„
2369 3071 2437 3132 iu

345 3151 678 3226 municipio
719 3153 1075 3215 fidelissimo
1116 3162 1177 3216 et
1210 3154 1575 3229 fortissimo,
1619 3171 1889 3231 seseque
1916 3156 1998 3215 ad
2026 3164 2283 3217 senatus
2319 3172 2438 3217 au-

346 3237 682 3297 ctoritatem
733 3235 1069 3313 populique
1094 3236 1354 3299 Romani
1400 3238 1733 3300 libertatem
1765 3237 2115 3301 contulerite
2158 3247 2222 3299 et
2251 3240 2439 3315 quod

348 3317 478 3390 pari
534 3318 792 3380 consilio
835 3320 1175 3395 eademque
1216 3321 1437 3384 virtute
1477 3320 1638 3397 legio
1681 3332 1897 3398 quarta
1945 3339 2090 3396 usa,
2155 3323 2323 3383 duce
2364 3323 2436 3384 L.

343 3397 723 3477 Egnatuleio,
756 3411 1103 3478 quaestore,
1134 3403 1555 3481 civi.egregio,
1585 3415 1839 3468 senatus
1861 3404 2285 3467 auctoritatem
2318 3422 2437 3482 po-

344 3483 599 3560 pulique
639 3486 896 3546 Romani
938 3484 1272 3548 libertatem
1316 3490 1605 3551 defendat
1646 3505 1721 3550 ac
1763 3481 2134 3564 delen'derit,
2177 3487 2436 3551 senatui
