2514 3928
288 219 419 283 226
739 216 889 277 PRO
925 218 990 276 T.
1022 215 1260 277 ANNIO
1295 214 1587 274 MILONE
1622 211 1929 274 ORATIO.
2347 222 2387 272 Ξ

292 386 405 421 mos
445 381 550 419 erat
582 376 675 419 iter
709 370 1025 433 facientibus,
1064 369 1252 434 gladiis
1286 367 1435 417 cincti
1467 367 1820 429 sequebantur.
1869 366 2022 414 Erant
2054 379 2164 412 cum
2197 362 2386 413 Clodiu

291 451 553 506 praeterea
591 449 691 487 tres
724 441 932 488 comites
963 440 1089 494 eiuS.
1129 455 1192 488 ex
1231 439 1414 499 quibus
1450 451 1605 498 eques
1644 435 1901 485 Romanus
1936 448 2086 495 unus,
2125 431 2177 481 C.
2199 433 2375 483 Causi-

294 511 408 556 nius
468 505 643 568 Scola,
684 507 784 557 duo
828 508 893 557 de
951 506 1099 571 plebe
1137 506 1254 555 novi
1292 506 1551 564 homines,
1602 505 1652 552 P.
1684 505 2012 568 Pomponius,
2047 501 2102 553 C.
2144 500 2379 554 Clodius.

295 576 414 624 Milo
459 577 609 623 raeda
644 575 922 624 vehebatur
957 590 1071 624 cum
1107 591 1265 623 uxore
1302 576 1510 629 Fausta,
1558 572 1657 620 filia
1694 572 1754 620 L.
1791 570 1959 620 Sullae
1995 571 2289 629 dictatoris,
2328 576 2384 618 ei

296 647 361 693 M.
402 643 548 691 Fufio
597 643 843 693 familiare
882 659 996 695 suo.
1071 644 1387 706 Sequebatur
1432 656 1520 692 eos
1571 655 1809 705 magnum
1858 654 2119 690 servorum
2168 653 2383 703 agmen,

295 715 425 762 inter
458 727 585 773 quos
620 712 929 776 gladiatores
966 728 1168 776 quoque
1205 721 1376 770 eraut,
1418 725 1484 758 ex
1520 710 1702 771 quibus
1740 709 1840 757 duo
1881 708 2001 766 noti,
2042 707 2296 756 Eudamus
2331 716 2387 754 et

293 782 478 833 Birria.
553 783 586 827 li
621 782 670 829 in
706 780 884 830 ultimo
913 785 1115 847 agmine
1146 781 1339 829 tardius
1374 785 1550 827 euntes
1584 793 1697 827 cum
1732 778 1894 826 servis
1922 778 1979 827 P.
2014 774 2173 825 Clodii
2212 778 2383 824 rixam

295 851 680 898 commiserunt.
759 851 843 898 Ad
878 865 1029 911 quem
1078 849 1346 897 tumultum
1393 861 1549 908 quum
1594 846 1899 911 respexisset
1937 845 2139 894 Clodius
2175 846 2384 892 minita-

297 918 514 975 bundus,
553 917 815 966 humerum
847 918 954 966 eius
992 919 1152 968 Birria
1180 915 1486 980 rhomphaea
1509 914 1724 968 traiecit.
1760 914 1880 963 Inde
1915 928 2070 976 quum
2106 920 2211 961 orta
2243 921 2383 961 esset

295 1000 497 1051 pugna,
543 985 716 1048 plures
751 985 1007 1035 Miloniani
1026 991 1428 1035 accucurrerunt.
1457 983 1660 1033 Clodius
1709 983 1996 1032 vulneratus
2036 983 2088 1030 in
2120 982 2383 1031 tabernam

296 1054 582 1116 ptoximam
608 1054 659 1103 in
679 1052 946 1102 Bovillano
969 1052 1165 1101 delatus
1187 1061 1278 1104 est.
1319 1053 1437 1101 Milo
1458 1062 1511 1101 ut
1530 1051 1767 1110 cognovit
1783 1049 2100 1101 vulneratum
2125 1049 2383 1109 Clodium,

297 1137 453 1184 quum
490 1122 591 1170 sibi
624 1119 960 1185 periculosius
998 1121 1124 1170 illud
1160 1121 1313 1169 etiam
1347 1119 1462 1169 vivo
1494 1135 1554 1167 eo
1591 1118 1817 1167 futurum
1851 1117 2171 1184 intelligeret,
2210 1119 2383 1168 occiso

295 1199 466 1240 autem
516 1203 759 1255 magnum
807 1186 1056 1240 solacium
1102 1197 1238 1238 esset
1284 1187 1576 1246 habiturus,
1635 1188 1785 1236 etiam
1842 1189 1886 1236 si
1933 1188 2196 1237 subeunda
2240 1196 2382 1237 esset

299 1273 486 1323 poena,
525 1258 781 1307 exturbari
815 1258 1022 1309 taberna
1055 1258 1222 1311 iussit.
1297 1257 1411 1306 Fuit
1447 1257 1809 1321 antesignanus
1847 1270 2109 1306 servorum
2156 1256 2262 1305 eius
2302 1255 2378 1307 M.

298 1325 552 1376 Saufeius.
625 1329 792 1387 Atque
822 1327 892 1374 ita
924 1327 1132 1378 Clodius
1163 1327 1326 1375 latens
1364 1336 1614 1374 extractus
1653 1335 1729 1375 est
1761 1325 2034 1388 multisque
2087 1325 2380 1374 vulneribus

297 1396 576 1448 confectus.
651 1394 877 1445 Cadaver
927 1398 1036 1446 eius
1068 1398 1118 1444 in
1156 1396 1236 1444 via
1273 1394 1526 1453 relictum,
1571 1394 1691 1456 quia
1729 1395 1861 1444 servi
1901 1393 2066 1444 Clodii
2101 1401 2186 1442 aut
2219 1393 2381 1442 occisi

297 1474 436 1514 erant
480 1475 565 1513 aut
611 1465 835 1528 graviter
869 1466 1028 1515 saucii
1062 1466 1313 1522 latebant,
1361 1462 1479 1516 Sex.
1516 1464 1703 1512 Tedius
1735 1472 1964 1524 senator,
2015 1463 2103 1525 qui
2154 1462 2282 1511 forte
2316 1477 2382 1511 ex

298 1548 409 1581 rure
447 1534 495 1580 in
536 1534 713 1581 urbem
748 1535 1105 1593 revertebatur,
1139 1531 1342 1582 sustulit
1368 1539 1417 1581 et
1450 1531 1631 1581 lectica
1668 1547 1762 1581 sua
1798 1531 2011 1582 Romam
2041 1531 2160 1581 ferri
2199 1532 2379 1580 iussin

298 1602 407 1664 ipse
439 1616 610 1650 rursus
643 1602 839 1659 eodem,
873 1603 1006 1652 unde
1041 1610 1148 1652 erat
1182 1615 1438 1667 egressus,
1468 1615 1524 1650 se
1560 1602 1769 1666 recepit.
1807 1600 2059 1650 Perlatum
2081 1607 2158 1649 est
2192 1613 2379 1664 corpus

209 1682 216 1689 ¹
297 1669 459 1720 Clodii
494 1682 609 1718 aute
639 1671 855 1734 primam
883 1672 1046 1720 noctis
1076 1669 1589 1731 horamvinfimaeque
1614 1668 1780 1735 plebis
1799 1677 1847 1719 et
1865 1684 2123 1720 servorum
2153 1669 2380 1718 maxima

298 1738 567 1787 multitudo
617 1752 799 1802 magno
851 1737 991 1787 luctu
1035 1753 1221 1802 corpus
1267 1741 1317 1786 in
1370 1738 1496 1786 atrio
1545 1739 1725 1787 domus
1769 1740 1990 1803 positum
2026 1737 2378 1788 circumstetit.

299 1807 535 1870 Augebat
571 1818 738 1855 autem
770 1806 891 1855 facti
926 1807 1165 1857 invidiam
1202 1822 1330 1856 uxor
1369 1806 1533 1857 Clodii
1569 1807 1764 1867 Fulvia,
1796 1822 1926 1869 quae
1957 1822 2072 1857 cum
2107 1805 2267 1863 effusa
2303 1806 2380 1854 la-

298 1876 604 1925 mentatione
640 1874 850 1924 vulnera
883 1877 996 1925 eius
1027 1876 1339 1928 ostendebat.
1382 1875 1542 1925 Maior
1568 1884 1770 1941 postera
1806 1876 1889 1925 die
1916 1876 2029 1926 luce
2063 1876 2230 1941 prima
2246 1874 2380 1924 mul-

296 1943 458 1994 titudo
497 1943 724 1994 eiusdem
760 1946 959 2009 generis
997 1945 1240 1996 confluxit
1270 1944 1655 2010 compluresque
1690 1947 1796 1996 noti
1832 1945 2061 1996 homines
2092 1944 2204 1995 elisi
2240 1951 2376 2002 sunt,

297 2014 427 2062 iuter
462 2028 589 2075 quos
624 2013 675 2062 C.
717 2014 960 2064 'Vibienus
998 2023 1215 2067 senator.
1280 2016 1396 2064 Erat
1431 2016 1610 2064 domus
1649 2015 1829 2076 Clodii,
1864 2025 1979 2064 ante
2007 2028 2200 2080 paucos
2234 2028 2379 2062 men-

298 2096 381 2130 ses
432 2092 601 2146 empta
649 2083 714 2132 de
754 2082 822 2132 M.
862 2081 1082 2145 Scauro,
1129 2085 1182 2134 in
1210 2084 1425 2134 Palatio.
1512 2085 1701 2134 Eodem
1734 2086 1793 2134 T.
1844 2084 2097 2133 Munatius
2141 2082 2378 2140 Plancus,

299 2149 450 2200 frater
482 2152 540 2200 L.
578 2150 752 2202 Planci
782 2153 1025 2214 oratoris,
1072 2161 1122 2202 et
1153 2154 1212 2211 Q.
1249 2154 1524 2220 Pompeius
1561 2153 1748 2212 Rui'us,
1788 2152 1961 2202 Sullae
2010 2152 2266 2203 dictatoris
2317 2167 2380 2200 ex

296 2219 402 2268 filia
436 2235 610 2283 nepos,
649 2220 838 2270 tribuni
873 2220 942 2286 pl.
977 2230 1392 2281 accucurrerunt,
1435 2224 1608 2284 eisque
1638 2222 1956 2271 hortantibus
1993 2220 2179 2286 vulgus
2214 2221 2380 2284 impe-

299 2288 452 2336 ritum
486 2289 671 2353 corpus
708 2291 900 2340 nudum
938 2305 997 2340 ac
1033 2291 1278 2351 lutatam,
1317 2292 1391 2340 sic
1424 2299 1480 2340 ut
1512 2294 1563 2340 in
1596 2290 1724 2340 lecto
1758 2300 1862 2340 erat
1897 2292 2136 2355 positum,
2174 2297 2230 2337 ut
2263 2289 2379 2337 vul-

296 2370 417 2405 nera
454 2357 611 2407 videri
643 2367 865 2422 possent,
905 2363 956 2408 in
990 2359 1155 2409 forum
1185 2359 1365 2410 detulit
1391 2370 1439 2408 et
1476 2361 1527 2409 in
1562 2362 1736 2410 rostris
1772 2361 1955 2423 posuit.
2017 2360 2092 2408 Ibi
2128 2372 2219 2423 pro
2254 2372 2378 2406 con-

297 2425 435 2474 tione
471 2423 684 2475 Plancus
720 2434 769 2476 et
803 2427 1090 2493 Pompeius,
1122 2429 1212 2491 qui
1246 2429 1663 2493 competitoribus
1697 2428 1897 2478 Milonis
1928 2429 2215 2490 studebant,
2244 2426 2378 2475 invi-

298 2494 436 2543 diam
471 2495 645 2544 Miloni
678 2495 917 2546 i'eceruut.
965 2497 1190 2563 Populus
1226 2498 1353 2547 duce
1389 2496 1506 2547 Sex.
1541 2497 1713 2547 Clodio
1751 2498 1920 2546 scriba
1954 2511 2138 2561 corpus
2174 2495 2230 2544 P.
2260 2493 2377 2544 Clo·

298 2563 372 2613 dii
418 2563 470 2612 in
505 2580 696 2614 cunam
742 2565 910 2615 intulit
937 2567 1282 2629 cremavitqne
1330 2566 1584 2616 subselliis
1626 2578 1674 2616 et
1719 2564 2053 2616 tribunalibus
2102 2572 2150 2612 et
2182 2565 2378 2613 mensis

300 2643 349 2682 et
385 2633 649 2685 codicibus
690 2634 1039 2688 librariorum:
1112 2649 1213 2700 quo
1260 2636 1378 2700 igne
1425 2645 1472 2684 et
1511 2636 1621 2699 ipsa
1656 2650 1854 2697 quoque
1888 2636 2025 2684 curia
2054 2631 2288 2696 flagravit
2324 2642 2376 2683 et

298 2708 419 2752 ttem
455 2705 634 2754 Porcia
666 2704 902 2768 basilica,
937 2721 1066 2767 quae
1103 2718 1208 2755 erat
1244 2707 1290 2754 ei
1334 2707 1501 2753 iuncta
1523 2742 1538 2768 ,
1572 2704 1804 2753 ambusta
1834 2712 1927 2757 est.
1998 2701 2190 2751 Domus
2246 2714 2378 2763 quo·

297 2786 396 2833 que
435 2773 499 2821 M.
538 2773 719 2838 Lepidi
750 2774 1167 2839 interregis—is
1205 2775 1337 2821 enim
1373 2774 1698 2837 magistratus
1730 2771 1924 2821 curulis
1958 2780 2062 2820 erat
2099 2775 2378 2820 creatus·—

298 2846 348 2887 et
397 2841 619 2890 absentis
656 2842 858 2909 Milonis
896 2844 1071 2891 eadem
1110 2841 1195 2891 iila
1229 2841 1468 2890 Clodiana
1499 2840 1769 2891 multitudo
1806 2840 2146 2906 oppugnavit,
2191 2837 2376 2889 deinde

298 2908 501 2968 sagittis
546 2909 751 2972 repulsa
799 2919 894 2959 est.
959 2913 1088 2959 Tum
1137 2911 1300 2957 fasces
1339 2924 1401 2958 ex
1443 2910 1568 2962 luco
1604 2909 1854 2959 Libitinae
1892 2917 2062 2973 raptos
2097 2906 2264 2957 attulit
2309 2907 2377 2956 ad

299 2975 502 3023 domum
539 2975 793 3040 Scipionis
825 2987 874 3025 et
903 2978 1141 3041 Hypsaei.
1188 2978 1370 3026 deinde
1402 2979 1469 3028 ad
1497 2977 1667 3029 hortos
1705 2978 1795 3032 Cn.
1834 2978 2078 3043 Pompeii,
2113 2975 2375 3026 clamitans

299 3058 417 3092 eum
447 3044 599 3093 modo
630 3042 907 3103 consulem,
945 3046 1095 3094 modo
1133 3046 1445 3096 dictatorem.

428 3111 721 3162 Incendium
762 3114 931 3161 curiae
980 3114 1221 3163 maiorem
1277 3115 1529 3177 aliquanto
1569 3116 1966 3182 indignationem
2015 3115 2235 3165 civitatis
2266 3127 2375 3162 mo-

301 3188 441 3230 verat
486 3195 635 3241 quam
673 3180 956 3232 interfectio
1006 3181 1185 3236 Clodii.
1239 3185 1413 3246 Itaque
1449 3183 1586 3246 Milo,
1621 3201 1769 3247 quem
1802 3185 1973 3249 opinio
2024 3184 2185 3232 fuerat
2221 3184 2378 3231 ivisse

301 3250 354 3296 in
393 3248 730 3299 voluntarium
765 3250 1018 3316 exsilium,
1055 3252 1246 3302 invidia
1282 3253 1688 3304 adversariorum
1720 3262 1971 3303 recreatus
1996 3264 2139 3302 nocte
2162 3267 2223 3300 ea
2245 3252 2377 3300 redi·

300 3325 407 3366 erat
447 3320 688 3379 Romam,
723 3334 822 3382 qua
871 3321 1074 3371 incensa
1111 3330 1216 3371 erat
1252 3323 1411 3380 curia,
1450 3324 1751 3385 petebatque
1796 3320 1955 3371 nihilo
2005 3321 2225 3371 deterius
2255 3334 2370 3368 cou-

301 3385 549 3438 sulatum:
607 3397 779 3453 aperte
834 3405 1035 3452 quoqne
1072 3391 1294 3440 tributim
1349 3391 1401 3439 in
1445 3391 1675 3455 singulos
1720 3391 1862 3440 milia
1908 3390 2098 3439 assium
2147 3388 2375 3440 dederat.

301 3453 598 3505 Contionem
649 3458 696 3507 ei
744 3467 865 3523 post
895 3460 1086 3521 aliquot
1125 3460 1234 3509 dies
1290 3459 1432 3509 dedit
1477 3457 1546 3507 M.
1583 3458 1781 3510 Caelius
1831 3459 2060 3508 tribunus
2105 3457 2176 3522 pl.
2227 3467 2379 3519 atque
