2514 3928
50 116 120 123 J
131 114 262 126 ...fl-„rua
275 115 280 118 -
331 115 336 116 ν

108 312 204 365 113
769 303 935 363 CAP.
966 314 1156 367 2—5.
1200 313 1252 374 §-
1284 318 1317 370 5
1338 342 1402 353 -—
1427 319 1510 369 ιι.
1740 383 1743 386 Α
2048 308 2165 374 411

103 465 225 515 tres
259 452 622 529 conscripti,
656 472 956 529 —1grave
986 457 1151 515 dictu
1187 464 1312 529 est,
1357 457 1470 517 sed
1500 457 1823 520 dicendum
1856 469 2053 521 tamer.
2090 496 2163 507 —

102 553 248 608 νος,
280 535 560 611 inquam,
594 536 728 596 Ser.
764 537 1099 612 Sulpicium
1138 538 1262 597 vita
1292 538 1608 612 privastis:
1641 558 1822 616 quem
1860 560 2045 617 quum
2081 544 2167 604 vi·

100 618 329 679 deretis
368 636 436 678 re
467 618 660 693 magis
692 621 968 681 morbum
1015 636 1198 696 quam
1240 620 1517 686 oratione
1560 634 1985 697 excusantem,
2040 644 2163 688 non

102 717 219 762 vos
245 702 527 762 crudeles
560 703 809 777 quidem
843 703 1041 763 fuistis
1076 737 1148 747 —
1190 701 1340 778 quid
1369 704 1527 777 euim
1557 703 1754 765 minus
1785 705 1845 765 in
1874 707 2037 769 hunc
2069 727 2168 771 or-

103 784 310 845 dinem
357 785 682 844 convenit?
717 819 794 829 —-
840 787 951 846 sed
1004 803 1187 861 quum
1234 786 1566 860 speraretis
1611 787 1751 846 nihil
1810 805 1953 849 esse
2001 794 2165 866 quod

104 885 225 928 non
261 866 419 927 illius
450 867 807 929 auctoritate
836 878 898 930 et
931 868 1233 944 sapientia
1265 869 1427 948 effici
1458 878 1700 943 posset,
1750 871 2164 935 vehementius

102 949 485 1022 excusationi
525 950 845 1012 obstitistis
877 961 1062 1026 atque
1091 969 1260 1025 eum,
1308 951 1413 1027 qui
1448 969 1696 1028 semper
1730 964 1997 1015 vestrum
2027 971 2169 1017 con-

101 1051 352 1095 sensum
382 1034 806 1109 gravissimum
840 1035 1266 1108 iudicavisset,
1301 1036 1380 1096 de
1409 1036 2072 1100 sententiadeiecistis.
2109 1039 2169 1098 9.

100 1118 182 1178 Ut
229 1134 373 1177 vero
418 1119 650 1178 Pansae
702 1118 974 1179 consulis
1014 1118 1279 1180 accessit
1319 1119 1656 1182 cohortatio
1701 1122 1945 1195 gravior
1989 1140 2168 1197 quarn

98 1217 285 1262 aures
315 1200 445 1262 Ser.
474 1200 727 1276 Sulpicii
759 1204 914 1261 terre
935 1202 1328 1275 didicissent,
1360 1209 1482 1262 tum
1512 1220 1658 1263 vero
1685 1204 1950 1279 denique
1981 1206 2169 1266 filium

99 1300 327 1359 meque
350 1284 593 1344 seduxit
621 1293 806 1360 atque
836 1284 916 1346 ita
946 1286 1185 1345 locutus
1209 1294 1334 1358 est,
1367 1294 1432 1347 ut
1457 1286 1876 1347 auctoritatem
1906 1298 2167 1350 vestram

100 1366 267 1427 vitae
310 1383 461 1427 suae
503 1384 571 1428 se
616 1367 845 1428 diceret
879 1370 1201 1434 anteferre.
1292 1368 1477 1429 Cuius
1526 1386 1642 1429 nos
1674 1369 1951 1431 virtutem
1979 1371 2166 1432 admi·

99 1449 217 1510 rati
251 1467 370 1509 non
407 1451 539 1510 ausi
570 1467 784 1512 sumus
812 1451 1128 1512 adversari
1170 1451 1482 1513 voluntati.
1569 1452 1928 1513 Movebatur
1962 1453 2167 1532 singu·

99 1533 214 1593 lari
248 1535 468 1609 pietate
499 1533 689 1597 filius=
726 1552 845 1595 non
879 1537 1125 1596 multum
1164 1534 1299 1596 eius
1329 1535 1762 1611 perturbationi
1794 1553 1965 1597 meus
1994 1538 2171 1598 dolor

96 1619 513 1679 concedebat=
566 1619 677 1679 sed
720 1627 976 1694 uterque
1021 1628 1295 1679 nostrum
1325 1619 1548 1680 cedere
1578 1619 1919 1693 cogebatur.
1942 1622 2168 1693 magni·

97 1701 289 1761 tudini
321 1701 505 1761 animi
555 1700 975 1777 orationisque
1012 1701 1317 1777 gravitati,
1373 1719 1559 1777 quum
1603 1702 1852 1777 quidem
1894 1702 1994 1763 ille
2045 1720 2167 1763 ma-

94 1785 264 1845 xima
293 1786 474 1846 laude
510 1794 569 1846 et
606 1787 1008 1861 gratulatione
1039 1784 1307 1846 onmium
1340 1795 1609 1847 vestrum
1640 1785 1944 1861 pollicitus
1975 1793 2070 1845 est
2100 1802 2170 1846 se

96 1869 268 1943 quod
304 1869 538 1938 velletis
572 1885 714 1930 esse
759 1871 1087 1941 facturum,
1141 1886 1345 1943 neque
1376 1870 1510 1930 eius
1552 1871 1891 1930 sententiae
1927 1871 2165 1941 pericu·

97 1954 219 2011 lum
247 1950 587 2026 vitaturum,
610 1951 786 2014 cuius
810 1954 946 2029 ipse
972 1962 1189 2014 auctor
1214 1951 1457 2014 fuissetz
1492 1970 1673 2029 quem
1704 1970 1959 2029 exsequ.
1995 1967 2159 2013 nian-

94 2037 241 2096 data
290 2044 495 2095 vestra
544 2046 968 2112 properantem
1011 2054 1190 2098 mane
1232 2035 1528 2113 postridie
1574 2038 1883 2112 prosecuti
1930 2054 2165 2100 sumus

95 2118 213 2191 Qui
249 2116 497 2190 quidem
530 2118 855 2180 discedens
887 2137 1121 2181 mecum
1159 2121 1239 2181 ita
1271 2122 1513 2182 locutus
1547 2128 1672 2192 est,
1713 2129 1778 2181 ut
1809 2120 1943 2181 eius
1975 2120 2167 2180 oratio

97 2217 283 2260 omen
317 2200 420 2260 sati
460 2200 781 2262 videretur.
1235 2236 1250 2245 ·-

227 2284 302 2342 V.
351 2282 449 2344 10.
496 2285 772 2345 Reddite
795 2283 1006 2360 igitur,
1062 2295 1266 2360 patres
1298 2285 1677 2361 conscripti,
1707 2285 1763 2346 ei
1802 2284 2018 2359 vitam,
2070 2283 2169 2346 cui

89 2364 434 2449 ademistis,
524 2367 663 2428 Vita
692 2366 852 2428 enim
881 2377 1252 2431 mortuorum
1288 2368 1346 2429 in
1390 2370 1676 2430 memoria
1709 2378 1817 2432 est»
1847 2369 2049 2444 posita
2076 2367 2166 2428 vi-

90 2467 334 2511 vorum.
397 2450 675 2511 Perficite
702 2460 770 2513 ut
803 2451 884 2524 is,
932 2469 1113 2527 quem
1150 2469 1265 2512 vos
1295 2451 1472 2512 inscii
1504 2453 1583 2514 ad
1613 2462 1866 2514 mortem
1896 2451 2166 2522 misistiS‚

88 2533 600 2595 immortalitatem
632 2535 850 2596 habeat
876 2553 918 2594 a.
952 2534 1149 2596 vobis.
1213 2535 1321 2595 Cui
1351 2537 1403 2596 si
1435 2544 1697 2596 statuam
1725 2536 1784 2596 in
1815 2535 2033 2596 rostris
2065 2535 2166 2593 de-

91 2624 267 2678 creto
311 2626 517 2678 vestro
559 2618 921 2691 statueritis,
972 2619 1137 2680 nulla
1188 2617 1324 2680 eius
1376 2619 1745 2693 legationem
1794 2615 2168 2692 posteritatis

89 2699 454 2762 obscurabit
505 2701 752 2761 oblivio.
840 2703 989 2762 Nam
1039 2703 1277 2777 reliqua
1326 2701 1459 2763 Ser.
1501 2700 1758 2775 Sulpicii
1797 2699 1921 2759 vita
1962 2697 2167 2757 multis

83 2782 211 2845 erit
255 2785 707 2861 praeclarisque
764 2784 1158 2846 monimentis
1200 2786 1280 2844 ad
1325 2801 1575 2846 omnem.
1609 2781 1958 2843 memoriam
2004 2797 2167 2840 com-

87 2868 399 2927 mendata.
487 2867 748 2943 Semper
798 2868 957 2929 illius
1006 2867 1393 2943 gravitatem,
1465 2864 1898 2936 constantiam,
1964 2863 2167 2934 fidem,

88 2958 508 3027 praestantem
549 2950 610 3010 in
661 2967 728 3010 re
765 2951 1008 3026 publica
1039 2953 1265 3013 tuenda
1309 2967 1514 3011 curam
1556 2957 1741 3024 atque
1784 2945 2168 3023 prudentiam

87 3031 365 3095 omnium
398 3033 735 3095 mortalium
771 3035 928 3093 sama
970 3035 1321 3095 celebrabit.
1408 3034 1535 3093 Nec
1578 3049 1724 3093 vero
1758 3030 2031 3092 silebitur
2059 3030 2167 3090 ad·

89 3115 390 3177 mirabilis
422 3118 723 3192 quaedam
760 3123 821 3177 et
846 3117 1221 3178 incredibilis
1253 3133 1326 3177 ac
1360 3132 1556 3191 paene
1580 3113 1797 3176 divina
1826 3115 1961 3175 eius
1990 3114 2049 3174 in
2081 3116 2166 3173 le-

83 3198 277 3276 gibus
309 3199 810 3275 interpretandiS,
839 3198 1147 3274 aequitate
1174 3199 1544 3274 explicanda
1575 3196 1851 3260 scientia.
1940 3198 2164 3259 Omnes

85 3299 175 3343 ex
216 3283 379 3342 omni
409 3291 638 3354 aetate,
693 3282 799 3358 qui
842 3283 904 3341 in
942 3283 1060 3343 hac
1102 3281 1345 3343 civitate
1379 3281 1832 3354 intelligentiam
1879 3280 2031 3341 iuris
2058 3279 2164 3338 ha·

84 3368 384 3440 buerunt,
436 3364 491 3426 si
521 3383 706 3427 unum
750 3366 809 3424 in
845 3367 1046 3425 locum
1078 3367 1497 3435 conserantur,
1559 3381 1698 3453 cum
1729 3363 1860 3423 Ser.
1893 3359 2167 3436 Sulpicio

86 3465 217 3510 non
259 3450 380 3509 sint
417 3448 834 3524 comparandi.
920 3449 1047 3509 Nec
1089 3447 1247 3507 enim
1292 3444 1395 3507 ille
1425 3445 1620 3520 magis
1645 3445 1813 3506 iuris
1848 3444 2164 3503 consultus

85 3546 280 3608 quam
310 3529 569 3593 iustitiae
600 3529 1016 3594 fuit.11.tta
1046 3547 1120 3590 ea
1150 3546 1309 3606 quae
1338 3527 1885 3605 proficiscebantur
1910 3524 1991 3583 ab
2018 3519 2164 3590 legi-
2208 3598 2214 3603 ι
