2514 3928
257 247 385 311 200
796 243 945 305 PRO
980 244 1093 304 CN.
1127 243 1458 305 PLANCIO
1496 242 1800 305 ORATIO.
2229 254 2335 307 102

261 396 700 469 familiaritatis,
731 395 1077 468 vicinitatis,
1102 395 1295 472 patris
1324 395 1665 458 amicitiae?
1694 410 1854 470 quae
1884 392 1939 454 si
1968 412 2093 456 non
2125 404 2336 458 essent

258 499 538 554 vererer,
571 480 786 554 credo,
817 496 895 540 ne
917 479 1173 555 turpiter
1202 481 1496 551 facerem,
1533 479 1586 540 si
1615 480 1734 540 hoc
1765 480 2098 553 splendore
2130 487 2191 539 et
2218 480 2335 541 hac

259 565 551 643 dignitate
584 562 887 624 hominem
920 563 1334 625 defenderem.
1402 564 1714 637 Fingenda
1743 561 1888 623 mihi
1916 563 2029 625 fuit
2057 563 2337 624 videlicet

260 665 453 711 causa
484 656 809 724 peracuta,
852 655 919 709 ut
955 648 1040 722 ei,
1083 665 1268 725 quem
1296 647 1440 708 mihi
1460 647 1685 707 debere
1719 655 2057 721 oporteret,
2088 663 2204 721 ego
2240 663 2337 707 me

262 733 467 795 omnia
496 732 725 793 debere
753 731 1040 792 dicerem.
1128 733 1211 793 At
1255 731 1321 791 id
1355 731 1534 792 etiam
1565 730 1825 806 gregarii
1856 730 2076 792 milites
2112 730 2340 791 faciunt

258 816 452 890 inviti,
482 824 550 878 ut
578 831 869 877 coronam
898 816 1044 876 dent
1073 815 1330 877 civicam
1361 824 1423 877 et
1451 832 1521 876 se
1549 816 1626 874 ab
1654 815 1860 889 aliquo
1891 822 2170 875 servatos
2194 830 2337 875 esse

262 902 592 974 fateantur,
639 916 760 960 non
811 916 935 974 quo
986 908 1161 975 turpe
1203 898 1287 959 sit
1324 908 1666 974 protectum
1696 897 1756 957 in
1788 899 1921 958 acie
1950 914 2032 958 ex
2067 897 2335 958 hostium

263 985 543 1045 manibus
587 981 743 1058 eripi
772 1015 860 1027 —-
901 998 1041 1042 nam
1072 981 1134 1041 id
1163 980 1445 1043 accidere
1475 981 1592 1042 nisi
1623 983 1758 1042 forti
1789 980 1918 1042 viro
1953 990 2015 1042 et
2044 981 2336 1056 pugnanti

262 1067 603 1130 comminus
620 1082 742 1126 non
759 1072 1080 1141 potest-7
1105 1066 1218 1126 sed
1243 1083 1403 1127 onus
1421 1065 1705 1126 beneficii
1728 1063 2143 1135 reformidant,
2170 1067 2337 1138 quod

260 1165 661 1226 permagnum
703 1158 798 1210 est
827 1148 1027 1210 alieno
1067 1149 1295 1210 debere
1323 1149 1485 1209 idem
1523 1150 1690 1224 quod
1723 1148 1979 1223 parenti.
2066 1146 2165 1210 73.
2185 1149 2337 1224 Ego,

261 1244 450 1309 quum
524 1231 707 1294 ceteri
739 1249 890 1293 vera
917 1233 1249 1307 beneficia,
1293 1233 1472 1294 etiam
1502 1233 1767 1308 minora,
1802 1231 2218 1306 dissimulent,
2260 1249 2341 1292 ne

261 1317 508 1392 obligati
534 1331 677 1378 esse
702 1315 1039 1391 videantur,
1063 1333 1139 1378 eo
1164 1333 1263 1378 me
1283 1317 1585 1378 beneficio
1602 1315 1955 1393 obstrictum
1977 1331 2121 1377 esse
2135 1332 2328 1376 emen·

261 1402 408 1474 tior,
440 1400 539 1462 cui
569 1416 646 1460 ne
669 1401 883 1462 referri
915 1401 1165 1476 quidem
1191 1400 1385 1476 gratia
1414 1416 1605 1476 posse
1631 1400 1951 1460 videatur?
1979 1402 2074 1460 An
2107 1399 2227 1460 hoc
2255 1408 2342 1475 tu,

250 1483 628 1555 Laterensis,
658 1483 952 1560 ignoras?
982 1484 1086 1560 qui
1110 1501 1297 1561 quum
1322 1484 1462 1544 mihi
1486 1500 1663 1545 esses
1691 1482 2120 1557 amicissimuS,
2151 1500 2339 1558 quum

220 1566 225 1573 ¹
261 1570 356 1628 vel
390 1568 726 1644 perieulum
761 1568 921 1630 vitae
952 1578 1092 1630 tuae
1115 1585 1354 1629 mecum
1385 1567 1624 1630 sociare
1656 1567 1992 1640 voluisseS,
2025 1583 2213 1642 quum
2242 1584 2342 1630 me

259 1651 325 1711 in
357 1651 459 1714 illo
497 1651 651 1713 tristi
682 1659 744 1714 et
776 1653 1003 1712 acerbo
1047 1653 1217 1713 luctu
1247 1661 1435 1727 atque
1466 1653 1751 1713 discessu
1782 1667 1905 1711 non
1934 1650 2200 1711 lacrimis
2237 1668 2340 1712 so-

258 1737 383 1797 lum
419 1734 558 1808 tuiS‚
592 1736 706 1795 sed
726 1734 952 1807 animo,
983 1751 1265 1810 corpore,
1289 1736 1487 1810 copiis
1521 1742 1887 1811 prosecutus
1916 1750 2113 1808 esses,
2151 1752 2342 1809 quum

259 1833 433 1878 meos
475 1817 704 1878 liberos
751 1826 813 1878 et
852 1834 1108 1878 uxorem
1153 1834 1251 1879 me
1293 1819 1548 1880 absente
1575 1818 1697 1881 tuis
1730 1819 1951 1894 opibus
1985 1817 2344 1894 auxilioque

256 1899 680 1971 defendisseS‚
731 1900 820 1960 sic
852 1916 1089 1962 mecum
1113 1917 1361 1978 semper
1391 1903 1600 1979 egisti,
1642 1911 1700 1964 te
1745 1901 1889 1962 mihi
1918 1903 2221 1964 remittere
2248 1909 2342 1962 at—

262 1999 383 2060 que
412 1986 774 2056 concedere,
808 1993 875 2045 ut
892 2002 1073 2046 omne
1094 1987 1362 2048 studium
1394 2004 1595 2049 meum
1618 1989 1679 2048 in
1702 1987 1808 2047 Cn.
1843 1986 2070 2047 Plancii
2102 1987 2344 2048 honore

258 2083 704 2144 consumerem,
736 2069 900 2143 quod
937 2071 1069 2130 eius
1093 2068 1154 2128 in
1186 2086 1285 2132 me
1314 2071 1590 2133 meritum
1624 2073 1727 2133 tibi
1760 2070 1938 2132 etiam
1961 2070 2082 2146 ipsi
2103 2079 2343 2146 gratum

257 2168 401 2213 esse
432 2152 701 2213 dicebas.
760 2149 860 2212 74.
890 2143 1049 2214 Nihil
1077 2162 1279 2215 autem
1312 2170 1409 2215 me
1443 2156 1606 2226 novi,
1643 2154 2117 2230 nihiltemporis
2148 2171 2346 2215 causa

257 2235 495 2309 dicere,
524 2252 729 2297 nonne
750 2235 928 2295 etiam
957 2246 1054 2298 est
1071 2237 1176 2297 illa
1196 2238 1373 2300 testis
1405 2239 1617 2311 oratio,
1649 2256 1808 2314 quae
1835 2245 1932 2299 est
1957 2256 1994 2298 a
2021 2254 2119 2298 me
2143 2238 2346 2313 prima

258 2318 463 2379 habita
483 2318 546 2378 in
571 2326 832 2380 senatu?
868 2320 926 2379 in
967 2338 1090 2396 qua
1118 2339 1309 2396 quum
1339 2321 1668 2399 perpaucis
1693 2320 2042 2383 nominatim
2066 2321 2344 2396 egissem

257 2401 514 2476 gratias,
564 2403 732 2476 quod
763 2419 976 2465 omnes
1008 2406 1352 2467 enumerari
1382 2407 1546 2468 nullo
1579 2408 1763 2468 modo
1796 2413 2081 2481 possent,
2131 2407 2351 2466 scelus

256 2492 458 2544 autem
492 2495 662 2549 esset
696 2503 1066 2563 quemquam
1101 2489 1460 2565 praeteriri,
1490 2492 1965 2565 statuissemque
1993 2505 2106 2550 eos
2136 2489 2345 2549 solum

257 2569 602 2643 nominare,
643 2570 749 2647 qui
782 2587 1012 2632 causae
1056 2583 1312 2637 nostrae
1350 2575 1544 2635 duces
1584 2583 1644 2635 et
1676 2572 1854 2649 quasi
1880 2571 2156 2648 signiferi
2186 2571 2343 2633 fuis-

255 2661 409 2726 sent,
442 2654 503 2715 in
533 2653 630 2722 his
652 2653 898 2717 Plancio
920 2657 1146 2730 gratias
1170 2657 1288 2733 egi.
1320 2658 1632 2720 Recitetur
1655 2659 1869 2731 oratio,
1900 2673 2059 2732 quae
2082 2664 2351 2732 propter

255 2737 343 2798 rei
373 2739 849 2814 magnitudinem
885 2739 1047 2801 dicta
1070 2743 1149 2802 de
1172 2742 1403 2817 scripto
1435 2751 1555 2803 est=
1586 2742 1642 2801 in
1677 2759 1799 2817 qua
1821 2757 1936 2816 ego
1961 2740 2144 2801 homo
2170 2750 2349 2800 astu·

256 2830 354 2880 tus
391 2824 445 2882 ei
479 2840 577 2883 me
607 2824 927 2896 dedebam,
960 2824 1060 2885 cui
1090 2824 1233 2885 nihil
1271 2841 1491 2900 magno
1524 2841 1712 2900 opere
1740 2824 2044 2895 deberem,
2070 2832 2132 2885 et
2153 2823 2354 2885 huius

259 2904 445 2964 offleii
489 2906 635 2967 tanti
681 2911 1034 2969 servitutem
1078 2906 1490 2982 astringebam
1548 2907 1894 2970 testimonio
1940 2906 2346 2982 sempiterno.

256 2985 410 3046 Nolo
478 2996 694 3060 cetera,
730 3006 890 3065 quae
911 3006 948 3049 a
972 3006 1069 3050 me
1100 2991 1387 3052 mandata
1406 2999 1549 3054 sunt
1580 2990 1811 3065 litteris,
1838 2990 2127 3053 recitare:
2157 3006 2349 3066 prae-

253 3067 538 3144 termitt0,
567 3087 645 3131 ne
676 3082 779 3134 aut
812 3073 1089 3147 proferre
1119 3070 1337 3134 videar
1362 3076 1443 3136 ad
1477 3083 1718 3151 tempus
1748 3083 1852 3137 aut
1881 3091 1956 3135 eo
1992 3090 2219 3151 genere
2250 3074 2347 3134 uti

255 3148 605 3246 litterarum,
642 3157 812 3228 quod
834 3153 987 3215 meis
1013 3155 1234 3218 studiis
1264 3157 1467 3233 aptius
1497 3176 1682 3234 quam
1720 3157 2152 3220 consuetudini
2178 3157 2352 3218 iudi-

250 3246 486 3294 ciorum
519 3250 662 3297 esse
691 3238 989 3300 videatur.

356 3316 565 3377 XXXI.
593 3317 690 3382 75.
715 3324 922 3398 Atque
934 3323 1110 3386 etiam
1129 3326 1425 3400 clamitas,
1452 3325 1799 3388 Laterensis
1817 3349 1833 3381 ε
1865 3327 1990 3397 Quo
2010 3342 2199 3401 usque
2224 3327 2354 3387 ista

248 3399 402 3460 dicis
415 3397 448 3460 7
473 3403 643 3464 Nihil
666 3408 728 3466 in
751 3408 944 3484 Cispio
962 3409 1314 3485 profecisti.-
1339 3411 1627 3472 obsoletae
1645 3413 1767 3471 iam
1786 3417 1925 3471 sunt
1937 3426 2156 3485 preces
2175 3415 2348 3470 tuae.

253 3481 341 3542 De
372 3482 580 3560 Cispio
620 3489 765 3550 mihi
809 3490 992 3568 igitur
1036 3493 1324 3570 obiicies,
1357 3510 1540 3570 quem
1574 3509 1691 3568 ego
1738 3494 1816 3553 de
1852 3508 1948 3553 mc
1989 3493 2148 3553 bene
2209 3507 2347 3555 me*-
