2514 3928
1833 30 1900 91 Ο

226 155 312 217 50
820 152 970 214 PRO
1002 153 1066 210 P.
1102 150 1369 212 SESTIO
1403 151 1705 212 ORATlo.

232 305 464 383 patriae
513 305 789 366 dextram
831 302 1214 385 porrexerint
1256 302 1640 374 Brundisini,
1689 321 1878 379 quum
1924 305 2079 381 ipsis
2108 306 2302 369 Nonis

231 389 566 450 Sextilibus
593 388 753 448 idem
790 389 924 448 dies
954 389 1257 448 adventus
1288 389 1404 446 mei
1430 388 1649 448 suisset
1671 387 2045 465 reditusque,
2079 393 2300 452 natalis

230 473 392 533 idem
421 472 774 532 carissimae
810 471 991 546 filiae,
1025 488 1207 547 quam
1239 487 1315 531 ex
1347 471 1712 545 gravissimo
1746 479 1869 531 tum
1902 472 2159 549 primum
2194 476 2299 535 de·

229 555 456 618 siderio
491 558 782 632 luctuque
811 556 1131 632 conspexi,
1165 555 1328 615 idem
1361 554 1542 616 etiam
1570 554 1770 630 ipsius
1802 556 2081 618 coloniae
2106 558 2299 619 Brun-

229 639 498 713 disinae,
535 639 694 699 idem
724 646 817 715 [ut
850 640 1037 714 scitis]
1075 637 1321 712 Salutis,
1354 655 1665 715 quumque
1698 656 1793 700 me
1825 641 2046 702 domus
2082 644 2297 702 eadem

229 724 593 799 optimorum
636 732 697 784 et
739 722 1235 784 doctissimorum
1287 723 1580 797 virorum,
1623 723 1704 782 Μ.
1747 724 1955 784 Laenii
2001 724 2203 785 Flacci
2240 734 2301 786 et

231 806 419 884 patris
461 816 522 868 et
563 807 765 868 fratris
806 807 971 880 eiuS,
1017 806 1351 868 laetissima
1391 807 1768 882 accepisset,
1811 824 1971 883 quae
2016 809 2300 885 proximo

226 908 386 952 anno
418 907 698 953 maerens
727 899 1047 967 receperat
1075 899 1136 951 et
1164 908 1279 951 suo
1313 891 1620 967 praesidio
1652 891 2053 968 periculoque
2085 894 2294 952 defen-

227 977 428 1036 derat:
476 991 788 1050 quumque
834 974 1050 1036 itinere
1091 982 1218 1036 toto
1261 974 1449 1035 urbes
1482 974 1690 1035 Italiae
1722 976 1917 1036 festos
1948 975 2081 1036 dies
2113 992 2296 1052 agere

225 1061 529 1121 adventus
562 1058 681 1120 mei
717 1058 1110 1133 videbantur,
1156 1057 1293 1119 viae
1322 1057 1703 1119 multitudine
1744 1059 2079 1134 legatorum
2124 1061 2297 1120 undi-

228 1159 349 1219 que
378 1142 704 1204 missorum
735 1142 1232 1216 celebrabantur,
1272 1144 1347 1202 ad
1381 1142 1593 1203 urbem
1627 1158 1923 1204 accessus
1955 1143 2295 1204 incredibili

226 1226 535 1288 hominum
571 1226 952 1289 multitudine
990 1235 1052 1288 et
1083 1225 1487 1302 gratulatione
1527 1226 1815 1300 florebat,
1859 1225 1973 1287 iter
2017 1245 2055 1287 a
2100 1237 2297 1302 porta,

224 1314 283 1372 in
319 1310 674 1388 Capitolium
706 1327 1039 1386 ascensuS,
1082 1312 1331 1371 domum
1375 1310 1611 1372 reditus
1652 1319 1783 1371 erat
1824 1311 1957 1371 eius
1988 1309 2181 1385 modi,
2231 1320 2297 1372 ut

223 1412 460 1457 summa
497 1395 558 1456 in
598 1394 823 1457 laetitia
867 1395 1013 1455 illud
1057 1396 1358 1465 dolerem,
1404 1393 1707 1455 civitatem
1748 1402 1869 1455 tam
1909 1403 2141 1468 gratam
2166 1357 2293 1507 ’tam

224 1480 507 1541 miseram
536 1488 725 1555 atque
752 1495 1117 1576 oppressam
1147 1479 1360 1539 fuisse.

391 1563 532 1624 132.
576 1564 781 1624 Habes
811 1563 991 1638 igitur
1021 1564 1187 1638 quod
1218 1579 1299 1622 ex
1327 1576 1423 1621 me
1454 1560 1776 1636 quaesisti,
1811 1560 1916 1637 qui
1944 1571 2157 1622 essent
2183 1576 2267 1636 op

225 1648 481 1708 limateS.
532 1648 663 1708 Non
703 1656 799 1708 est
826 1646 1007 1719 nati0,
1037 1654 1105 1707 ut
1133 1645 1372 1706 dixisti.
1408 1646 1574 1721 quod
1605 1661 1721 1720 ego
1755 1644 2005 1706 verbum
2037 1645 2292 1720 agnovi·

223 1739 319 1792 est
363 1731 521 1790 enim
564 1730 757 1805 illiuS,
798 1746 835 1788 a
865 1747 990 1805 quo
1026 1747 1150 1791 uno
1181 1728 1443 1789 maxime
1473 1729 1536 1788 P.
1575 1727 1816 1791 Sestius
1850 1745 1918 1789 se
1949 1730 2292 1815 oppugnari

222 1813 419 1886 videt,
456 1813 719 1874 hominis
749 1813 904 1889 eiuS,
943 1815 1047 1888 qui
1080 1815 1238 1874 hanc
1269 1812 1575 1874 nationem
1608 1812 1799 1873 deleri
1827 1820 1889 1873 et
1916 1812 2156 1873 concidi
2186 1829 2289 1873 cu·

225 1896 399 1973 pivit=
445 1896 549 1973 qui
581 1896 644 1957 C.
681 1897 1037 1973 Caesarem,
1079 1897 1283 1958 mitem
1316 1896 1623 1957 hominem
1653 1906 1716 1957 et
1753 1913 1790 1956 a
1835 1897 2026 1957 caede
2071 1895 2288 1956 abhor-

198 1988 485 2056 rentem,
530 1998 721 2057 saepe
750 1980 1087 2059 increpu1t;
1110 1999 1303 2058 saepe
1332 1979 1674 2055 accusavit,
1723 1998 1911 2057 quum
1942 1982 2291 2042 adfirmaret

221 2064 386 2126 illum
417 2082 779 2141 numquam,
808 2067 950 2127 dum
986 2066 1139 2128 haec
1173 2064 1336 2127 natio
1369 2067 1631 2140 viveret,
1660 2064 1794 2126 sine
1826 2082 1975 2126 cura
2007 2066 2289 2126 futurum.

218 2149 375 2209 Nihil
402 2150 663 2226 profecit
690 2150 770 2210 de
798 2150 1138 2212 universis:
1170 2151 1248 2210 de
1277 2167 1372 2210 me
1401 2166 1587 2225 agere
1618 2166 1739 2211 non
1770 2148 2026 2211 destitit=
2059 2166 2154 2209 me
2178 2166 2287 2224 op·

224 2234 546 2308 pugnavit,
594 2232 853 2310 primum
878 2237 1010 2310 ‘per
1050 2233 1315 2295 indicem
1345 2236 1641 2306 Vettium,
1693 2250 1874 2310 quem
1917 2233 1975 2292 in
2005 2232 2291 2294 contione

221 2318 300 2376 de
336 2333 431 2377 me
461 2318 627 2378 etde
657 2317 1012 2379 clarissimis
1042 2320 1187 2379 viris
1219 2316 1633 2393 interrogavit.
1691 2319 1756 2377 In
1790 2334 1913 2393 quo
1947 2325 2146 2377 tamen
2176 2334 2294 2378 eos

222 2399 392 2460 cives
441 2400 758 2463 coniunxit
795 2403 1013 2463 eodem
1062 2401 1332 2478 periculo
1380 2410 1441 2461 et
1470 2401 1750 2477 crimine,
1797 2411 1861 2463 ut
1900 2417 1937 2461 a
1967 2417 2064 2462 me
2092 2399 2300 2461 inierit·

221 2484 501 2559 gratiam,
545 2487 713 2561 quod
755 2502 851 2546 me
895 2501 1029 2546 cum
1062 2485 1458 2561 amplissimis
1491 2494 1553 2546 et
1581 2484 1930 2547 fortissimis
1964 2482 2111 2545 viris
2140 2500 2289 2545 con-

218 2568 511 2644 gregavit.
553 2570 758 2629 LXIV.
793 2568 927 2633 133.
971 2568 1094 2630 Sed
1126 2578 1342 2645 postea
1365 2568 1510 2629 mihi
1544 2570 1710 2631 nullo
1742 2586 1879 2630 meo
1903 2568 2135 2642 merito,
2171 2567 2291 2629 nisi

224 2654 390 2750 quod
422 2652 603 2716 bonis
635 2655 879 2729 placere
909 2653 1247 2729 cupiebam,
1286 2670 1499 2714 omnes
1529 2662 1628 2714 est
1655 2653 1912 2714 insidias
1944 2650 2287 2713 sceleratis-

222 2739 372 2797 sime
399 2738 798 2800 machinatus.
860 2738 967 2799 Ille
994 2739 1073 2799 ad
1105 2754 1248 2810 eoS,
1297 2754 1335 2797 a
1365 2736 1590 2813 quibus
1632 2736 2021 2810 audiebatur,
2066 2734 2291 2797 cotidie

219 2820 451 2896 aliquid
475 2822 554 2883 de
578 2839 675 2883 me
698 2821 823 2884 ficti
848 2822 1193 2884 adferebat.
1215 2822 1317 2882 ille
1339 2821 1643 2882 hominem
1666 2819 1811 2881 mihi
1831 2818 2292 2891 amicissimum,

219 2904 324 2964 Cn
353 2904 738 2981 Pompeium,
784 2906 1097 2978 monebat,
1142 2914 1209 2966 ut
1247 2921 1445 2965 meam
1489 2906 1738 2966 domum
1781 2910 2076 2966 metueret
2102 2911 2292 2977 atque

210 3005 259 3047 a
282 3004 380 3047 me
415 2986 553 3063 ipso
585 2996 859 3049 caveret·
894 2988 996 3049 ille
1024 3006 1094 3050 se
1123 2988 1215 3049 sic
1245 3005 1384 3049 cum
1414 2987 1659 3049 inimico
1692 3005 1827 3050 meo
1852 2989 2187 3064 copularat,
2219 2992 2292 3046 ut

208 3070 381 3132 illum
437 3087 611 3132 meae
659 3072 1156 3149 proscriptioniS,
1214 3090 1398 3148 quam
1427 3072 1786 3145 adiuvabat,
1834 3072 1978 3134 Sex.
2021 3068 2294 3167 Clodius,

207 3170 397 3226 homo
427 3163 502 3226 iis
533 3162 932 3239 dignissimus
958 3163 1328 3238 quibuscum
1354 3160 1525 3233 vivit,
1553 3158 1828 3222 baiulum
1851 3174 2011 3230 esse,
2044 3171 2117 3216 se
2138 3153 2292 3216 scri·

199 3256 456 3326 ptorem
485 3254 675 3322 [esse]
706 3247 969 3309 diceret:
1006 3247 1108 3308 ille
1138 3263 1299 3308 uuus
1329 3244 1565 3308 ordinis
1591 3244 1790 3305 nostri
1819 3242 2109 3304 discessu
2133 3255 2293 3310 mec,

206 3339 375 3397 luctu
411 3340 626 3394 vestro
664 3328 866 3410 palam
898 3331 1252 3393 exsultavit.
1338 3332 1429 3392 De
1461 3346 1584 3406 quo
1632 3343 1783 3406 ego,
1831 3344 2021 3403 quum
2065 3322 2296 3385 cotidie

202 3425 444 3489 rueret,
478 3418 735 3479 verbum
759 3415 905 3487 feci,
936 3415 1191 3489 iudices,
1217 3431 1582 3492 numquam·
1616 3429 1823 3489 neque
1844 3409 2077 3489 putavi,
2101 3424 2296 3483 quum
