2514 3928
61 233 169 288 129
724 226 887 287 CAP-
910 234 1103 287 2—5.
1146 231 1197 291 S.
1221 234 1255 288 6
1273 238 1452 291 —-1l.
2007 228 2124 292 427

56 385 123 437 et
168 373 594 450 amentissimi,
645 377 831 437 multo
875 375 1209 436 miseriora.
1294 377 1442 437 Nam
1488 394 1610 452 quo
1659 376 1854 440 maior
1902 377 1992 439 vis
2037 390 2130 440 est

56 458 247 519 animi
277 474 458 534 quam
489 458 789 532 corporis,
825 458 944 519 hoe
974 466 1118 520 sunt
1142 458 1427 532 graviora
1454 476 1549 532 ea,
1586 477 1744 535 quae
1776 460 2128 537 concipiun-

56 551 161 603 tur
181 540 398 613 animo,
432 558 613 615 quam
644 542 763 615 illa,
795 556 954 615 quae
985 555 1270 615 corpore.
1327 541 1608 602 Miserior
1641 542 1822 617 igitur
1855 543 1960 618 qui
1991 563 2126 607 sus-

56 625 210 699 cipit
237 624 297 683 in
325 639 397 683 se
424 625 629 684 scelus
664 622 946 698 quamtis,
977 623 1084 698 qui
1107 623 1356 684 alterius
1380 625 1618 685 facinus
1643 626 1849 686 subire
1872 628 2124 702 cogitur.

56 707 375 767 Cruciatus
414 715 510 767 est
546 724 586 766 a
613 706 922 767 Dolabella
952 706 1323 767 Trebonium
1366 716 1428 767 et
1461 707 1706 783 quidem
1747 726 1784 767 a
1811 709 2124 785 Karthagi-

56 788 373 850 niensibus
395 790 688 864 Regulus.
746 790 875 864 Qua
904 807 973 852 re
1008 807 1195 867 quum
1224 790 1633 851 erudelissimi
1659 789 1847 851 Poeni
1882 790 2124 854 iudicati

56 875 185 936 sint
216 874 276 935 in
303 877 501 951 hoste,
539 882 686 954 quid
719 882 778 940 in
813 879 952 941 eive
984 881 1063 939 de
1084 879 1403 940 Dolabella
1433 877 1826 939 iudicandum
1851 880 1984 939 est?
2023 881 2123 938 An

56 974 220 1020 vero
236 959 355 1022 hoe
388 965 829 1026 eonferendum
853 970 950 1023 est
978 971 1085 1023 aut
1105 962 1505 1023 dubitandum
1536 969 1683 1021 uter
1703 959 1984 1022 miserior
2007 961 2123 1022 sit?

56 1040 210 1110 isne,
245 1044 419 1107 euius
448 1055 705 1108 mortem
729 1056 985 1108 senatus
1014 1047 1412 1123 populusque
1438 1046 1755 1107 Romanus
1785 1044 1998 1105 ulcisci
2023 1060 2124 1105 eu-

54 1127 167 1200 pit,
203 1143 284 1187 an
306 1127 378 1201 is,
416 1132 519 1205 qui
542 1132 780 1192 eunetis
803 1137 1059 1191 senatus
1077 1128 1403 1191 sententiis
1424 1128 1622 1189 hostis
1655 1135 1750 1187 est
1777 1128 2125 1189 iudicatus?

56 1208 206 1267 Nam
241 1215 464 1275 ceteris
499 1214 745 1289 quidem
784 1215 945 1275 vitae
978 1213 1256 1290 partibus
1300 1213 1455 1288 quis
1480 1219 1578 1273 est
1607 1210 1712 1286 qui
1742 1212 1963 1288 possit.
1987 1211 2120 1272 sine

56 1292 339 1354 Trebonii
376 1295 639 1354 maxima
682 1293 1049 1354 conmme'lia
1099 1294 1378 1354 conserte
1433 1291 1617 1354 vitam
1658 1292 1942 1354 Trebonii
1994 1310 2133 1354 eum

56 1375 450 1437 Dolabellae-‘e
519 1369 787 1437 Alterius
816 1374 1156 1449 eonsilium,
1190 1374 2006 1451 ingeniumrhumanitatem,
2042 1375 2129 1436 in·

56 1457 419 1532 noeentiam,
450 1459 925 1535 magnitudinem
949 1458 1133 1519 animi
1155 1457 1213 1522 in
1242 1458 1435 1535 patria
1459 1458 1774 1522 liberanda
1798 1459 1937 1535 quis
1961 1458 2131 1534 igno-

56 1548 193 1601 rat?
247 1542 414 1602 alteri
460 1559 498 1601 a
542 1559 735 1617 puero
787 1559 899 1618 pro
944 1539 1177 1606 deliciis
1221 1543 1552 1603 crudelitas
1599 1542 1737 1604 fuit=
1793 1541 2019 1603 deinde
2057 1559 2131 1604 ea

56 1623 373 1685 libidinum
399 1624 730 1699 turpitude,
758 1634 827 1687 ut
856 1622 916 1685 in
951 1624 1072 1686 hoo
1103 1625 1183 1686 sit
1209 1642 1457 1701 semper
1486 1624 1623 1701 ipse
1654 1628 1929 1699 laetatuS,
1960 1626 2132 1701 quod

56 1725 128 1767 ea
172 1709 430 1780 facerem
486 1724 647 1782 quae
687 1707 806 1769 sibi
849 1705 1030 1769 obiici
1074 1723 1153 1768 ne
1198 1709 1276 1768 ab
1317 1707 1563 1769 inimico
1594 1708 1840 1784 quidem
1873 1718 2132 1783 possent

56 1791 428 1854 verecundo.
498 1789 599 1853 10.
644 1791 721 1852 Ει
748 1790 867 1863 hic,
898 1790 960 1851 di
990 1789 1389 1858 immortales!
1435 1791 1765 1866 aliquando
1798 1790 1911 1852 suit
1937 1807 2128 1853 meus,

56 1873 306 1935 Occulta
332 1871 491 1935 enim
513 1881 686 1935 erant
711 1871 856 1935 vitia
885 1889 1008 1934 non
1037 1873 1384 1951 inquirenti.
1443 1876 1654 1950 Neque
1679 1890 1840 1936 nune
1865 1876 2129 1935 fortasse

56 1956 290 2018 alienus
333 1957 411 2017 ab
445 1974 519 2018 eo
552 1973 789 2031 essem,
836 1955 952 2017 nisi
985 1956 1087 2018 ille
1115 1957 1324 2032 vobis,
1368 1956 1488 2019 nisi
1523 1958 1845 2023 moenibus
1877 1958 2126 2034 patriae,

56 2039 171 2100 nisi
213 2038 356 2100 huie
394 2039 559 2114 urbi,
601 2039 720 2100 nisi
760 2040 855 2102 dis
884 2041 1238 2115 penatibuS‚
1283 2041 1399 2102 nisi
1428 2042 1552 2102 aris
1587 2050 1647 2104 et
1675 2041 1831 2102 foois
1862 2041 2128 2102 omnium

56 2130 363 2196 nostrum,
410 2123 528 2182 nisi
572 2120 837 2198 denique
872 2132 1124 2185 naturae
1166 2133 1226 2186 et
1259 2125 1612 2186 humanitati
1642 2124 1927 2185 inventus
1961 2131 2132 2184 esset

56 2204 355 2266 inimicus.
440 2208 498 2265 A
542 2221 667 2281 quo
708 2205 996 2313 admoniti
1040 2207 1391 2283 diligentius
1430 2217 1490 2270 et
1521 2207 1868 2283 vigilantius
1911 2221 2129 2267 cavea·

56 2306 187 2349 nus
218 2287 570 2349 Antonium

171 2373 251 2430 V.
293 2371 548 2433 Etenim
557 2372 871 2435 Dolabella
912 2390 1036 2437 non
1078 2373 1160 2434 ita
1202 2375 1428 2437 multos
1467 2390 1678 2438 seeum
1708 2375 1919 2436 habuit
1943 2382 2127 2436 notos

56 2461 234 2529 lique
278 2453 555 2530 insignes
596 2457 885 2516 latrones.
973 2460 1054 2517 At
1094 2455 1317 2518 videtis
1366 2475 1526 2534 quos
1566 2468 1631 2519 et
1671 2475 1852 2533 quam
1903 2458 2125 2518 multos

56 2537 269 2599 iabeat
295 2538 621 2600 Antonius,
707 2538 970 2600 Primum
996 2540 1061 2598 L.
1102 2541 1365 2603 fratrem.
1453 2541 1643 2616 Quam
1676 2542 1890 2613 facem,
1923 2539 1984 2600 di
2017 2540 2126 2599 im·

56 2621 364 2681 nortales!
412 2623 580 2697 quod
610 2620 880 2683 facinus!
919 2623 1085 2697 quod
1107 2625 1345 2684 scelus!
1378 2641 1561 2700 quem
1579 2622 1912 2699 gurgitem!
1943 2637 2125 2696 quam

56 2701 431 2780 voraginem!
507 2704 664 2779 Quid
693 2721 833 2766 eum
862 2722 985 2769 non
1015 2707 1268 2768 sorbere
1301 2708 1523 2782 animo,
1555 2705 1701 2782 quid
1733 2723 1856 2767 non
1882 2702 2126 2765 haurire

56 2786 446 2861 zogitatione,
482 2788 662 2849 ouius
702 2787 1059 2864 sanguinem
1101 2806 1224 2849 non
1254 2791 1467 2855 bibere
1498 2788 1809 2852 censetis?
1851 2787 1910 2849 in
1947 2788 2122 2851 euius

56 2868 487 2931 ›ossessiones
533 2879 740 2947 atque*
777 2872 1053 2934 fortunas
1107 2890 1230 2934 non
1281 2872 1848 2950 impudentissimos
1907 2871 2122 2933 oculos

56 2967 160 3025 spe
185 2959 256 3012 et.
281 2960 483 3014 mente
516 2954 864 3029 defigeret>
885 2954 984 3017 11.
1019 2954 1175 3029 Quid
1208 2955 1657 3021 Censorinum?
1695 2957 1798 3032 qui
1827 2972 1899 3017 se
1929 2955 2120 3016 verbo

56 3041 389 3095 >metor-em
435 3052 580 3097 esse
622 3039 922 3099 urbanum
972 3054 1200 3113 cupere
1251 3039 1526 3113 dicebat,
1576 3055 1643 3099 re
1694 3047 1860 3100 eerte
1912 3038 2123 3100 noluit.

56 3115 198 3190 2uid
249 3118 563 3180 Bestiam?
625 3121 727 3197 qui
778 3123 1161 3185 consulatum
1218 3123 1278 3183 in
1329 3123 1500 3187 Bruti
1538 3125 1745 3183 locum
1793 3139 1864 3183 se
1913 3131 2124 3198 petere

56 3197 408 3261 ›rofltetur·
405 3211 618 3278 atque
659 3204 778 3265 hoe
818 3205 1066 3280 quidem
1108 3206 1469 3269 detestabile
1513 3221 1693 3267 omen
1722 3213 1957 3267 avertat
1983 3206 2124 3277 Iup-

56 3283 231 3346 ›iteri
279 3290 498 3362 Quam
509 3293 841 3354 absurdum
880 3301 1114 3364 autem,
1158 3294 1263 3368 qui
1295 3302 1548 3368 praetor
1576 3291 1708 3353 lieri
1736 3306 1863 3353 non
1896 3296 2111 3365 potue·

56 3365 148 3440 vit,
192 3381 410 3445 petere
451 3388 592 3436 eum
636 3379 1067 3437 consulatum?
1118 3375 1246 3438 Nisi
1292 3378 1453 3438 forte
1492 3377 1950 3437 damnationem
1994 3385 2109 3446 pro

56 3461 335 3515 ›raetura
368 3465 561 3535 putat.
626 3462 802 3522 Alter
832 3461 1058 3522 Caesar
1085 3460 1400 3536 Vopiseus
1438 3460 1540 3520 ille
1567 3473 1811 3522 summo
1841 3452 2113 3529 ingenio.
2148 3472 2149 3475 ¹

1752 3558 1781 3581 f
