2514 3928
170 195 239 247 13
767 183 931 243 CAP.
968 192 1232 245 13—15.
1279 189 1331 248 s.
1365 190 1434 242 32
1454 144 1628 244 -'3g‚
2126 184 2252 248 311

167 334 390 412 populi
438 342 700 395 versus?
741 333 886 408 quid
915 332 1186 406 Pompeii
1224 340 1461 393 statuae
1500 334 1755 407 plausus
1804 331 2062 395 infiniti?
2104 338 2254 411 quid

165 419 417 479 duobus
441 416 699 477 tribunis
722 415 937 491 plebiS,
975 415 1080 490 qui
1100 414 1280 474 vobis
1304 416 1750 476 adversantur?
1782 433 2073 491 parumne
2095 419 2255 481 haec

166 501 523 576 significant
562 498 993 560 incredibiliter
1032 499 1512 558 consentientem
1555 498 1767 574 populi
1809 500 2066 561 Romani
2116 505 2246 563 uni-

163 583 339 644 versi
370 585 741 645 voluntatem
763 590 792 641 ’ἕ
824 582 1022 655 Quid?
1048 581 1492 655 Apollinarium
1537 581 1816 641 ludorum
1860 585 2112 657 plausus
2149 588 2248 647 vel

164 665 521 729 testimonia
552 665 756 743 potius
792 675 851 726 et
878 664 1103 727 iudicia
1127 665 1341 739 populi
1362 663 1619 724 Romani
1649 681 1862 739 parum
1893 684 2112 742 magna
2138 686 2244 729 vo-

161 752 267 811 bis
305 750 709 811 videbantur?
749 748 795 810 Ο
828 750 1041 809 beatos
1075 747 1244 822 illos,
1279 746 1416 823 qui,
1449 764 1631 823 quum
1663 749 1888 808 adesse
1920 750 2075 824 ipsis
2108 769 2245 826 pro-

162 843 309 911 pter
337 832 455 892 vim
488 850 793 894 armorum
828 850 946 893 non
979 832 1513 905 licebat,‘aderant
1549 840 1745 891 tamen
1778 839 1837 891 et
1867 830 1925 891 in
1959 834 2240 895 medullis

164 916 388 994 populi
415 918 672 978 Romani
709 933 782 977 ac
810 916 1152 976 visceribus
1182 915 1544 976 haerebant!
1569 914 1696 974 Nisi
1723 916 1878 975 forte
1905 915 2097 975 Accio
2122 925 2246 977 tum

167 1001 378 1077 plaudi
410 1009 471 1062 et
502 999 891 1075 sexagesimo
927 1007 1066 1074 post
1099 1015 1260 1059 anno
1298 1000 1556 1074 palmam
1579 997 1735 1073 dari,
1766 1014 1888 1058 non
1918 998 2107 1059 Bruto
2135 1017 2244 1074 pu-

165 1084 407 1157 tabatiS‚
442 1086 543 1160 qui
579 1083 738 1144 ludis
767 1082 897 1144 suis
927 1082 1009 1142 ita
1039 1083 1250 1156 caruit,
1279 1091 1344 1143 ut
1373 1082 1431 1141 in
1463 1083 1564 1142 illo
1601 1081 2071 1158 apparatissimo
2104 1093 2244 1158 spe·

163 1170 410 1228 ctaculo
445 1167 709 1228 studium
741 1168 1009 1241 populus
1038 1167 1352 1226 Romanus
1375 1169 1668 1230 tribueret
1690 1167 1958 1239 absenti,
2000 1165 2244 1228 deside-

167 1252 328 1310 rium
364 1251 704 1312 liberatoris
732 1250 829 1309 sui
864 1256 1162 1323 perpetuo
1195 1250 1415 1323 plausu
1443 1258 1503 1309 et
1530 1252 1794 1309 clamore
1826 1249 2060 1309 leniret.

294 1332 396 1395 37.
429 1334 725 1408 Equidem
746 1334 797 1393 is
829 1347 984 1407 sum,
1021 1331 1125 1406 qni
1156 1332 1311 1393 istos
1334 1335 1608 1406 planem,
1637 1348 1820 1406 quum
1845 1332 2242 1406 popularibus

165 1415 413 1478 civibus
444 1418 878 1487 tribuerentur,
924 1431 1170 1490 semper
1203 1415 1703 1489 contempserim:
1735 1414 2022 1489 idemque
2059 1431 2246 1490 quum

167 1519 204 1561 a
234 1500 522 1574 summis,
566 1498 812 1571 mediiS,
844 1498 1098 1571 infimiS,
1131 1516 1318 1573 quum
1351 1498 1615 1572 denique
1662 1498 1738 1557 ab
1780 1497 2085 1558 universis
2129 1498 2246 1559 hoc

164 1585 333 1645 idem
364 1586 431 1645 fit
472 1600 781 1660 quumque
813 1582 884 1656 ii,
917 1582 1020 1656 qui
1050 1591 1191 1643 ante
1222 1580 1401 1657 sequi
1437 1580 1649 1656 populi
1680 1596 2052 1641 consensum
2084 1582 2243 1642 sole·

164 1670 343 1738 bant,
395 1668 657 1743 fugiunt,
702 1684 819 1727 non
856 1668 1135 1740 plausum
1168 1666 1366 1737 illum,
1416 1666 1528 1724 sed
1557 1663 1846 1724 iudicium
1883 1672 2049 1737 puto.
2138 1664 2243 1746 Sin

173 1747 329 1806 haec
356 1747 589 1807 leviora
612 1747 793 1808 vobis
807 1746 1113 1816 videntur,
1144 1763 1306 1822 quae
1330 1753 1476 1807 sunt
1495 1748 1878 1823 gravissima,
1904 1762 2047 1809 num
2064 1746 2243 1806 etiam

175 1831 297 1889 hoc
329 1831 737 1903 contemnitiS,
777 1830 944 1906 quod
983 1830 1268 1891 sensistis
1301 1837 1426 1890 tam
1457 1846 1660 1891 caram
1692 1836 1928 1909 populo
1960 1833 2241 1891 Romano

172 1914 367 1973 vitam
398 1916 471 1975 A.
497 1915 670 1975 Hirtii
698 1915 932 1977 fuisse?
977 1914 1141 1976 Satis
1178 1917 1511 1976 eratenim
1542 1917 1867 1991 probatum
1899 1919 2066 1977 illum
2098 1929 2244 1975 esse

175 2000 414 2072 populo
446 2001 745 2071 Roman0,
776 2007 844 2059 ut
875 2009 995 2060 est:
1029 2000 1362 2059 iucundum
1392 1999 1624 2070 amicis,
1656 2001 1716 2060 in
1742 2019 1866 2076 quo
1898 2001 2086 2061 viucit
2117 2001 2243 2060 om'-

176 2096 326 2140 nes:
372 2096 578 2141 carum
610 2081 771 2154 suiS,
805 2083 1028 2156 quibus
1058 2090 1155 2142 est
1185 2083 1322 2157 ipse
1349 2083 1739 2145 carissimus:
1775 2093 2005 2146 tantam
2041 2092 2242 2144 tamen

178 2162 652 2225 sollicitudinem
678 2166 1000 2237 bonorum,
1028 2173 1260 2227 tantum
1281 2165 1563 2226 timorem
1594 2171 1862 2229 omnium
1887 2169 1947 2229 in
1973 2184 2098 2242 quo
2124 2182 2240 2226 me-

178 2246 512 2308 minimus?
559 2249 735 2310 Certe
778 2249 840 2309 in
891 2251 1080 2310 nullo.
1167 2247 1268 2311 38.
1317 2251 1471 2324 Quid
1513 2250 1732 2326 igitur?
1781 2253 1902 2314 hoc
1940 2269 2090 2323 vos,
2132 2266 2246 2327 per

175 2334 335 2393 deos
370 2331 775 2393 immortales!
822 2336 1007 2408 quale
1037 2333 1273 2396 sitnon
1318 2333 1841 2410 interpretamini?
1890 2334 2085 2412 Quid?
2131 2351 2245 2395 eos

164 2417 258 2476 ‘de
292 2423 500 2476 vestra
542 2416 663 2477 vita
694 2417 967 2492 cogitare
1011 2433 1133 2477 non
1177 2418 1478 2491 censetiS,
1524 2420 1749 2494 quibus
1792 2436 2037 2492 eorum,
2083 2435 2246 2495 quos

178 2507 436 2574 sperant
467 2500 555 2559 rei
583 2501 869 2575 publicae
898 2502 1326 2573 consulturos,
1357 2501 1482 2561 vita
1516 2511 1638 2563 tam
1670 2520 1812 2563 cara
1847 2504 1963 2564 sit?

306 2583 452 2658 Cepi
485 2585 764 2654 fructum,
800 2592 1011 2660 patres
1044 2584 1408 2658 conscripti,
1445 2586 1827 2647 reversionis
1858 2602 2049 2658 meae,
2094 2602 2247 2662 quo·

179 2667 339 2727 niam
370 2675 432 2726 et
462 2684 536 2728 ea
561 2669 714 2740 dixi,
760 2676 829 2729 ut
865 2669 1242 2744 quicumque
1281 2683 1466 2728 casus
1497 2677 1873 2731 consecutus
1906 2678 2104 2740 esset,
2138 2686 2258 2730 ex·-

179 2758 371 2812 staret
415 2752 804 2812 constantiae
848 2767 1023 2812 meae
1067 2751 1514 2821 testimonium,
1561 2762 1624 2814 et
1664 2770 1803 2813 sum
1844 2769 1883 2814 a
1923 2753 2102 2815 vobis
2142 2754 2246 2815 be-

179 2836 361 2911 nigne
402 2851 476 2895 ac
507 2836 830 2910 diligenter
860 2837 1123 2897 auditus,
1214 2836 1384 2909 Quae
1416 2843 1698 2911 potestas
1733 2837 1788 2898 si
1820 2837 1959 2897 mihi
1991 2836 2244 2914 saepius

179 2920 309 2978 sine
341 2933 479 2978 meo
516 2929 849 2995 vestroque
885 2921 1161 2996 periculo
1193 2919 1328 2987 fiet,
1374 2926 1542 2980 utar:
1589 2919 1644 2980 si
1679 2921 1908 2994 minuS,
1948 2930 2245 2997 quantum

180 3010 431 3076 potero,
486 3020 606 3064 non
657 3011 780 3064 tam
835 3004 977 3065 mihi
1027 3020 1125 3065 me
1168 3019 1354 3078 quam
1402 3004 1493 3064 rei
1541 3005 1828 3080 publicae
1878 3007 2245 3066 reservabo.

182 3086 320 3146 Mihi
350 3087 480 3146 rere
510 3089 659 3148 satis
696 3096 791 3159 est
821 3089 989 3163 quod
1021 3087 1147 3148 vixi
1180 3088 1284 3146 vel·
1309 3087 1389 3146 ad
1421 3094 1683 3149 aetatem
1718 3091 1813 3150 vel
1843 3091 1923 3153 ad
1950 3088 2249 3166 gloriam:

181 3171 297 3230 h'uc
338 3170 391 3229 si
437 3171 584 3244 quid
626 3174 989 3244 accesserit,
1041 3189 1163 3232 non
1210 3178 1333 3231 tam
1383 3170 1527 3231 mihi
1571 3189 1757 3247 quam
1800 3174 1993 3239 vobis*
2029 3172 2253 3247 reique

183 3253 461 3330 publicae
490 3256 841 3316 accesserit.
