2514 3928
189 167 277 231 40
769 164 919 226 PRO
965 165 1030 225 Ρ.
1076 162 1342 224 SESTlO
1391 161 1696 223 ORATlO.

192 337 326 384 rem
357 316 665 395 publicam
696 315 1259 394 propugnatoribus
1284 314 1748 376 arbitrabantur.
1793 313 2273 376 Frumentariam

194 406 391 479 legem
423 401 486 462 C.
522 401 835 463 Gracchus
868 401 1116 462 ferebat.
1160 401 1434 460 Iucunda
1469 415 1571 459 res
1608 398 1838 474 plebei=
1885 397 2083 460 victus
2113 395 2275 459 enim

196 485 709 563 suppeditabatur
741 487 910 560 large
943 485 1079 545 sine
1110 483 1340 544 labore.
1398 484 1850 558 Repugnabant
1877 482 2057 557 boni,
2105 485 2275 559 quod

193 581 253 632 et
287 572 365 630 ab
400 570 697 630 industria
732 570 971 644 plebem
1004 569 1081 627 ad
1112 567 1414 628 desidiam
1453 566 1701 627 avocari
1750 567 2046 642 putabant
2074 577 2134 629 et
2171 584 2271 629 ae-

195 655 422 716 rarium
455 654 761 714 exhauriri
796 653 1107 713 videbant.

358 730 562 798 XLIX.
602 738 789 798 Multa
814 738 993 798 etiam
1020 745 1227 796 nostra
1251 733 1562 809 memoria,
1598 750 1757 810 quae
1789 736 2072 796 consulto
2096 752 2271 811 prae·

195 830 392 897 tere0,
443 824 686 883 suerunt
724 821 786 881 in
836 836 908 881 ea
946 819 1368 894 contentione,
1417 827 1480 880 ut
1524 818 1840 894 popularis
1890 818 2193 894 cupiditas
2236 838 2270 879 a

191 907 450 968 consilio
483 905 826 981 principum
857 903 1204 965 dissideret.
1263 901 1403 964 104.
1435 902 1607 963 Nunc
1642 902 1762 962 iam
1799 901 1946 963 nihil
1976 911 2073 964 est
2104 905 2271 978 quod

194 991 463 1066 populus
506 1006 544 1049 a
597 989 852 1049 delectis
910 987 1418 1064 principibusque
1473 985 1822 1057 dissentiat,
1883 1003 1999 1047 nec
2040 986 2270 1062 flagitat

191 1091 317 1134 rem
351 1074 533 1134 ullam
575 1089 779 1148 neque
822 1088 1119 1134 novarum
1159 1088 1363 1131 rerum
1409 1079 1505 1131 est
1547 1070 1810 1146 cupidus
1866 1078 1927 1131 et
1970 1072 2095 1133 otio
2154 1089 2271 1133 suo

190 1166 252 1218 et
282 1157 574 1233 dignitate
605 1157 815 1232 optimi
846 1157 1149 1232 cuiusque
1178 1164 1238 1215 et
1284 1154 1610 1215 universae
1641 1154 1729 1214 rei
1758 1153 2042 1230 publicae
2074 1154 2290 1230 gloria,

190 1244 546 1303 delectatur.
643 1242 856 1317 ltaque
908 1240 1189 1301 homines
1248 1238 1530 1300 seditiosi
1580 1255 1655 1298 ac
1710 1238 2069 1313 turbulenti,
2128 1239 2269 1314 quia

189 1328 354 1386 nulla
397 1326 517 1386 iam
559 1325 882 1402 largitione
928 1326 1225 1401 populum
1255 1325 1595 1384 Romanum
1645 1322 1954 1384 concitare
1984 1332 2270 1398 possunt,

191 1410 360 1485 quod
408 1410 621 1486 plebes
669 1411 988 1485 perfuncta
1034 1407 1416 1484 gravissimis
1458 1406 1866 1468 seditionibus
1910 1422 1985 1467 ac
2030 1406 2267 1469 discor·

189 1494 308 1553 diis
345 1495 533 1555 otium
574 1496 988 1568 amplexatur,
1037 1493 1377 1553 conductas
1408 1491 1636 1553 habent
1666 1491 2020 1564 contioneS,
2065 1507 2270 1568 neque

188 1579 250 1637 id
270 1580 501 1652 agunt,
531 1585 597 1639 ut
627 1594 699 1638 ea
735 1578 942 1638 dicant
971 1585 1076 1637 aut
1105 1578 1330 1649 serant,
1367 1592 1525 1650 quae
1555 1575 1640 1635 illi
1666 1576 1853 1636 velint
1884 1574 2127 1649 audire,
2164 1576 2268 1651 qui

186 1661 245 1721 in
282 1662 569 1722 contione
605 1667 776 1734 sunt,
809 1662 920 1720 sed
957 1659 1153 1734 pretio
1185 1676 1260 1719 ac
1291 1661 1576 1720 mercede
1615 1659 1967 1735 perficiunt,
1998 1668 2063 1720 ut
2093 1660 2265 1734 quid-

189 1744 340 1820 quid
383 1745 618 1814 dicant,
664 1743 725 1803 id
767 1745 847 1802 illi
895 1746 1053 1804 velle
1094 1744 1308 1803 audire
1352 1743 1688 1804 videantur.
1762 1740 1903 1806 105.
1949 1743 2104 1804 Num
2150 1760 2269 1803 vos

189 1826 554 1887 existimatis
584 1827 895 1899 Gracchos
926 1837 1030 1889 aut
1065 1827 1459 1889 Saturninum
1492 1837 1596 1888 aut
1628 1844 1997 1904 quemquam
2029 1828 2266 1889 illorum

188 1918 493 1986 veterum,
527 1910 631 1987 qui
668 1914 1001 1987 populares
1033 1911 1442 1985 habebantur,
1486 1913 1671 1973 ullum
1705 1928 1992 1987 umquam
2025 1912 2084 1972 in
2122 1928 2264 1974 con—

187 1996 353 2056 tione
382 1994 676 2056 habuisse
706 1997 1117 2057 conductum?
1172 1997 1363 2057 Nemo
1405 1997 1631 2058 habuit.
1705 1998 1847 2073 Ipsa
1883 1996 2042 2056 enim
2088 1998 2258 2072 largi·

188 2080 270 2139 tio
301 2089 362 2141 et
390 2096 541 2154 spes
574 2082 875 2141 commodi
922 2081 1225 2156 propositi
1269 2080 1403 2141 sine
1447 2081 1732 2141 mercede
1773 2082 1897 2142 ulla
1938 2081 2264 2142 multitudi·
2309 2115 2314 2120 -

189 2178 324 2223 nem
351 2163 716 2225 concitabat.
760 2166 972 2240 Itaque
996 2165 1375 2240 temporibus
1400 2164 1549 2236 inis,
1584 2165 1688 2240 qui
1714 2166 2049 2241 populares
2074 2176 2269 2236 erant,

186 2246 584 2308 offendebant
625 2248 707 2307 illi
758 2247 1006 2324 quidem
1048 2249 1213 2325 apud
1261 2265 1484 2325 graves
1518 2258 1580 2310 et
1619 2249 1922 2311 honestos
1963 2249 2264 2319 homines,

186 2332 300 2391 sed
331 2332 542 2406 populi
580 2331 821 2392 iudiciis
857 2342 1042 2409 atque
1079 2332 1242 2393 omni
1289 2333 1736 2409 significatione
1778 2331 2095 2394 florebant.
2154 2334 2267 2393 His

185 2415 246 2475 in
276 2415 512 2476 theatro
545 2417 976 2491 plaudebatur=
1013 2417 1074 2476 hi
1105 2416 1415 2492 suffragiis
1450 2417 1616 2493 quod
1649 2419 2091 2479 contenderant
2119 2433 2263 2478 con-

184 2500 634 2574 sequebantur:
665 2501 883 2561 horum
913 2500 1469 2578 homines-nomen,
1506 2500 1859 2574 orationem,
1894 2503 2142 2572 vultum,
2172 2501 2263 2561 in·

184 2599 430 2645 cessum
456 2586 759 2646 amabant.
807 2584 919 2659 Qui
948 2594 1147 2646 autem
1173 2586 1661 2646 adversabantur
1682 2588 1736 2646 ei
1768 2585 2010 2661 generi,
2041 2600 2265 2660 graves

183 2676 244 2728 et
275 2670 476 2746 magni
511 2668 792 2730 homines
823 2668 1232 2731 habebantur:
1284 2670 1396 2730 sed
1439 2671 1732 2731 valebant
1762 2670 1823 2729 in
1863 2678 2082 2731 senatu
2110 2671 2262 2730 mul-

179 2761 338 2824 tum,
383 2754 550 2829 apud
591 2754 792 2814 bonos
836 2753 1003 2814 viros
1050 2753 1402 2830 plurimum:
1445 2753 1810 2815 multitudini
1846 2752 2095 2815 iucundi
2142 2771 2262 2814 non

180 2844 381 2909 erant,
431 2836 743 2912 suffragiis
778 2837 1208 2898 offendebatur
1249 2854 1444 2913 saepe
1477 2854 1689 2899 eorum
1732 2840 2046 2899 voluntas:
2094 2839 2261 2911 plau-

181 2937 318 2980 sum
346 2935 497 2979 vero
530 2920 711 2981 etlam
743 2920 798 2980 si
830 2921 968 2998 quis
1006 2923 1216 2983 eorum
1246 2921 1580 2997 aliquando
1611 2930 1965 2998 acceperat,
1999 2937 2076 2981 ne
2113 2921 2261 2995 quid

182 3013 515 3078 peccasset
546 3002 1036 3080 pertimescebat.
1093 3008 1190 3066 ’Ac
1210 3015 1441 3078 tamen,
1478 3005 1531 3067 si
1567 3023 1726 3083 quae
1757 3022 1858 3067 res
1891 3015 2021 3067 erat
2049 3006 2261 3078 maior,

178 3085 342 3147 idem
398 3086 499 3148 ille
564 3088 832 3163 populus
884 3088 1101 3150 horum
1162 3089 1527 3151 auctoritate
1587 3088 1852 3150 maxime
1915 3106 2260 3151 commove-

179 3171 373 3232 batur.

345 3256 412 3314 L.
460 3255 603 3319 106.
647 3256 851 3330 Nunc,
882 3254 1000 3316 nisi
1030 3273 1126 3317 me
1162 3255 1341 3332 fallit,
1386 3256 1443 3317 in
1478 3273 1552 3318 eo
1584 3267 1742 3320 statu
1773 3257 1991 3320 civitas
2020 3266 2144 3333 est,
2177 3263 2269 3329 ut,

178 3337 231 3399 si
283 3355 507 3415 operas
546 3341 990 3402 conductorum
1022 3340 1395 3414 removeris,
1442 3357 1658 3403 omnes
1701 3341 1863 3403 idem
1910 3343 1990 3402 de
2033 3357 2102 3401 re
2151 3357 2268 3417 pu-

176 3422 338 3484 blica
368 3423 613 3485 sensuri
645 3442 789 3486 esse
821 3423 1160 3487 videantur.
1227 3425 1465 3486 Etenim
1502 3424 1696 3487 tribus
1739 3424 1893 3487 locis
1926 3424 2262 3501 significari
