2514 3928
209 159 428 195 xxxvxn
664 139 1051 193 PROOEMIUM
1086 136 1416 190 EDITIONIS
1453 136 1824 191 SECUNDAE.

210 281 394 345 scripsi
432 294 525 345 pro
563 280 828 346 quondam.
900 277 1026 344 Cap.
1050 280 1133 329 20.
1176 278 1225 340 5.
1251 278 1336 326 45.
1370 276 1644 327 hominibus
1676 277 1804 326 iuris
1845 279 2165 341 peritissimis
2201 293 2295 344 pro

209 348 434 398 omnibus
467 349 502 401 i.
538 362 592 412 p.
631 347 744 412 ipse
779 360 985 408 quoque
1020 360 1153 394 nunc
1187 343 1361 408 accepi
1398 358 1427 392 a
1461 343 1589 392 libro
1625 341 1812 393 Ursini.
1860 344 1908 404 5.
1934 346 2017 398 46.
2055 346 2156 394 iam
2180 362 2295 396 cum

209 415 389 464 ceteris
425 415 612 463 criticis
648 414 858 479 scripsi:
915 413 1213 478 religione?
1248 411 1312 461 Is
1362 411 1517 473 igitur
1557 410 1870 474 Iguvinatem
1906 421 1998 461 etc.
2069 413 2124 463 Id
2161 415 2298 463 enim

211 482 263 530 in
316 481 615 546 corruptelis
669 481 912 531 librorum
963 480 1118 530 latere
1167 479 1383 528 videtur.
1457 477 1505 540 5.
1529 479 1613 529 47.
1660 492 1688 526 e
1732 477 1874 527 libris
1922 480 2022 528 iam
2066 483 2300 545 quoniam

209 552 370 600 oculis
406 565 505 600 non
536 551 751 613 potestis
785 563 879 613 pro
918 563 1060 613 quem
1094 563 1140 598 o.
1176 563 1226 596 n.
1257 562 1316 610 p.
1352 545 1536 609 recepi,
1574 554 1622 594 et
1656 547 1899 595 delectum
1937 561 2028 611 pro
2064 549 2296 598 dilectum

212 616 457 678 (itemque
491 617 538 677 5.
563 615 672 678 49.)
710 628 757 665 et
779 615 1114 681 Iguvinatium
1148 628 1242 679 pro
1262 613 1599 676 Fulyinatium
1632 612 1786 665 edidi.
1844 611 1966 678 Cap.
2004 616 2086 664 22.
2127 615 2178 677 5.
2215 617 2299 667 50.

208 693 330 749 post
369 684 665 734 Camertium
700 693 906 733 auctore
940 682 1070 735 Lud.
1101 681 1277 746 Lange
1311 680 1471 730 adieci
1523 679 1575 730 0.
1612 678 1830 730 Marivm.
1873 681 2095 744 itemque
2129 682 2177 742 5.
2217 682 2299 733 51.

210 759 334 816 post
368 753 505 816 quod
540 749 596 812 Q.
616 751 874 801 Metellum
918 760 1124 800 auctore
1167 749 1369 798 Baitero
1415 749 1553 813 quod
1583 746 1661 799 M.
1699 746 1952 800 Cras-eunt.
2022 748 2211 798 Eadem
2248 749 2297 809 5.

209 817 315 868 fere
350 829 575 867 extrema
609 831 707 883 ego
742 819 841 867 iam
878 817 930 866 in
976 816 1036 877 Q.
1072 816 1226 865 Ennii
1268 815 1437 865 verbis
1481 813 1689 880 scripsi:
1751 813 1987 881 Quisquis
2028 817 2155 867 erit.-
2211 832 2298 866 cu·

206 887 328 935 iacis
360 887 460 935 siet
485 921 496 934 .
528 922 541 935 .
573 922 586 936 .
616 921 627 933 .
667 895 716 934 et
750 880 900 934 credo
936 885 1046 935 eius
1083 883 1223 933 modi
1259 883 1560 932 sententiam
1597 881 1716 931 olim
1753 882 1891 947 apud
1916 883 2136 933 Ennium
2172 883 2299 932 scri-

207 962 352 1016 ptum
396 951 591 1001 fuisse:
651 953 833 1002 cuiatis
875 952 998 1010 siet,
1046 952 1120 1001 nil
1159 964 1302 1002 curo.
1371 947 1500 999 Nam
1545 951 1728 1000 cuiatis
1769 951 1891 1009 ciet,
1948 950 2088 1012 quod
2133 950 2298 1000 estin

207 1019 383 1068 codice
433 1018 664 1069 Parisino
719 1029 893 1084 aperte
942 1018 1207 1083 scriptum,
1261 1014 1327 1066 ex
1377 1018 1519 1067 cuius
1551 1019 1772 1068 civitatis
1824 1020 1894 1068 eit
1950 1028 2124 1067 natum
2181 1032 2301 1066 esse

209 1087 415 1135 omnino
475 1084 714 1135 credibile
765 1100 869 1135 non
929 1095 1024 1140 est,
1112 1084 1426 1134 Nominativi
1491 1093 1662 1134 autem
1722 1084 1887 1134 forma
1946 1086 2127 1135 cuiatis
2201 1099 2298 1148 pro

206 1156 348 1203 cuias
382 1154 508 1203 satis
544 1162 730 1202 testata
764 1163 841 1203 est
874 1168 906 1202 a
940 1152 1302 1218 grammaticis,
1374 1151 1543 1200 Verba
1577 1161 1773 1202 autem=
1820 1151 2027 1202 Habent
2059 1151 2155 1201 ltoc
2189 1155 2299 1202 leve

206 1229 259 1270 et
299 1237 498 1285 semper
540 1220 821 1271 habuerunt
864 1221 1103 1272 usitatam
1148 1218 1407 1270 Ciceronis
1454 1219 1735 1269 orationem
1771 1218 1957 1269 habent
1995 1233 2059 1268 ne
2096 1233 2162 1267 ue
2193 1217 2297 1278 his,

206 1303 339 1349 quae
372 1288 424 1337 in
460 1287 598 1337 libris
629 1288 865 1338 omnibus
890 1288 1154 1347 habentur,
1181 1286 1283 1337 ulla
1306 1287 1549 1336 correctio
1574 1286 1804 1337 adhiberi
1838 1295 2025 1350 potest.
2111 1287 2297 1350 ap.23.

211 1355 264 1417 5.
291 1357 372 1406 52.
427 1356 502 1408 M.
545 1356 721 1408 Cassio
757 1357 855 1405 iam
894 1371 922 1405 e
956 1356 1097 1405 libris
1132 1355 1346 1419 reposui
1378 1367 1473 1418 pro
1509 1353 1591 1407 M.
1628 1353 1814 1404 Crasso
1860 1363 1909 1403 et
1943 1363 2064 1418 post
2093 1354 2302 1418 populis

206 1422 368 1473 adieci
402 1429 534 1475 suni.
605 1421 730 1490 Gap.
759 1425 843 1474 24.
892 1422 942 1485 5.
978 1425 1061 1474 55.
1117 1437 1145 1471 e
1187 1422 1330 1471 libris
1375 1435 1511 1470 nunc
1556 1435 1652 1485 ego
1699 1435 1901 1483 quoque
1947 1421 2082 1471 edidi
2117 1427 2302 1470 curata

204 1496 323 1540 sunt
364 1505 564 1555 semper
606 1503 701 1554 pro
741 1504 942 1553 semper
983 1495 1163 1539 curata
1194 1495 1328 1538 eunt.
1409 1485 1532 1553 Cap.
1559 1490 1643 1541 25.
1691 1488 1737 1550 5.
1766 1489 1848 1540 56.
1910 1489 2164 1539 Vennonii
2201 1501 2297 1551 pro

214 1557 435 1608 Venonii
475 1557 720 1606 librorum
767 1556 1118 1605 auctoritatem
1162 1565 1369 1606 secutus
1414 1554 1617 1620 scripsi.
1689 1553 1919 1620 Gap.26.
1959 1555 2011 1618 5.
2039 1557 2118 1607 57.
2159 1555 2301 1619 quod

205 1639 369 1688 nuper
411 1621 466 1674 Ο.
514 1622 572 1674 L.
609 1622 866 1686 Kayserus
912 1633 1118 1672 auctore
1161 1621 1422 1687 Madvigio
1468 1623 1676 1688 scripsit
1726 1623 1941 1686 maliano
1997 1624 2147 1673 dente
2201 1636 2298 1686 pro

202 1691 446 1740 maledico
509 1691 657 1739 dente
727 1703 830 1739 non
890 1690 1105 1755 accipio.
1191 1690 1436 1754 malignus
1495 1690 1704 1739 verbum
1757 1687 2138 1739 ciceronianum
2192 1703 2298 1738 non

205 1767 299 1806 est.
353 1755 482 1805 I-llud
518 1765 681 1806 tamen
720 1771 821 1806 non
859 1756 1064 1817 infitior,
1103 1757 1228 1807 satis
1267 1767 1471 1816 certam,
1509 1772 1641 1819 quae
1675 1772 1809 1806 nunc
1843 1756 2044 1822 legitur,
2081 1756 2290 1822 scriptu·

205 1838 312 1872 ram
350 1837 454 1872 non
489 1838 618 1875 esse.
688 1821 813 1889 Cap.
855 1826 938 1875 27.
985 1826 1032 1886 5.
1075 1826 1156 1877 62.
1211 1826 1266 1874 in
1332 1839 1456 1890 quos
1504 1828 1659 1875 semel
1706 1832 1989 1889 susceptum
2041 1831 2119 1875 est
2169 1824 2296 1873 scri-

205 1892 311 1955 psit
344 1889 576 1940 Baiterus
614 1905 709 1955 pro
743 1893 798 1941 in
833 1907 958 1957 quos
989 1894 1142 1942 semel
1174 1897 1457 1955 susceptum
1490 1894 1559 1941 sit
1580 1884 1818 1954 idemque
1852 1893 1928 1941 vir
1963 1891 2295 1942 doctissimus

205 1959 355 2007 etiam
393 1973 506 2024 cap.
531 1960 580 2009 3.
617 1959 662 2020 5.
690 1960 739 2011 6.
778 1975 870 2024 pro
904 1960 956 2009 in
993 1976 1093 2025 qua
1126 1967 1277 2009 natus
1308 1959 1377 2009 sit
1400 1959 1609 2024 scripsit
1640 1960 1695 2010 in
1730 1976 1830 2025 qua
1863 1967 2013 2011 natus
2047 1968 2140 2011 est.
2186 1956 2298 2008 Du-

130 2047 135 2051 ·
203 2027 352 2074 bitari
384 2034 555 2077 tamen
590 2036 761 2091 potest
795 2028 858 2076 de
891 2027 974 2076 his
1002 2028 1156 2088 locis,
1191 2028 1245 2076 in
1282 2027 1467 2089 quibus
1504 2027 1652 2076 etiam
1690 2028 1851 2077 oratio
1890 2027 2095 2090 obliqua
2130 2026 2299 2076 locum

203 2093 388 2142 habere
437 2102 627 2158 potest.
702 2092 824 2158 Cap.
860 2095 940 2144 28.
986 2096 1036 2155 5.
1071 2097 1154 2146 63.
1209 2108 1307 2159 ego
1361 2108 1566 2157 quoque
1620 2110 1754 2143 nuuc
1807 2095 2003 2145 obtinui
2055 2094 2298 2144 librorum

133 2200 142 2207 .
205 2162 580 2210 auctoritatem:
640 2163 692 2211 in
727 2163 988 2212 consulatu
1022 2161 1338 2226 praefectum
1369 2161 1571 2224 fabrum
1615 2162 1808 2212 detulit.
1877 2161 2112 2211 Baiterus
2158 2174 2300 2209 com-

202 2229 402 2293 paravit
437 2225 584 2292 epist.
620 2230 692 2278 ad
708 2229 819 2277 Αιι.
859 2228 942 2278 lib.
968 2229 1036 2278 V.
1061 2244 1145 2293 ep.
1172 2231 1219 2279 7.
1296 2228 1346 2291 5.
1370 2230 1454 2279 64.
1493 2228 1625 2279 falso
1653 2228 1885 2279 Baiterus
1930 2229 2102 2279 omisit
2144 2228 2301 2278 verba

204 2302 253 2345 et
282 2295 747 2358 familiaris-sinum,
794 2310 926 2358 quae
968 2297 1021 2345 in
1067 2309 1169 2344 uno
1214 2295 1329 2345 cod.
1375 2295 1607 2346 Parisino
1656 2296 1868 2355 desunt,
1913 2312 1979 2346 ex
2014 2310 2115 2359 quo
2151 2293 2301 2345 facile

203 2362 499 2411 exciderunt
536 2372 744 2428 propter
778 2361 993 2412 similem
1029 2364 1222 2413 exitum
1259 2363 1552 2421 verborum3
1592 2378 1756 2426 neque
1789 2377 1885 2429 ego
1910 2364 1958 2425 5.
1985 2365 2069 2415 68.
2104 2370 2298 2413 tantam

202 2431 375 2495 putavi
415 2445 529 2480 esse
565 2431 717 2480 unius
755 2429 891 2479 illius
928 2430 1042 2480 libri
1077 2430 1455 2490 auctoritatem,
1503 2440 1557 2480 ut
1601 2432 1822 2494 cogitate
1865 2431 1985 2481 inde
2018 2431 2300 2495 acciperem

202 2511 296 2562 pro
332 2499 632 2562 coqitatote‚
679 2498 817 2560 quod
863 2497 917 2545 in
964 2496 1142 2547 ceteris
1189 2495 1332 2546 libris
1369 2496 1606 2557 habetur,
1654 2500 1735 2546 cui
1771 2507 1904 2548 recte
1936 2499 2183 2562 deinceps
2220 2511 2300 2545 re-
2359 2541 2366 2548 .

202 2565 427 2630 spondet
461 2571 697 2618 tenetote.
768 2562 895 2617 Nam
943 2564 1082 2627 quod
1123 2566 1405 2629 praecessit
1445 2567 1745 2630 proponite,
1793 2565 1846 2614 id
1893 2564 1993 2615 alio
2029 2564 2183 2614 modo
2220 2563 2300 2612 di-

207 2635 356 2683 citur.

335 2700 501 2749 Etiam
535 2700 588 2749 in
625 2701 854 2750 oratione
873 2700 1156 2750 Pisoniana
1189 2699 1441 2760 quaedam
1478 2713 1612 2748 nunc
1654 2699 1897 2748 mutanda
1941 2697 2161 2750 fuerunt.
2217 2696 2299 2746 Ex

199 2766 283 2817 his
319 2769 519 2831 potiora
552 2767 677 2816 haec
712 2778 846 2819 sunt.
918 2767 974 2816 In
1010 2765 1278 2830 fragm.II.
1317 2780 1367 2829 p.
1396 2766 1508 2816 139.
1555 2781 1689 2815 nunc
1734 2766 1933 2816 restitui
1987 2764 2086 2827 Qui
2125 2767 2299 2816 col-ore

200 2835 315 2898 ipso
350 2848 443 2898 pro
479 2847 566 2892 e0,
615 2835 749 2895 quod
795 2842 943 2883 antea
989 2832 1245 2882 edideram
1292 2830 1387 2893 Qui
1429 2834 1606 2885 color?
1659 2849 1750 2884 ore
1793 2836 1923 2898 ipso.
1981 2833 2166 2897 fragm.
2202 2829 2297 2881 IX.

199 2910 253 2950 u.
283 2902 394 2951 140.
446 2900 546 2949 iam
597 2915 808 2952 serraco
859 2900 1044 2965 scripsi
1098 2913 1190 2964 pro
1244 2914 1479 2952 sarr-aco,
1552 2898 1676 2966 Gap.
1706 2903 1751 2950 1.
1800 2901 1847 2961 5.
1874 2903 1925 2950 2.
1975 2898 2301 2966 qloriabatur

201 2983 314 3016 cum
351 2966 493 3016 libris
530 2966 730 3019 retinui.
797 2967 1015 3018 Videtur
1049 2964 1223 3016 Cicero
1271 2966 1394 3017 illud
1439 2974 1643 3033 tempus
1686 2977 1944 3033 spectare,
1992 2981 2094 3030 quo
2141 2965 2298 3016 modo

202 3035 449 3097 gloriatus
504 3041 609 3082 erat
660 3032 717 3083 L.
769 3034 908 3086 Piso.
980 3032 1102 3098 Gap.
1135 3036 1184 3087 2.
1221 3034 1271 3094 5.
1297 3034 1345 3083 5.
1398 3037 1551 3085 multa
1602 3049 1696 3100 pro
1749 3037 1999 3101 multaque
2051 3034 2296 3084 librorum

202 3102 501 3151 auctoritate
543 3111 824 3152 commotus
871 3102 1079 3167 reposui
1124 3109 1175 3150 et
1218 3100 1391 3166 paullo
1437 3111 1559 3166 post
1602 3102 1666 3152 de
1699 3102 1970 3152 Hotomani
2005 3102 2296 3151 coniectura

200 3170 491 3219 commutavi
524 3182 619 3231 pro
654 3171 1006 3220 communicavi
1038 3168 1250 3218 restitui.
1321 3166 1446 3233 Gap.
1481 3172 1527 3220 3.
1565 3169 1613 3230 5.
1639 3171 1686 3220 6.
1741 3170 1932 3220 veritus
1979 3182 2093 3219 sum
2139 3166 2296 3217 corri-

201 3251 320 3299 gere
353 3251 455 3287 non
488 3241 543 3284 ut
576 3238 737 3286 multis
771 3236 894 3287 bene
925 3243 1089 3301 qesta,
1122 3236 1221 3285 sed
1249 3241 1310 3285 ut
1329 3236 1512 3285 nemini
1543 3244 1844 3287 conservata
1877 3252 1938 3286 re
1966 3233 2173 3299 publica
2196 3245 2294 3289 etc.

202 3316 295 3367 pro
332 3316 412 3362 eo,
451 3301 589 3364 quod
624 3303 676 3351 in
710 3302 851 3352 libris
889 3304 1121 3351 omnibus
1159 3312 1237 3352 est
1273 3302 1396 3352 bene
1429 3310 1606 3367 gestae
1628 3329 1695 3341 —
1717 3311 2050 3354 conservatae
2083 3302 2169 3353 rei
2195 3317 2294 3367 pu-
