<?xml version="1.0" encoding="UTF-8"?>
<!DOCTYPE html PUBLIC "-//W3C//DTD XHTML 1.0 Transitional//EN"
    "http://www.w3.org/TR/xhtml1/DTD/xhtml1-transitional.dtd">
<html xmlns="http://www.w3.org/1999/xhtml" xml:lang="en" lang="en">
 <head>
  <title>
</title>
<meta http-equiv="Content-Type" content="text/html;charset=utf-8" />
  <meta name='ocr-system' content='tesseract 3.04.00' />
  <meta name='ocr-capabilities' content='ocr_page ocr_carea ocr_par ocr_line ocrx_word'/>
</head>
<body>
  <div class='ocr_page' id='page_1' title='image "./scriptaquaemans02cicegoog_0328.png"; bbox 0 0 2514 3928; ppageno 0'>
   <div class='ocr_carea' id='block_1_1' title="bbox 234 179 2318 254">
    <p class='ocr_par' dir='ltr' id='par_1_1' title="bbox 234 179 2318 254">
     <span class='ocr_line' id='line_1_1' title="bbox 234 179 2318 254; baseline -0.002 -7"><span class='ocrx_word' id='word_1_1' title='bbox 234 185 358 247; x_wconf 74' lang='lat'><strong>268</strong></span> <span class='ocrx_word' id='word_1_2' title='bbox 755 180 903 242; x_wconf 89' lang='lat' dir='ltr'><strong>PRO</strong></span> <span class='ocrx_word' id='word_1_3' title='bbox 934 183 1015 241; x_wconf 86' lang='grc' dir='ltr'><strong>Μ.</strong></span> <span class='ocrx_word' id='word_1_4' title='bbox 1042 180 1459 244; x_wconf 81' lang='lat' dir='ltr'><strong>MARCELLO</strong></span> <span class='ocrx_word' id='word_1_5' title='bbox 1492 179 1813 254; x_wconf 54' lang='lat' dir='ltr'><strong>ORATlo„</strong></span> <span class='ocrx_word' id='word_1_6' title='bbox 2239 194 2318 243; x_wconf 60' lang='lat'><strong>40</strong></span> 
     </span>
    </p>
   </div>
   <div class='ocr_carea' id='block_1_2' title="bbox 236 330 2316 3485">
    <p class='ocr_par' dir='ltr' id='par_1_2' title="bbox 236 330 2316 3485">
     <span class='ocr_line' id='line_1_2' title="bbox 238 330 2314 409; baseline -0.002 -14"><span class='ocrx_word' id='word_1_7' title='bbox 238 335 350 395; x_wconf 89' lang='lat' dir='ltr'><strong>sed</strong></span> <span class='ocrx_word' id='word_1_8' title='bbox 394 350 592 409; x_wconf 89' lang='lat' dir='ltr'><strong>paene</strong></span> <span class='ocrx_word' id='word_1_9' title='bbox 634 332 898 393; x_wconf 89' lang='lat' dir='ltr'><strong>omnium</strong></span> <span class='ocrx_word' id='word_1_10' title='bbox 945 332 1213 408; x_wconf 84' lang='lat' dir='ltr'><strong>gentium</strong></span> <span class='ocrx_word' id='word_1_11' title='bbox 1256 331 1469 394; x_wconf 89' lang='lat' dir='ltr'><strong>litteris</strong></span> <span class='ocrx_word' id='word_1_12' title='bbox 1511 339 1696 406; x_wconf 87' lang='lat' dir='ltr'><strong>atque</strong></span> <span class='ocrx_word' id='word_1_13' title='bbox 1741 330 1995 407; x_wconf 77' lang='lat' dir='ltr'><strong>linguiS,</strong></span> <span class='ocrx_word' id='word_1_14' title='bbox 2039 347 2154 392; x_wconf 86' lang='lat' dir='ltr'><strong>nec</strong></span> <span class='ocrx_word' id='word_1_15' title='bbox 2184 333 2314 392; x_wconf 87' lang='lat' dir='ltr'><strong>ulla</strong></span> 
     </span>
     <span class='ocr_line' id='line_1_3' title="bbox 236 413 2315 491; baseline -0.001 -14"><span class='ocrx_word' id='word_1_16' title='bbox 236 433 526 491; x_wconf 91' lang='lat' dir='ltr'><strong>umquam</strong></span> <span class='ocrx_word' id='word_1_17' title='bbox 557 423 729 476; x_wconf 85' lang='lat' dir='ltr'><strong>aetas</strong></span> <span class='ocrx_word' id='word_1_18' title='bbox 760 417 839 476; x_wconf 85' lang='lat' dir='ltr'><strong>de</strong></span> <span class='ocrx_word' id='word_1_19' title='bbox 867 415 987 477; x_wconf 88' lang='lat' dir='ltr'><strong>tuis</strong></span> <span class='ocrx_word' id='word_1_20' title='bbox 1022 414 1307 476; x_wconf 66' lang='lat' dir='ltr'><strong>laudibus</strong></span> <span class='ocrx_word' id='word_1_21' title='bbox 1338 415 1740 477; x_wconf 72' lang='lat' dir='ltr'><strong>conticescetz</strong></span> <span class='ocrx_word' id='word_1_22' title='bbox 1780 415 1897 475; x_wconf 84' lang='lat' dir='ltr'><strong>sed</strong></span> <span class='ocrx_word' id='word_1_23' title='bbox 1938 420 2145 476; x_wconf 78' lang='lat' dir='ltr'><strong>tamen</strong></span> <span class='ocrx_word' id='word_1_24' title='bbox 2168 413 2315 475; x_wconf 81' lang='lat' dir='ltr'><strong>eius</strong></span> 
     </span>
     <span class='ocr_line' id='line_1_4' title="bbox 237 497 2311 574; baseline -0 -16"><span class='ocrx_word' id='word_1_25' title='bbox 237 498 402 558; x_wconf 86' lang='lat' dir='ltr'><strong>modi</strong></span> <span class='ocrx_word' id='word_1_26' title='bbox 445 516 545 560; x_wconf 87' lang='lat' dir='ltr'><strong>res</strong></span> <span class='ocrx_word' id='word_1_27' title='bbox 590 497 802 559; x_wconf 90' lang='lat' dir='ltr'><strong>nescio</strong></span> <span class='ocrx_word' id='word_1_28' title='bbox 852 515 975 574; x_wconf 92' lang='lat' dir='ltr'><strong>quo</strong></span> <span class='ocrx_word' id='word_1_29' title='bbox 1018 498 1204 559; x_wconf 88' lang='lat' dir='ltr'><strong>modo</strong></span> <span class='ocrx_word' id='word_1_30' title='bbox 1245 498 1428 558; x_wconf 87' lang='lat' dir='ltr'><strong>etiam</strong></span> <span class='ocrx_word' id='word_1_31' title='bbox 1459 513 1647 573; x_wconf 90' lang='lat' dir='ltr'><strong>quum</strong></span> <span class='ocrx_word' id='word_1_32' title='bbox 1684 500 1993 573; x_wconf 84' lang='lat' dir='ltr'><strong>leguntur,</strong></span> <span class='ocrx_word' id='word_1_33' title='bbox 2034 497 2311 573; x_wconf 85' lang='lat' dir='ltr'><strong>obstrepi</strong></span> 
     </span>
     <span class='ocr_line' id='line_1_5' title="bbox 238 578 2311 655; baseline -0 -13"><span class='ocrx_word' id='word_1_34' title='bbox 238 584 503 642; x_wconf 90' lang='lat' dir='ltr'><strong>clamore</strong></span> <span class='ocrx_word' id='word_1_35' title='bbox 545 578 795 642; x_wconf 85' lang='lat' dir='ltr'><strong>militum</strong></span> <span class='ocrx_word' id='word_1_36' title='bbox 837 582 1119 643; x_wconf 76' lang='lat' dir='ltr'><strong>videntur</strong></span> <span class='ocrx_word' id='word_1_37' title='bbox 1151 590 1215 642; x_wconf 92' lang='lat' dir='ltr'><strong>et</strong></span> <span class='ocrx_word' id='word_1_38' title='bbox 1244 582 1519 642; x_wconf 88' lang='lat' dir='ltr'><strong>tubarum</strong></span> <span class='ocrx_word' id='word_1_39' title='bbox 1561 597 1737 642; x_wconf 90' lang='lat' dir='ltr'><strong>sono.</strong></span> <span class='ocrx_word' id='word_1_40' title='bbox 1821 581 1906 642; x_wconf 87' lang='lat' dir='ltr'><strong>At</strong></span> <span class='ocrx_word' id='word_1_41' title='bbox 1939 597 2085 641; x_wconf 90' lang='lat' dir='ltr'><strong>vero</strong></span> <span class='ocrx_word' id='word_1_42' title='bbox 2119 597 2311 655; x_wconf 87' lang='lat' dir='ltr'><strong>quum</strong></span> 
     </span>
     <span class='ocr_line' id='line_1_6' title="bbox 237 663 2313 740; baseline -0 -16"><span class='ocrx_word' id='word_1_43' title='bbox 237 665 467 737; x_wconf 87' lang='lat' dir='ltr'><strong>aliquid</strong></span> <span class='ocrx_word' id='word_1_44' title='bbox 503 666 858 737; x_wconf 88' lang='lat' dir='ltr'><strong>clementer,</strong></span> <span class='ocrx_word' id='word_1_45' title='bbox 889 673 1234 736; x_wconf 88' lang='lat' dir='ltr'><strong>mansuete,</strong></span> <span class='ocrx_word' id='word_1_46' title='bbox 1267 665 1456 739; x_wconf 78' lang='lat' dir='ltr'><strong>iuste,</strong></span> <span class='ocrx_word' id='word_1_47' title='bbox 1496 667 1834 735; x_wconf 89' lang='lat' dir='ltr'><strong>moderate,</strong></span> <span class='ocrx_word' id='word_1_48' title='bbox 1880 663 2191 740; x_wconf 76' lang='lat' dir='ltr'><strong>sapienter</strong></span> <span class='ocrx_word' id='word_1_49' title='bbox 2221 664 2313 723; x_wconf 81' lang='lat' dir='ltr'><strong>i’a-</strong></span> 
     </span>
     <span class='ocr_line' id='line_1_7' title="bbox 240 745 2316 824; baseline -0.001 -15"><span class='ocrx_word' id='word_1_50' title='bbox 240 758 434 820; x_wconf 86' lang='lat' dir='ltr'><strong>ctum,</strong></span> <span class='ocrx_word' id='word_1_51' title='bbox 473 749 532 808; x_wconf 89' lang='lat' dir='ltr'><strong>in</strong></span> <span class='ocrx_word' id='word_1_52' title='bbox 565 748 880 809; x_wconf 81' lang='lat' dir='ltr'><strong>iracundia</strong></span> <span class='ocrx_word' id='word_1_53' title='bbox 912 748 1297 824; x_wconf 84' lang='lat' dir='ltr'><strong>praesertim,</strong></span> <span class='ocrx_word' id='word_1_54' title='bbox 1341 765 1498 822; x_wconf 88' lang='lat' dir='ltr'><strong>quae</strong></span> <span class='ocrx_word' id='word_1_55' title='bbox 1529 757 1627 810; x_wconf 90' lang='lat' dir='ltr'><strong>est</strong></span> <span class='ocrx_word' id='word_1_56' title='bbox 1654 746 1897 807; x_wconf 86' lang='lat' dir='ltr'><strong>inimica</strong></span> <span class='ocrx_word' id='word_1_57' title='bbox 1925 745 2215 821; x_wconf 90' lang='lat' dir='ltr'><strong>consilio,</strong></span> <span class='ocrx_word' id='word_1_58' title='bbox 2248 756 2316 807; x_wconf 85' lang='lat' dir='ltr'><strong>et</strong></span> 
     </span>
     <span class='ocr_line' id='line_1_8' title="bbox 239 828 2313 907; baseline -0 -15"><span class='ocrx_word' id='word_1_59' title='bbox 239 831 298 892; x_wconf 90' lang='lat' dir='ltr'><strong>in</strong></span> <span class='ocrx_word' id='word_1_60' title='bbox 332 830 602 903; x_wconf 86' lang='lat' dir='ltr'><strong>victoria,</strong></span> <span class='ocrx_word' id='word_1_61' title='bbox 637 847 794 907; x_wconf 88' lang='lat' dir='ltr'><strong>quae</strong></span> <span class='ocrx_word' id='word_1_62' title='bbox 824 841 1037 893; x_wconf 86' lang='lat' dir='ltr'><strong>natura</strong></span> <span class='ocrx_word' id='word_1_63' title='bbox 1058 830 1336 891; x_wconf 88' lang='lat' dir='ltr'><strong>insolens</strong></span> <span class='ocrx_word' id='word_1_64' title='bbox 1365 839 1426 892; x_wconf 90' lang='lat' dir='ltr'><strong>et</strong></span> <span class='ocrx_word' id='word_1_65' title='bbox 1453 828 1722 906; x_wconf 81' lang='lat' dir='ltr'><strong>superba</strong></span> <span class='ocrx_word' id='word_1_66' title='bbox 1751 838 1866 905; x_wconf 86' lang='lat' dir='ltr'><strong>est,</strong></span> <span class='ocrx_word' id='word_1_67' title='bbox 1897 829 2179 890; x_wconf 80' lang='lat' dir='ltr'><strong>audimus</strong></span> <span class='ocrx_word' id='word_1_68' title='bbox 2200 838 2313 891; x_wconf 85' lang='lat' dir='ltr'><strong>aut</strong></span> 
     </span>
     <span class='ocr_line' id='line_1_9' title="bbox 239 911 2307 990; baseline 0 -17"><span class='ocrx_word' id='word_1_69' title='bbox 239 915 527 989; x_wconf 83' lang='lat' dir='ltr'><strong>legimus,</strong></span> <span class='ocrx_word' id='word_1_70' title='bbox 570 931 694 990; x_wconf 89' lang='lat' dir='ltr'><strong>quo</strong></span> <span class='ocrx_word' id='word_1_71' title='bbox 722 914 927 975; x_wconf 88' lang='lat' dir='ltr'><strong>studio</strong></span> <span class='ocrx_word' id='word_1_72' title='bbox 958 914 1364 986; x_wconf 80' lang='lat' dir='ltr'><strong>incendimur,</strong></span> <span class='ocrx_word' id='word_1_73' title='bbox 1408 931 1527 974; x_wconf 90' lang='lat' dir='ltr'><strong>non</strong></span> <span class='ocrx_word' id='word_1_74' title='bbox 1575 914 1758 974; x_wconf 90' lang='lat' dir='ltr'><strong>modo</strong></span> <span class='ocrx_word' id='word_1_75' title='bbox 1791 911 1847 973; x_wconf 89' lang='lat' dir='ltr'><strong>in</strong></span> <span class='ocrx_word' id='word_1_76' title='bbox 1879 914 2072 988; x_wconf 82' lang='lat' dir='ltr'><strong>gestis</strong></span> <span class='ocrx_word' id='word_1_77' title='bbox 2098 912 2307 986; x_wconf 86' lang='lat' dir='ltr'><strong>rebus,</strong></span> 
     </span>
     <span class='ocr_line' id='line_1_10' title="bbox 240 996 2308 1073; baseline 0 -16"><span class='ocrx_word' id='word_1_78' title='bbox 240 997 353 1058; x_wconf 92' lang='lat' dir='ltr'><strong>sed</strong></span> <span class='ocrx_word' id='word_1_79' title='bbox 397 998 576 1060; x_wconf 88' lang='lat' dir='ltr'><strong>etiam</strong></span> <span class='ocrx_word' id='word_1_80' title='bbox 615 997 676 1058; x_wconf 92' lang='lat' dir='ltr'><strong>in</strong></span> <span class='ocrx_word' id='word_1_81' title='bbox 720 997 908 1073; x_wconf 86' lang='lat' dir='ltr'><strong>fictis,</strong></span> <span class='ocrx_word' id='word_1_82' title='bbox 947 1005 1014 1058; x_wconf 87' lang='lat' dir='ltr'><strong>ut</strong></span> <span class='ocrx_word' id='word_1_83' title='bbox 1046 1012 1158 1058; x_wconf 90' lang='lat' dir='ltr'><strong>eos</strong></span> <span class='ocrx_word' id='word_1_84' title='bbox 1184 1013 1404 1072; x_wconf 81' lang='lat' dir='ltr'><strong>saepe,</strong></span> <span class='ocrx_word' id='word_1_85' title='bbox 1450 1014 1608 1072; x_wconf 92' lang='lat' dir='ltr'><strong>quos</strong></span> <span class='ocrx_word' id='word_1_86' title='bbox 1649 1013 1978 1072; x_wconf 89' lang='lat' dir='ltr'><strong>numquam</strong></span> <span class='ocrx_word' id='word_1_87' title='bbox 2023 996 2308 1069; x_wconf 74' lang='lat' dir='ltr'><strong>vidimuS,</strong></span> 
     </span>
     <span class='ocr_line' id='line_1_11' title="bbox 241 1078 2307 1156; baseline 0 -17"><span class='ocrx_word' id='word_1_88' title='bbox 241 1080 594 1153; x_wconf 73' lang='lat' dir='ltr'><strong>diligamus!</strong></span> <span class='ocrx_word' id='word_1_89' title='bbox 638 1079 736 1142; x_wconf 85' lang='grc'><strong>10.</strong></span> <span class='ocrx_word' id='word_1_90' title='bbox 777 1079 861 1140; x_wconf 91' lang='lat' dir='ltr'><strong>Te</strong></span> <span class='ocrx_word' id='word_1_91' title='bbox 906 1096 1087 1152; x_wconf 92' lang='lat' dir='ltr'><strong>vero,</strong></span> <span class='ocrx_word' id='word_1_92' title='bbox 1127 1096 1312 1155; x_wconf 92' lang='lat' dir='ltr'><strong>quem</strong></span> <span class='ocrx_word' id='word_1_93' title='bbox 1341 1089 1727 1156; x_wconf 82' lang='lat' dir='ltr'><strong>praesentem</strong></span> <span class='ocrx_word' id='word_1_94' title='bbox 1757 1080 2087 1152; x_wconf 86' lang='lat' dir='ltr'><strong>intuemur,</strong></span> <span class='ocrx_word' id='word_1_95' title='bbox 2128 1078 2307 1140; x_wconf 88' lang='lat' dir='ltr'><strong>cuius</strong></span> 
     </span>
     <span class='ocr_line' id='line_1_12' title="bbox 239 1162 2309 1239; baseline -0 -17"><span class='ocrx_word' id='word_1_96' title='bbox 239 1170 500 1223; x_wconf 84' lang='lat' dir='ltr'><strong>mentem</strong></span> <span class='ocrx_word' id='word_1_97' title='bbox 532 1179 881 1238; x_wconf 85' lang='lat' dir='ltr'><strong>sensusque</strong></span> <span class='ocrx_word' id='word_1_98' title='bbox 910 1173 971 1225; x_wconf 91' lang='lat' dir='ltr'><strong>et</strong></span> <span class='ocrx_word' id='word_1_99' title='bbox 999 1180 1073 1224; x_wconf 90' lang='lat' dir='ltr'><strong>os</strong></span> <span class='ocrx_word' id='word_1_100' title='bbox 1105 1163 1427 1236; x_wconf 87' lang='lat' dir='ltr'><strong>cernimus,</strong></span> <span class='ocrx_word' id='word_1_101' title='bbox 1461 1172 1538 1236; x_wconf 90' lang='lat' dir='ltr'><strong>ut,</strong></span> <span class='ocrx_word' id='word_1_102' title='bbox 1570 1162 1867 1239; x_wconf 91' lang='lat' dir='ltr'><strong>quidquid</strong></span> <span class='ocrx_word' id='word_1_103' title='bbox 1897 1163 2040 1226; x_wconf 80' lang='lat' dir='ltr'><strong>belli</strong></span> <span class='ocrx_word' id='word_1_104' title='bbox 2067 1164 2309 1225; x_wconf 80' lang='lat' dir='ltr'><strong>fortuna</strong></span> 
     </span>
     <span class='ocr_line' id='line_1_13' title="bbox 241 1244 2307 1322; baseline 0 -17"><span class='ocrx_word' id='word_1_105' title='bbox 241 1247 538 1320; x_wconf 89' lang='lat' dir='ltr'><strong>reliquum</strong></span> <span class='ocrx_word' id='word_1_106' title='bbox 568 1244 657 1307; x_wconf 89' lang='lat' dir='ltr'><strong>rei</strong></span> <span class='ocrx_word' id='word_1_107' title='bbox 687 1246 969 1321; x_wconf 91' lang='lat' dir='ltr'><strong>publicae</strong></span> <span class='ocrx_word' id='word_1_108' title='bbox 1003 1245 1239 1320; x_wconf 77' lang='lat' dir='ltr'><strong>lecerit,</strong></span> <span class='ocrx_word' id='word_1_109' title='bbox 1289 1247 1351 1307; x_wconf 92' lang='lat' dir='ltr'><strong>id</strong></span> <span class='ocrx_word' id='word_1_110' title='bbox 1384 1263 1528 1307; x_wconf 87' lang='lat' dir='ltr'><strong>esse</strong></span> <span class='ocrx_word' id='word_1_111' title='bbox 1569 1249 1805 1307; x_wconf 88' lang='lat' dir='ltr'><strong>salvum</strong></span> <span class='ocrx_word' id='word_1_112' title='bbox 1854 1245 2036 1318; x_wconf 86' lang='lat' dir='ltr'><strong>velis,</strong></span> <span class='ocrx_word' id='word_1_113' title='bbox 2082 1245 2307 1322; x_wconf 88' lang='lat' dir='ltr'><strong>quibus</strong></span> 
     </span>
     <span class='ocr_line' id='line_1_14' title="bbox 242 1326 2307 1406; baseline 0 -19"><span class='ocrx_word' id='word_1_114' title='bbox 242 1326 526 1390; x_wconf 80' lang='lat' dir='ltr'><strong>laudibus</strong></span> <span class='ocrx_word' id='word_1_115' title='bbox 568 1329 939 1392; x_wconf 67' lang='lat' dir='ltr'><strong>efferemus?</strong></span> <span class='ocrx_word' id='word_1_116' title='bbox 985 1331 1207 1406; x_wconf 88' lang='lat' dir='ltr'><strong>quibus</strong></span> <span class='ocrx_word' id='word_1_117' title='bbox 1250 1329 1469 1391; x_wconf 85' lang='lat' dir='ltr'><strong>studiis</strong></span> <span class='ocrx_word' id='word_1_118' title='bbox 1519 1337 2004 1405; x_wconf 68' lang='lat' dir='ltr'><strong>prosequemur?</strong></span> <span class='ocrx_word' id='word_1_119' title='bbox 2045 1346 2168 1405; x_wconf 88' lang='lat' dir='ltr'><strong>qna</strong></span> <span class='ocrx_word' id='word_1_120' title='bbox 2197 1329 2307 1389; x_wconf 85' lang='lat' dir='ltr'><strong>be·</strong></span> 
     </span>
     <span class='ocr_line' id='line_1_15' title="bbox 239 1412 2307 1490; baseline 0 -18"><span class='ocrx_word' id='word_1_121' title='bbox 239 1413 583 1474; x_wconf 88' lang='lat' dir='ltr'><strong>nevolentia</strong></span> <span class='ocrx_word' id='word_1_122' title='bbox 615 1417 1126 1490; x_wconf 68' lang='lat' dir='ltr'><strong>complectemur?</strong></span> <span class='ocrx_word' id='word_1_123' title='bbox 1152 1413 1437 1488; x_wconf 79' lang='lat' dir='ltr'><strong>Parietes,</strong></span> <span class='ocrx_word' id='word_1_124' title='bbox 1456 1428 1554 1473; x_wconf 90' lang='lat' dir='ltr'><strong>me</strong></span> <span class='ocrx_word' id='word_1_125' title='bbox 1568 1412 1709 1474; x_wconf 92' lang='lat' dir='ltr'><strong>dius</strong></span> <span class='ocrx_word' id='word_1_126' title='bbox 1731 1413 1929 1484; x_wconf 79' lang='lat' dir='ltr'><strong>fidius,</strong></span> <span class='ocrx_word' id='word_1_127' title='bbox 1962 1421 2029 1472; x_wconf 87' lang='lat' dir='ltr'><strong>ut</strong></span> <span class='ocrx_word' id='word_1_128' title='bbox 2054 1412 2197 1472; x_wconf 84' lang='lat' dir='ltr'><strong>mihi</strong></span> <span class='ocrx_word' id='word_1_129' title='bbox 2216 1413 2307 1472; x_wconf 70' lang='lat' dir='ltr'><strong>vi-</strong></span> 
     </span>
     <span class='ocr_line' id='line_1_16' title="bbox 241 1492 2311 1573; baseline 0 -18"><span class='ocrx_word' id='word_1_130' title='bbox 241 1496 443 1573; x_wconf 75' lang='lat' dir='ltr'><strong>detur,</strong></span> <span class='ocrx_word' id='word_1_131' title='bbox 486 1498 664 1558; x_wconf 86' lang='lat' dir='ltr'><strong>buius</strong></span> <span class='ocrx_word' id='word_1_132' title='bbox 706 1496 910 1558; x_wconf 86' lang='lat' dir='ltr'><strong>curiae</strong></span> <span class='ocrx_word' id='word_1_133' title='bbox 952 1498 1058 1560; x_wconf 88' lang='lat' dir='ltr'><strong>tibi</strong></span> <span class='ocrx_word' id='word_1_134' title='bbox 1099 1497 1325 1573; x_wconf 82' lang='lat' dir='ltr'><strong>gratias</strong></span> <span class='ocrx_word' id='word_1_135' title='bbox 1367 1512 1550 1571; x_wconf 80' lang='lat' dir='ltr'><strong>agere</strong></span> <span class='ocrx_word' id='word_1_136' title='bbox 1592 1496 1885 1570; x_wconf 81' lang='lat' dir='ltr'><strong>gestiunt,</strong></span> <span class='ocrx_word' id='word_1_137' title='bbox 1934 1499 2101 1571; x_wconf 88' lang='lat' dir='ltr'><strong>quod</strong></span> <span class='ocrx_word' id='word_1_138' title='bbox 2131 1492 2311 1556; x_wconf 87' lang='lat' dir='ltr'><strong>brevi</strong></span> 
     </span>
     <span class='ocr_line' id='line_1_17' title="bbox 242 1579 2307 1656; baseline -0.001 -16"><span class='ocrx_word' id='word_1_139' title='bbox 242 1588 513 1656; x_wconf 83' lang='lat' dir='ltr'><strong>tempore</strong></span> <span class='ocrx_word' id='word_1_140' title='bbox 555 1582 755 1642; x_wconf 81' lang='lat' dir='ltr'><strong>futura</strong></span> <span class='ocrx_word' id='word_1_141' title='bbox 793 1582 873 1641; x_wconf 90' lang='lat' dir='ltr'><strong>sit</strong></span> <span class='ocrx_word' id='word_1_142' title='bbox 909 1580 1010 1640; x_wconf 90' lang='lat' dir='ltr'><strong>illa</strong></span> <span class='ocrx_word' id='word_1_143' title='bbox 1054 1582 1382 1642; x_wconf 79' lang='lat' dir='ltr'><strong>auctoritas</strong></span> <span class='ocrx_word' id='word_1_144' title='bbox 1427 1580 1487 1641; x_wconf 91' lang='lat' dir='ltr'><strong>in</strong></span> <span class='ocrx_word' id='word_1_145' title='bbox 1517 1579 1612 1641; x_wconf 89' lang='lat' dir='ltr'><strong>his</strong></span> <span class='ocrx_word' id='word_1_146' title='bbox 1642 1579 1935 1640; x_wconf 88' lang='lat' dir='ltr'><strong>maiorum</strong></span> <span class='ocrx_word' id='word_1_147' title='bbox 1967 1595 2215 1640; x_wconf 88' lang='lat' dir='ltr'><strong>suornm</strong></span> <span class='ocrx_word' id='word_1_148' title='bbox 2246 1587 2307 1638; x_wconf 85' lang='lat' dir='ltr'><strong>et</strong></span> 
     </span>
     <span class='ocr_line' id='line_1_18' title="bbox 245 1661 2306 1739; baseline -0.001 -16"><span class='ocrx_word' id='word_1_149' title='bbox 245 1664 373 1724; x_wconf 86' lang='lat' dir='ltr'><strong>suis</strong></span> <span class='ocrx_word' id='word_1_150' title='bbox 409 1664 681 1725; x_wconf 85' lang='lat' dir='ltr'><strong>sedibus.</strong></span> <span class='ocrx_word' id='word_1_151' title='bbox 755 1665 856 1724; x_wconf 84' lang='lat' dir='ltr'><strong>lv.</strong></span> <span class='ocrx_word' id='word_1_152' title='bbox 885 1664 1185 1739; x_wconf 86' lang='lat' dir='ltr'><strong>Equidem</strong></span> <span class='ocrx_word' id='word_1_153' title='bbox 1221 1679 1408 1738; x_wconf 91' lang='lat' dir='ltr'><strong>quum</strong></span> <span class='ocrx_word' id='word_1_154' title='bbox 1441 1664 1504 1723; x_wconf 91' lang='lat' dir='ltr'><strong>C.</strong></span> <span class='ocrx_word' id='word_1_155' title='bbox 1537 1663 1826 1736; x_wconf 83' lang='lat' dir='ltr'><strong>Marcelli,</strong></span> <span class='ocrx_word' id='word_1_156' title='bbox 1864 1661 1985 1722; x_wconf 89' lang='lat' dir='ltr'><strong>viri·</strong></span> <span class='ocrx_word' id='word_1_157' title='bbox 2006 1661 2216 1736; x_wconf 83' lang='lat' dir='ltr'><strong>optimi</strong></span> <span class='ocrx_word' id='word_1_158' title='bbox 2245 1671 2306 1721; x_wconf 80' lang='lat' dir='ltr'><strong>et</strong></span> 
     </span>
     <span class='ocr_line' id='line_1_19' title="bbox 239 1743 2304 1821; baseline -0 -17"><span class='ocrx_word' id='word_1_159' title='bbox 239 1746 755 1808; x_wconf 87' lang='lat' dir='ltr'><strong>commemorabili</strong></span> <span class='ocrx_word' id='word_1_160' title='bbox 786 1745 1011 1820; x_wconf 89' lang='lat' dir='ltr'><strong>pietate</strong></span> <span class='ocrx_word' id='word_1_161' title='bbox 1042 1745 1299 1821; x_wconf 86' lang='lat' dir='ltr'><strong>praediti</strong></span> <span class='ocrx_word' id='word_1_162' title='bbox 1330 1746 1609 1806; x_wconf 87' lang='lat' dir='ltr'><strong>lacrimas</strong></span> <span class='ocrx_word' id='word_1_163' title='bbox 1652 1746 1836 1808; x_wconf 91' lang='lat' dir='ltr'><strong>modo</strong></span> <span class='ocrx_word' id='word_1_164' title='bbox 1867 1744 2187 1807; x_wconf 86' lang='lat' dir='ltr'><strong>vobiscum</strong></span> <span class='ocrx_word' id='word_1_165' title='bbox 2215 1743 2304 1804; x_wconf 85' lang='lat' dir='ltr'><strong>vi-</strong></span> 
     </span>
     <span class='ocr_line' id='line_1_20' title="bbox 244 1829 2305 1906; baseline 0.001 -20"><span class='ocrx_word' id='word_1_166' title='bbox 244 1829 471 1899; x_wconf 89' lang='lat' dir='ltr'><strong>derem,</strong></span> <span class='ocrx_word' id='word_1_167' title='bbox 498 1844 765 1889; x_wconf 62' lang='lat' dir='ltr'><strong>omnium</strong></span> <span class='ocrx_word' id='word_1_168' title='bbox 781 1831 1207 1891; x_wconf 84' lang='lat' dir='ltr'><strong>Marcellorum</strong></span> <span class='ocrx_word' id='word_1_169' title='bbox 1230 1846 1433 1891; x_wconf 90' lang='lat' dir='ltr'><strong>meum</strong></span> <span class='ocrx_word' id='word_1_170' title='bbox 1453 1839 1673 1906; x_wconf 89' lang='lat' dir='ltr'><strong>pectus</strong></span> <span class='ocrx_word' id='word_1_171' title='bbox 1692 1829 2043 1892; x_wconf 87' lang='lat' dir='ltr'><strong>memoriam</strong></span> <span class='ocrx_word' id='word_1_172' title='bbox 2069 1830 2305 1901; x_wconf 81' lang='lat' dir='ltr'><strong>effudit,</strong></span> 
     </span>
     <span class='ocr_line' id='line_1_21' title="bbox 247 1910 2305 1990; baseline 0.001 -20"><span class='ocrx_word' id='word_1_173' title='bbox 247 1910 468 1986; x_wconf 86' lang='lat' dir='ltr'><strong>quibus</strong></span> <span class='ocrx_word' id='word_1_174' title='bbox 500 1918 563 1972; x_wconf 91' lang='lat' dir='ltr'><strong>tu</strong></span> <span class='ocrx_word' id='word_1_175' title='bbox 597 1911 777 1972; x_wconf 88' lang='lat' dir='ltr'><strong>etiam</strong></span> <span class='ocrx_word' id='word_1_176' title='bbox 810 1913 1064 1976; x_wconf 87' lang='lat' dir='ltr'><strong>mortuis</strong></span> <span class='ocrx_word' id='word_1_177' title='bbox 1096 1915 1176 1975; x_wconf 87' lang='lat' dir='ltr'><strong>M.</strong></span> <span class='ocrx_word' id='word_1_178' title='bbox 1207 1914 1501 1975; x_wconf 87' lang='lat' dir='ltr'><strong>Marcello</strong></span> <span class='ocrx_word' id='word_1_179' title='bbox 1537 1921 1912 1977; x_wconf 87' lang='lat' dir='ltr'><strong>conservato</strong></span> <span class='ocrx_word' id='word_1_180' title='bbox 1949 1913 2305 1990; x_wconf 83' lang='lat' dir='ltr'><strong>dignitatem</strong></span> 
     </span>
     <span class='ocr_line' id='line_1_22' title="bbox 246 1995 2304 2074; baseline 0 -19"><span class='ocrx_word' id='word_1_181' title='bbox 246 2009 422 2055; x_wconf 83' lang='lat' dir='ltr'><strong>suam</strong></span> <span class='ocrx_word' id='word_1_182' title='bbox 448 1995 768 2057; x_wconf 87' lang='lat' dir='ltr'><strong>reddidisti</strong></span> <span class='ocrx_word' id='word_1_183' title='bbox 790 1997 1359 2073; x_wconf 89' lang='lat' dir='ltr'><strong>nobilissimamque</strong></span> <span class='ocrx_word' id='word_1_184' title='bbox 1390 1998 1672 2059; x_wconf 75' lang='lat' dir='ltr'><strong>familiam</strong></span> <span class='ocrx_word' id='word_1_185' title='bbox 1702 1998 1819 2060; x_wconf 90' lang='lat' dir='ltr'><strong>iam</strong></span> <span class='ocrx_word' id='word_1_186' title='bbox 1845 1999 1923 2058; x_wconf 90' lang='lat' dir='ltr'><strong>ad</strong></span> <span class='ocrx_word' id='word_1_187' title='bbox 1949 2013 2187 2074; x_wconf 89' lang='lat' dir='ltr'><strong>paucos</strong></span> <span class='ocrx_word' id='word_1_188' title='bbox 2212 2013 2304 2056; x_wconf 87' lang='lat' dir='ltr'><strong>re-</strong></span> 
     </span>
     <span class='ocr_line' id='line_1_23' title="bbox 245 2077 2303 2157; baseline 0.001 -20"><span class='ocrx_word' id='word_1_189' title='bbox 245 2077 482 2138; x_wconf 86' lang='lat' dir='ltr'><strong>dactam</strong></span> <span class='ocrx_word' id='word_1_190' title='bbox 516 2084 716 2154; x_wconf 83' lang='lat' dir='ltr'><strong>paene</strong></span> <span class='ocrx_word' id='word_1_191' title='bbox 737 2081 814 2141; x_wconf 89' lang='lat' dir='ltr'><strong>ab</strong></span> <span class='ocrx_word' id='word_1_192' title='bbox 845 2080 1090 2143; x_wconf 85' lang='lat' dir='ltr'><strong>interitu</strong></span> <span class='ocrx_word' id='word_1_193' title='bbox 1119 2080 1464 2142; x_wconf 87' lang='lat' dir='ltr'><strong>vindicasti.</strong></span> <span class='ocrx_word' id='word_1_194' title='bbox 1522 2086 1619 2143; x_wconf 86' lang='lat'><strong>11.</strong></span> <span class='ocrx_word' id='word_1_195' title='bbox 1648 2084 1827 2143; x_wconf 88' lang='lat' dir='ltr'><strong>Hunc</strong></span> <span class='ocrx_word' id='word_1_196' title='bbox 1848 2091 1915 2142; x_wconf 93' lang='lat' dir='ltr'><strong>tu</strong></span> <span class='ocrx_word' id='word_1_197' title='bbox 1938 2081 2122 2157; x_wconf 73' lang='lat' dir='ltr'><strong>igitur</strong></span> <span class='ocrx_word' id='word_1_198' title='bbox 2141 2080 2303 2141; x_wconf 89' lang='lat' dir='ltr'><strong>diem</strong></span> 
     </span>
     <span class='ocr_line' id='line_1_24' title="bbox 246 2159 2305 2240; baseline 0.002 -20"><span class='ocrx_word' id='word_1_199' title='bbox 246 2159 364 2221; x_wconf 87' lang='lat' dir='ltr'><strong>tuis</strong></span> <span class='ocrx_word' id='word_1_200' title='bbox 389 2162 667 2223; x_wconf 88' lang='lat' dir='ltr'><strong>maximis</strong></span> <span class='ocrx_word' id='word_1_201' title='bbox 700 2171 762 2224; x_wconf 90' lang='lat' dir='ltr'><strong>et</strong></span> <span class='ocrx_word' id='word_1_202' title='bbox 788 2162 1331 2227; x_wconf 88' lang='lat' dir='ltr'><strong>innumerabilibus</strong></span> <span class='ocrx_word' id='word_1_203' title='bbox 1361 2165 1873 2240; x_wconf 69' lang='lat' dir='ltr'><strong>gratulationibus</strong></span> <span class='ocrx_word' id='word_1_204' title='bbox 1896 2165 2032 2226; x_wconf 90' lang='lat' dir='ltr'><strong>iure</strong></span> <span class='ocrx_word' id='word_1_205' title='bbox 2051 2163 2305 2239; x_wconf 86' lang='lat' dir='ltr'><strong>antepo-</strong></span> 
     </span>
     <span class='ocr_line' id='line_1_25' title="bbox 245 2246 2305 2323; baseline 0.001 -20"><span class='ocrx_word' id='word_1_206' title='bbox 245 2260 380 2304; x_wconf 87' lang='lat' dir='ltr'><strong>nes.</strong></span> <span class='ocrx_word' id='word_1_207' title='bbox 414 2246 584 2306; x_wconf 92' lang='lat' dir='ltr'><strong>Haec</strong></span> <span class='ocrx_word' id='word_1_208' title='bbox 602 2246 761 2307; x_wconf 91' lang='lat' dir='ltr'><strong>enim</strong></span> <span class='ocrx_word' id='word_1_209' title='bbox 776 2263 877 2307; x_wconf 90' lang='lat' dir='ltr'><strong>res</strong></span> <span class='ocrx_word' id='word_1_210' title='bbox 889 2248 1073 2310; x_wconf 86' lang='lat' dir='ltr'><strong>unius</strong></span> <span class='ocrx_word' id='word_1_211' title='bbox 1089 2256 1186 2309; x_wconf 86' lang='lat' dir='ltr'><strong>est</strong></span> <span class='ocrx_word' id='word_1_212' title='bbox 1199 2247 1450 2323; x_wconf 86' lang='lat' dir='ltr'><strong>propria</strong></span> <span class='ocrx_word' id='word_1_213' title='bbox 1466 2248 1527 2308; x_wconf 87' lang='lat' dir='ltr'><strong>C.</strong></span> <span class='ocrx_word' id='word_1_214' title='bbox 1546 2249 1858 2310; x_wconf 84' lang='lat' dir='ltr'><strong>Caesaris:</strong></span> <span class='ocrx_word' id='word_1_215' title='bbox 1881 2257 2129 2309; x_wconf 86' lang='lat' dir='ltr'><strong>ceterae</strong></span> <span class='ocrx_word' id='word_1_216' title='bbox 2144 2249 2305 2307; x_wconf 90' lang='lat' dir='ltr'><strong>duce</strong></span> 
     </span>
     <span class='ocr_line' id='line_1_26' title="bbox 244 2330 2308 2408; baseline 0.002 -22"><span class='ocrx_word' id='word_1_217' title='bbox 244 2335 308 2387; x_wconf 90' lang='lat' dir='ltr'><strong>te</strong></span> <span class='ocrx_word' id='word_1_218' title='bbox 336 2334 550 2401; x_wconf 81' lang='lat' dir='ltr'><strong>gestae</strong></span> <span class='ocrx_word' id='word_1_219' title='bbox 577 2346 839 2405; x_wconf 79' lang='lat' dir='ltr'><strong>magnae</strong></span> <span class='ocrx_word' id='word_1_220' title='bbox 873 2330 1012 2392; x_wconf 89' lang='lat' dir='ltr'><strong>illae</strong></span> <span class='ocrx_word' id='word_1_221' title='bbox 1035 2331 1316 2407; x_wconf 88' lang='lat' dir='ltr'><strong>quidem,</strong></span> <span class='ocrx_word' id='word_1_222' title='bbox 1348 2334 1461 2393; x_wconf 84' lang='lat' dir='ltr'><strong>sed</strong></span> <span class='ocrx_word' id='word_1_223' title='bbox 1498 2339 1697 2394; x_wconf 89' lang='lat' dir='ltr'><strong>tamen</strong></span> <span class='ocrx_word' id='word_1_224' title='bbox 1728 2336 1918 2393; x_wconf 89' lang='lat' dir='ltr'><strong>multo</strong></span> <span class='ocrx_word' id='word_1_225' title='bbox 1954 2345 2308 2408; x_wconf 81' lang='lat' dir='ltr'><strong>magnoque</strong></span> 
     </span>
     <span class='ocr_line' id='line_1_27' title="bbox 245 2408 2306 2488; baseline 0.002 -19"><span class='ocrx_word' id='word_1_226' title='bbox 245 2408 552 2471; x_wconf 84' lang='lat' dir='ltr'><strong>comitatu.</strong></span> <span class='ocrx_word' id='word_1_227' title='bbox 598 2412 795 2473; x_wconf 88' lang='lat' dir='ltr'><strong>Huius</strong></span> <span class='ocrx_word' id='word_1_228' title='bbox 819 2420 1025 2475; x_wconf 90' lang='lat' dir='ltr'><strong>autem</strong></span> <span class='ocrx_word' id='word_1_229' title='bbox 1049 2414 1138 2474; x_wconf 91' lang='lat' dir='ltr'><strong>rei</strong></span> <span class='ocrx_word' id='word_1_230' title='bbox 1162 2422 1224 2475; x_wconf 89' lang='lat' dir='ltr'><strong>tu</strong></span> <span class='ocrx_word' id='word_1_231' title='bbox 1256 2414 1417 2474; x_wconf 87' lang='lat' dir='ltr'><strong>idem</strong></span> <span class='ocrx_word' id='word_1_232' title='bbox 1441 2432 1511 2476; x_wconf 90' lang='lat' dir='ltr'><strong>es</strong></span> <span class='ocrx_word' id='word_1_233' title='bbox 1543 2424 1605 2477; x_wconf 90' lang='lat' dir='ltr'><strong>et</strong></span> <span class='ocrx_word' id='word_1_234' title='bbox 1633 2418 1759 2477; x_wconf 88' lang='lat' dir='ltr'><strong>dux</strong></span> <span class='ocrx_word' id='word_1_235' title='bbox 1779 2424 1842 2477; x_wconf 92' lang='lat' dir='ltr'><strong>et</strong></span> <span class='ocrx_word' id='word_1_236' title='bbox 1869 2431 2111 2477; x_wconf 87' lang='lat' dir='ltr'><strong>comes:</strong></span> <span class='ocrx_word' id='word_1_237' title='bbox 2143 2429 2306 2488; x_wconf 89' lang='lat' dir='ltr'><strong>quae</strong></span> 
     </span>
     <span class='ocr_line' id='line_1_28' title="bbox 244 2493 2306 2573; baseline 0.002 -21"><span class='ocrx_word' id='word_1_238' title='bbox 244 2493 493 2568; x_wconf 90' lang='lat' dir='ltr'><strong>quidem</strong></span> <span class='ocrx_word' id='word_1_239' title='bbox 525 2502 693 2556; x_wconf 90' lang='lat' dir='ltr'><strong>tanta</strong></span> <span class='ocrx_word' id='word_1_240' title='bbox 722 2503 849 2567; x_wconf 86' lang='lat' dir='ltr'><strong>est,</strong></span> <span class='ocrx_word' id='word_1_241' title='bbox 886 2506 952 2559; x_wconf 91' lang='lat' dir='ltr'><strong>ut</strong></span> <span class='ocrx_word' id='word_1_242' title='bbox 985 2497 1039 2559; x_wconf 90' lang='lat' dir='ltr'><strong>si</strong></span> <span class='ocrx_word' id='word_1_243' title='bbox 1070 2500 1192 2559; x_wconf 90' lang='lat' dir='ltr'><strong>ulla</strong></span> <span class='ocrx_word' id='word_1_244' title='bbox 1219 2499 1493 2573; x_wconf 86' lang='lat' dir='ltr'><strong>tropaeis</strong></span> <span class='ocrx_word' id='word_1_245' title='bbox 1526 2508 1587 2561; x_wconf 88' lang='lat' dir='ltr'><strong>et</strong></span> <span class='ocrx_word' id='word_1_246' title='bbox 1613 2498 2025 2561; x_wconf 88' lang='lat' dir='ltr'><strong>monumentis</strong></span> <span class='ocrx_word' id='word_1_247' title='bbox 2057 2496 2175 2559; x_wconf 88' lang='lat' dir='ltr'><strong>tuis</strong></span> <span class='ocrx_word' id='word_1_248' title='bbox 2200 2497 2306 2557; x_wconf 89' lang='lat' dir='ltr'><strong>ad·</strong></span> 
     </span>
     <span class='ocr_line' id='line_1_29' title="bbox 245 2578 2302 2660; baseline 0.001 -24"><span class='ocrx_word' id='word_1_249' title='bbox 245 2580 444 2638; x_wconf 90' lang='lat' dir='ltr'><strong>latura</strong></span> <span class='ocrx_word' id='word_1_250' title='bbox 468 2578 652 2639; x_wconf 85' lang='lat' dir='ltr'><strong>finem</strong></span> <span class='ocrx_word' id='word_1_251' title='bbox 679 2579 759 2640; x_wconf 87' lang='lat' dir='ltr'><strong>sit</strong></span> <span class='ocrx_word' id='word_1_252' title='bbox 771 2589 944 2642; x_wconf 88' lang='lat' dir='ltr'><strong>aetas</strong></span> <span class='ocrx_word' id='word_1_253' title='bbox 965 2616 1036 2628; x_wconf 90' lang='lat'>—</span> <span class='ocrx_word' id='word_1_254' title='bbox 1056 2582 1200 2643; x_wconf 86' lang='lat' dir='ltr'><strong>nihil</strong></span> <span class='ocrx_word' id='word_1_255' title='bbox 1225 2590 1322 2643; x_wconf 88' lang='lat' dir='ltr'><strong>est</strong></span> <span class='ocrx_word' id='word_1_256' title='bbox 1336 2582 1494 2643; x_wconf 88' lang='lat' dir='ltr'><strong>enim</strong></span> <span class='ocrx_word' id='word_1_257' title='bbox 1519 2599 1710 2660; x_wconf 88' lang='lat' dir='ltr'><strong>opere</strong></span> <span class='ocrx_word' id='word_1_258' title='bbox 1732 2591 1839 2643; x_wconf 90' lang='lat' dir='ltr'><strong>aut</strong></span> <span class='ocrx_word' id='word_1_259' title='bbox 1852 2599 2033 2644; x_wconf 89' lang='lat' dir='ltr'><strong>manu</strong></span> <span class='ocrx_word' id='word_1_260' title='bbox 2059 2584 2302 2651; x_wconf 79' lang='lat' dir='ltr'><strong>sactum,</strong></span> 
     </span>
     <span class='ocr_line' id='line_1_30' title="bbox 246 2663 2307 2739; baseline 0.001 -18"><span class='ocrx_word' id='word_1_261' title='bbox 246 2663 413 2736; x_wconf 90' lang='lat' dir='ltr'><strong>quod</strong></span> <span class='ocrx_word' id='word_1_262' title='bbox 438 2678 562 2723; x_wconf 92' lang='lat' dir='ltr'><strong>non</strong></span> <span class='ocrx_word' id='word_1_263' title='bbox 586 2663 918 2739; x_wconf 90' lang='lat' dir='ltr'><strong>aliquando</strong></span> <span class='ocrx_word' id='word_1_264' title='bbox 944 2666 1231 2728; x_wconf 86' lang='lat' dir='ltr'><strong>conficiat</strong></span> <span class='ocrx_word' id='word_1_265' title='bbox 1254 2672 1316 2727; x_wconf 86' lang='lat' dir='ltr'><strong>et</strong></span> <span class='ocrx_word' id='word_1_266' title='bbox 1337 2674 1662 2727; x_wconf 87' lang='lat' dir='ltr'><strong>consumat</strong></span> <span class='ocrx_word' id='word_1_267' title='bbox 1688 2674 1964 2727; x_wconf 89' lang='lat' dir='ltr'><strong>vetustas</strong></span> <span class='ocrx_word' id='word_1_268' title='bbox 1988 2694 2103 2736; x_wconf 44' lang='grc'><strong>-,’</strong></span> <span class='ocrx_word' id='word_1_269' title='bbox 2125 2664 2216 2725; x_wconf 79' lang='grc'><strong>12.</strong></span> <span class='ocrx_word' id='word_1_270' title='bbox 2240 2671 2307 2724; x_wconf 84' lang='lat' dir='ltr'><strong>at</strong></span> 
     </span>
     <span class='ocr_line' id='line_1_31' title="bbox 241 2744 2308 2824; baseline 0.001 -20"><span class='ocrx_word' id='word_1_271' title='bbox 241 2744 396 2805; x_wconf 80' lang='lat' dir='ltr'><strong>haec</strong></span> <span class='ocrx_word' id='word_1_272' title='bbox 419 2754 524 2806; x_wconf 91' lang='lat' dir='ltr'><strong>tua</strong></span> <span class='ocrx_word' id='word_1_273' title='bbox 548 2747 776 2809; x_wconf 87' lang='lat' dir='ltr'><strong>iustitia</strong></span> <span class='ocrx_word' id='word_1_274' title='bbox 800 2757 861 2810; x_wconf 88' lang='lat' dir='ltr'><strong>et</strong></span> <span class='ocrx_word' id='word_1_275' title='bbox 883 2750 1103 2811; x_wconf 85' lang='lat' dir='ltr'><strong>lenitas</strong></span> <span class='ocrx_word' id='word_1_276' title='bbox 1125 2749 1307 2810; x_wconf 91' lang='lat' dir='ltr'><strong>animi</strong></span> <span class='ocrx_word' id='word_1_277' title='bbox 1333 2748 1627 2811; x_wconf 83' lang='lat' dir='ltr'><strong>florescat</strong></span> <span class='ocrx_word' id='word_1_278' title='bbox 1649 2750 1874 2811; x_wconf 89' lang='lat' dir='ltr'><strong>cotidie</strong></span> <span class='ocrx_word' id='word_1_279' title='bbox 1896 2749 2107 2824; x_wconf 80' lang='lat' dir='ltr'><strong>magis,</strong></span> <span class='ocrx_word' id='word_1_280' title='bbox 2133 2746 2216 2809; x_wconf 89' lang='lat' dir='ltr'><strong>ita</strong></span> <span class='ocrx_word' id='word_1_281' title='bbox 2238 2754 2308 2807; x_wconf 80' lang='lat' dir='ltr'><strong>nt</strong></span> 
     </span>
     <span class='ocr_line' id='line_1_32' title="bbox 245 2830 2308 2908; baseline 0.001 -20"><span class='ocrx_word' id='word_1_282' title='bbox 245 2836 538 2900; x_wconf 86' lang='lat' dir='ltr'><strong>quantum</strong></span> <span class='ocrx_word' id='word_1_283' title='bbox 575 2830 695 2891; x_wconf 90' lang='lat' dir='ltr'><strong>tuis</strong></span> <span class='ocrx_word' id='word_1_284' title='bbox 727 2833 1022 2908; x_wconf 88' lang='lat' dir='ltr'><strong>operibus</strong></span> <span class='ocrx_word' id='word_1_285' title='bbox 1051 2832 1418 2895; x_wconf 88' lang='lat' dir='ltr'><strong>diuturnitas</strong></span> <span class='ocrx_word' id='word_1_286' title='bbox 1450 2835 1759 2905; x_wconf 88' lang='lat' dir='ltr'><strong>detrahet,</strong></span> <span class='ocrx_word' id='word_1_287' title='bbox 1803 2841 2039 2894; x_wconf 86' lang='lat' dir='ltr'><strong>tantum</strong></span> <span class='ocrx_word' id='word_1_288' title='bbox 2067 2833 2308 2891; x_wconf 76' lang='lat' dir='ltr'><strong>adserat</strong></span> 
     </span>
     <span class='ocr_line' id='line_1_33' title="bbox 243 2910 2305 2991; baseline 0.001 -22"><span class='ocrx_word' id='word_1_289' title='bbox 243 2910 548 2972; x_wconf 76' lang='lat' dir='ltr'><strong>iaudibuS.</strong></span> <span class='ocrx_word' id='word_1_290' title='bbox 614 2914 689 2973; x_wconf 86' lang='lat' dir='ltr'><strong>Et</strong></span> <span class='ocrx_word' id='word_1_291' title='bbox 721 2923 966 2977; x_wconf 87' lang='lat' dir='ltr'><strong>ceteros</strong></span> <span class='ocrx_word' id='word_1_292' title='bbox 1009 2916 1257 2991; x_wconf 87' lang='lat' dir='ltr'><strong>quidem</strong></span> <span class='ocrx_word' id='word_1_293' title='bbox 1289 2932 1503 2978; x_wconf 86' lang='lat' dir='ltr'><strong>omnes</strong></span> <span class='ocrx_word' id='word_1_294' title='bbox 1536 2919 1804 2978; x_wconf 85' lang='lat' dir='ltr'><strong>victores</strong></span> <span class='ocrx_word' id='word_1_295' title='bbox 1834 2917 2132 2977; x_wconf 88' lang='lat' dir='ltr'><strong>bellorum</strong></span> <span class='ocrx_word' id='word_1_296' title='bbox 2163 2914 2305 2975; x_wconf 90' lang='lat' dir='ltr'><strong>civi-</strong></span> 
     </span>
     <span class='ocr_line' id='line_1_34' title="bbox 245 2992 2303 3072; baseline 0.003 -22"><span class='ocrx_word' id='word_1_297' title='bbox 245 2992 385 3051; x_wconf 87' lang='lat' dir='ltr'><strong>lium</strong></span> <span class='ocrx_word' id='word_1_298' title='bbox 425 2994 543 3052; x_wconf 87' lang='lat' dir='ltr'><strong>iam</strong></span> <span class='ocrx_word' id='word_1_299' title='bbox 585 3004 725 3055; x_wconf 90' lang='lat' dir='ltr'><strong>ante</strong></span> <span class='ocrx_word' id='word_1_300' title='bbox 764 2997 1075 3072; x_wconf 86' lang='lat' dir='ltr'><strong>aequitate</strong></span> <span class='ocrx_word' id='word_1_301' title='bbox 1117 3004 1177 3057; x_wconf 87' lang='lat' dir='ltr'><strong>et</strong></span> <span class='ocrx_word' id='word_1_302' title='bbox 1221 2997 1643 3061; x_wconf 87' lang='lat' dir='ltr'><strong>misericordia</strong></span> <span class='ocrx_word' id='word_1_303' title='bbox 1685 3001 1957 3061; x_wconf 86' lang='lat' dir='ltr'><strong>viceras:</strong></span> <span class='ocrx_word' id='word_1_304' title='bbox 2004 2998 2303 3061; x_wconf 85' lang='lat' dir='ltr'><strong>hodierno</strong></span> 
     </span>
     <span class='ocr_line' id='line_1_35' title="bbox 242 3074 2305 3159; baseline 0.005 -27"><span class='ocrx_word' id='word_1_305' title='bbox 242 3091 395 3134; x_wconf 90' lang='lat' dir='ltr'><strong>vero</strong></span> <span class='ocrx_word' id='word_1_306' title='bbox 425 3074 526 3135; x_wconf 89' lang='lat' dir='ltr'><strong>die</strong></span> <span class='ocrx_word' id='word_1_307' title='bbox 555 3083 617 3136; x_wconf 89' lang='lat' dir='ltr'><strong>te</strong></span> <span class='ocrx_word' id='word_1_308' title='bbox 645 3077 846 3152; x_wconf 89' lang='lat' dir='ltr'><strong>ipsum</strong></span> <span class='ocrx_word' id='word_1_309' title='bbox 879 3080 1101 3140; x_wconf 87' lang='lat' dir='ltr'><strong>vicisti.</strong></span> <span class='ocrx_word' id='word_1_310' title='bbox 1161 3083 1402 3142; x_wconf 88' lang='lat' dir='ltr'><strong>Vereor</strong></span> <span class='ocrx_word' id='word_1_311' title='bbox 1428 3092 1500 3145; x_wconf 91' lang='lat' dir='ltr'><strong>ut</strong></span> <span class='ocrx_word' id='word_1_312' title='bbox 1534 3085 1685 3157; x_wconf 85' lang='lat' dir='ltr'><strong>hoc,</strong></span> <span class='ocrx_word' id='word_1_313' title='bbox 1719 3085 1888 3159; x_wconf 90' lang='lat' dir='ltr'><strong>quod</strong></span> <span class='ocrx_word' id='word_1_314' title='bbox 1919 3084 2138 3155; x_wconf 86' lang='lat' dir='ltr'><strong>dicam,</strong></span> <span class='ocrx_word' id='word_1_315' title='bbox 2170 3098 2305 3158; x_wconf 88' lang='lat' dir='ltr'><strong>per-</strong></span> 
     </span>
     <span class='ocr_line' id='line_1_36' title="bbox 244 3156 2305 3243; baseline 0.005 -28"><span class='ocrx_word' id='word_1_316' title='bbox 244 3157 388 3217; x_wconf 90' lang='lat' dir='ltr'><strong>inde</strong></span> <span class='ocrx_word' id='word_1_317' title='bbox 403 3156 654 3233; x_wconf 82' lang='lat' dir='ltr'><strong>intelligi</strong></span> <span class='ocrx_word' id='word_1_318' title='bbox 678 3162 878 3234; x_wconf 90' lang='lat' dir='ltr'><strong>possit</strong></span> <span class='ocrx_word' id='word_1_319' title='bbox 891 3162 1164 3223; x_wconf 86' lang='lat' dir='ltr'><strong>auditum</strong></span> <span class='ocrx_word' id='word_1_320' title='bbox 1181 3171 1370 3240; x_wconf 88' lang='lat' dir='ltr'><strong>atque</strong></span> <span class='ocrx_word' id='word_1_321' title='bbox 1391 3167 1526 3243; x_wconf 87' lang='lat' dir='ltr'><strong>ipse</strong></span> <span class='ocrx_word' id='word_1_322' title='bbox 1542 3167 1822 3243; x_wconf 83' lang='lat' dir='ltr'><strong>cogitans</strong></span> <span class='ocrx_word' id='word_1_323' title='bbox 1848 3166 2081 3229; x_wconf 84' lang='lat' dir='ltr'><strong>sentio:</strong></span> <span class='ocrx_word' id='word_1_324' title='bbox 2106 3166 2305 3241; x_wconf 85' lang='lat' dir='ltr'><strong>ipsam</strong></span> 
     </span>
     <span class='ocr_line' id='line_1_37' title="bbox 243 3239 2304 3338; baseline 0.007 -41"><span class='ocrx_word' id='word_1_325' title='bbox 243 3239 837 3338; x_wconf 55' lang='lat' dir='ltr'><strong>victoriamyicisse</strong></span> <span class='ocrx_word' id='word_1_326' title='bbox 865 3240 1125 3319; x_wconf 64' lang='lat' dir='ltr'><strong>videris»,</strong></span> <span class='ocrx_word' id='word_1_327' title='bbox 1170 3265 1361 3324; x_wconf 90' lang='lat' dir='ltr'><strong>quum</strong></span> <span class='ocrx_word' id='word_1_328' title='bbox 1403 3267 1505 3319; x_wconf 88' lang='lat' dir='ltr'><strong>ea,</strong></span> <span class='ocrx_word' id='word_1_329' title='bbox 1554 3268 1715 3326; x_wconf 91' lang='lat' dir='ltr'><strong>qnae</strong></span> <span class='ocrx_word' id='word_1_330' title='bbox 1760 3251 1864 3313; x_wconf 90' lang='lat' dir='ltr'><strong>illa</strong></span> <span class='ocrx_word' id='word_1_331' title='bbox 1894 3258 2026 3312; x_wconf 82' lang='lat' dir='ltr'><strong>erat</strong></span> <span class='ocrx_word' id='word_1_332' title='bbox 2058 3251 2304 3325; x_wconf 83' lang='lat' dir='ltr'><strong>adepta,</strong></span> 
     </span>
     <span class='ocr_line' id='line_1_38' title="bbox 245 3324 2305 3419; baseline 0.005 -39"><span class='ocrx_word' id='word_1_333' title='bbox 245 3329 423 3383; x_wconf 80' lang='lat' dir='ltr'><strong>vletls</strong></span> <span class='ocrx_word' id='word_1_334' title='bbox 445 3324 756 3419; x_wconf 68' lang='lat' dir='ltr'><strong>remisisti.</strong></span> <span class='ocrx_word' id='word_1_335' title='bbox 822 3329 970 3389; x_wconf 86' lang='lat' dir='ltr'><strong>Nam</strong></span> <span class='ocrx_word' id='word_1_336' title='bbox 1002 3348 1191 3407; x_wconf 90' lang='lat' dir='ltr'><strong>quum</strong></span> <span class='ocrx_word' id='word_1_337' title='bbox 1221 3332 1419 3409; x_wconf 84' lang='lat' dir='ltr'><strong>ipsius</strong></span> <span class='ocrx_word' id='word_1_338' title='bbox 1450 3333 2147 3397; x_wconf 71' lang='lat' dir='ltr'><strong>victoriaecondicione</strong></span> <span class='ocrx_word' id='word_1_339' title='bbox 2176 3346 2305 3393; x_wconf 86' lang='lat' dir='ltr'><strong>om-</strong></span> 
     </span>
     <span class='ocr_line' id='line_1_39' title="bbox 239 3408 2304 3485; baseline 0.006 -22"><span class='ocrx_word' id='word_1_340' title='bbox 239 3420 356 3464; x_wconf 85' lang='lat' dir='ltr'><strong>nes</strong></span> <span class='ocrx_word' id='word_1_341' title='bbox 403 3412 562 3466; x_wconf 86' lang='lat' dir='ltr'><strong>v1ct1·</strong></span> <span class='ocrx_word' id='word_1_342' title='bbox 588 3408 1062 3485; x_wconf 86' lang='lat' dir='ltr'><strong>occidissemus,</strong></span> <span class='ocrx_word' id='word_1_343' title='bbox 1110 3418 1471 3480; x_wconf 86' lang='lat' dir='ltr'><strong>clementiae</strong></span> <span class='ocrx_word' id='word_1_344' title='bbox 1508 3427 1653 3480; x_wconf 86' lang='lat' dir='ltr'><strong>tuae</strong></span> <span class='ocrx_word' id='word_1_345' title='bbox 1695 3418 1921 3480; x_wconf 87' lang='lat' dir='ltr'><strong>iudicio</strong></span> <span class='ocrx_word' id='word_1_346' title='bbox 1953 3408 2304 3479; x_wconf 73' lang='lat' dir='ltr'><strong>conservati</strong></span> 
     </span>
    </p>
   </div>
  </div>
 </body>
</html>
