2514 3928
272 242 396 306 420
562 240 639 300 IN
668 240 748 299 M.
777 238 1180 300 ANTONIUM
1209 236 1495 298 ORATIO
1524 237 1951 299 PHILIPPICA
1981 238 2055 297 X.
2076 130 2488 362 τ

268 389 452 470 prodi
498 392 726 452 volunt.
812 392 973 450 VIII.
1010 390 1107 454 16.
1152 390 1220 452 Si
1259 390 1397 467 ipse
1442 389 1673 451 viveret
1714 390 1778 450 C.
1826 390 2086 466 Caesar,
2130 390 2386 466 acrius,

269 475 488 550 cred0‚
534 482 672 536 acta
714 490 829 536 sua
869 475 1256 549 defenderet,
1306 490 1489 551 quam
1538 472 1631 535 vir
1671 474 2044 535 fortissimus
2080 475 2386 537 defendit

266 557 528 632 Hirtius,
573 566 677 619 aut
716 555 970 619 amicior
1009 573 1237 621 causae
1284 556 1610 634 quisquam
1645 555 1910 618 inveniri
1931 566 2145 633 potest
2173 576 2379 635 quam

267 641 474 702 filius?
527 643 610 703 At
650 642 869 703 horum
907 643 1060 703 alter
1099 642 1372 704 nondum
1404 657 1485 702 ex
1526 641 1971 717 longinquitate
2000 640 2376 716 gravissimi

267 725 464 786 morbi
503 734 817 787 recreatus
862 723 1158 801 quidquid
1201 722 1415 786 habuit
1455 724 1698 799 virium,
1739 723 1803 785 id
1832 724 1891 784 in
1923 741 2141 786 eorum
2177 726 2350 787 liber

268 818 451 870 tatem
501 810 950 870 defendendam
992 808 1275 881 contulit,
1328 825 1587 883 quorum
1641 808 1799 870 voti's
1852 807 2150 869 iudicavit
2204 826 2283 870 se
2335 829 2376 871 a

268 900 464 953 morte
503 900 891 954 revocatum:
928 891 1080 952 alter
1110 892 1348 952 virtutis
1378 892 1604 953 robore
1632 891 1864 952 firmior
1893 908 2077 967 quam
2111 893 2370 966 aetatiS,

268 992 408 1037 cum
448 975 584 1037 istis
627 974 783 1051 ipsis
826 974 1132 1036 veteranis
1165 976 1247 1035 ad
1281 976 1353 1036 D.
1381 973 1628 1036 Brutum
1666 974 2050 1035 liberandum
2083 984 2186 1037 est
2214 993 2365 1052 pro·

267 1059 483 1120 fectus.
547 1058 710 1133 Ergo
746 1058 831 1118 illi
865 1058 1191 1119 certissimi
1218 1057 1528 1134 iidemque
1558 1058 1839 1119 acerrimi
1871 1058 2158 1119 Caesaris
2189 1070 2369 1121 acto—

264 1157 401 1202 rum
429 1142 672 1216 patroni
706 1158 819 1217 pro
846 1142 920 1202 D.
942 1141 1112 1202 Bruti
1138 1142 1336 1203 salute
1364 1142 1594 1203 bellum
1609 1150 1848 1218 gerunt,
1891 1158 2052 1219 quos
2079 1143 2368 1204 veterani

265 1230 625 1299 sequuntur.
710 1226 801 1286 De
838 1224 1116 1287 libertate
1153 1224 1315 1285 enim
1364 1226 1577 1301 populi
1602 1226 1892 1297 Romani,
1939 1242 2063 1287 non
2105 1227 2193 1287 de
2225 1226 2367 1287 suis

267 1309 609 1369 commodis
650 1308 834 1370 armis
876 1307 1329 1370 decernendum
1372 1309 1599 1371 vident.
1688 1307 1785 1371 17.
1832 1309 1987 1383 Quid
2030 1317 2130 1370 est
2174 1308 2368 1384 igitur

265 1408 377 1453 cur
405 1390 514 1468 iis,
558 1391 664 1467 qui
695 1394 763 1453 D.
795 1392 1048 1454 Brutum
1090 1392 1373 1455 omnibus
1419 1393 1643 1469 opibus
1675 1401 2103 1454 conservatum
2142 1394 2364 1468 velint,

262 1474 346 1535 Μ.
386 1475 556 1535 Bruti
604 1476 686 1538 sit
728 1484 1057 1552 suspectus
1099 1476 1448 1537 exercitus?
1531 1482 1627 1536 An
1672 1491 1853 1550 vero,
1894 1475 1950 1537 si
1992 1475 2144 1551 quid
2183 1487 2365 1539 esset

268 1560 436 1634 quod
465 1577 502 1619 a
530 1559 612 1618 Μ.
640 1561 830 1621 Bruto
864 1557 1193 1621 timendum
1222 1560 1562 1634 videretur,
1608 1560 1807 1620 Pansa
1838 1559 1902 1620 id
1933 1575 2055 1619 non
2090 1558 2361 1636 videret,

264 1650 388 1717 aut,
418 1642 472 1702 si
503 1641 757 1718 videret,
789 1659 911 1704 non
944 1643 1293 1704 laboraret?
1346 1643 1492 1717 Quis
1526 1652 1632 1704 aut
1660 1642 1996 1719 sapientior
2022 1642 2105 1702 ad
2139 1645 2357 1705 conie-

264 1734 496 1787 cturam
540 1743 744 1787 rerum
787 1728 1116 1788 futurarum
1155 1728 1371 1788 autad
1415 1727 1900 1803 propulsandum
1942 1734 2173 1786 metum
2216 1727 2357 1787 dili·

265 1808 541 1884 gentior?
597 1810 826 1887 Atquin
863 1809 1045 1871 huius
1073 1810 1341 1871 animum
1384 1826 1531 1885 erga
1551 1811 1635 1870 M.
1664 1811 1915 1871 Brutum
1946 1809 2357 1886 studiumque

265 1890 528 1953 vidistis.
614 1892 934 1970 Praecepit
974 1893 1250 1956 oratione
1297 1910 1412 1955 sua
1455 1895 1599 1970 quid
1632 1894 1966 1954 decernere
1998 1909 2116 1954 nos
2153 1895 2237 1954 de
2267 1894 2353 1956 M.

260 1974 482 2050 Brut0,
525 1976 673 2052 quid
708 1978 935 2040 sentire
964 1986 1307 2054 oporteret,
1361 1987 1713 2054 tantumque
1747 1978 1897 2039 aluit
1935 1984 2000 2038 ut
2038 1977 2348 2052 periculo-

263 2076 400 2120 sum
433 2059 524 2122 rei
558 2062 839 2137 publicae
870 2062 951 2122 M.
973 2062 1142 2123 Bruti
1178 2070 1418 2138 putaret
1446 2062 1798 2137 exercitum,
1827 2070 1895 2122 ut
1924 2062 1981 2119 in
2013 2077 2090 2121 eo
2118 2060 2352 2121 firmis·

262 2142 482 2204 simum
511 2144 905 2220 reipublicae
939 2145 1311 2221 praesidium
1338 2154 1399 2206 et
1424 2146 1853 2221 gravissimum
1877 2151 2158 2220 poneret.
2215 2143 2350 2205 Sci·

259 2225 404 2287 licet
443 2226 563 2287 hoc
588 2226 789 2288 Pansa
828 2237 935 2288 aut
965 2245 1089 2289 non
1121 2227 1291 2289 videt
1315 2262 1403 2275 —
1428 2229 1629 2290 hebeti
1659 2230 1818 2289 enim
1851 2227 2107 2302 ingenio.
2128 2238 2236 2288 est
2264 2263 2350 2273 —
2456 2246 2457 2275 ι

262 2316 367 2369 aut
399 2308 667 2385 negligit.
729 2310 898 2384 Quae
926 2310 1085 2371 enim
1116 2311 1343 2372 Caesar
1369 2312 1508 2387 egit,
1540 2329 1616 2372 ea
1642 2319 1774 2373 rata
1800 2327 1947 2395 esse
1977 2327 2101 2372 non
2135 2320 2344 2372 curan

261 2392 340 2452 de
374 2392 600 2468 quibus
634 2392 1069 2455 confirmandis
1110 2404 1172 2456 et
1215 2394 1566 2455 sanciendis
1600 2397 1796 2470 legem
1829 2393 2091 2455 comitiis
2125 2403 2344 2456 centu·

257 2472 431 2537 riatis
473 2493 550 2536 ex
594 2477 951 2539 auctoritate
979 2487 1192 2540 nostra
1223 2479 1457 2539 laturus
1491 2486 1604 2539 est.
1689 2477 1793 2538 IX.
1830 2476 2126 2541 Desinant
2159 2477 2345 2553 igitur

260 2568 367 2621 aut
403 2558 479 2635 ii,
523 2559 627 2637 qui
670 2577 796 2622 non
825 2561 1066 2635 timent,
1111 2561 1399 2622 simulare
1428 2577 1498 2621 se
1526 2561 1739 2622 timere
1768 2569 1829 2622 et
1855 2558 2227 2637 prospicere
2258 2560 2343 2622 rei

260 2643 547 2719 publicae
577 2653 683 2706 aut
709 2644 780 2719 ii,
824 2646 928 2721 qui
958 2643 1164 2706 omnia
1197 2653 1508 2719 verentur,
1555 2643 1803 2706 nimium
1833 2660 1977 2705 esse
2009 2642 2232 2719 timidi,
2267 2661 2343 2705 ne

257 2725 499 2790 illorum
531 2727 850 2802 simulatio,
883 2729 1099 2790 horum
1129 2727 1292 2789 obsit
1320 2728 1578 2803 ignavia.
1636 2726 1735 2791 18.
1767 2727 1935 2802 Quae
1968 2761 2050 2771 —
2078 2729 2340 2789 malum!

257 2842 342 2856 --
371 2820 468 2873 est
493 2812 611 2873 ista
647 2811 801 2873 ratio
848 2828 1094 2887 semper
1143 2810 1387 2887 optimis
1418 2812 1621 2872 causis
1651 2819 2076 2873 veteranorum
2111 2827 2341 2872 nomen

260 2903 623 2969 opponere?
694 2895 976 2969 'Quorum
1003 2895 1184 2956 etiam
1215 2895 1270 2956 si
1298 2896 1701 2970 amplecterer
1728 2894 2026 2965 virtutem,
2056 2900 2126 2954 ut
2157 2895 2339 2968 racio,

258 2983 493 3050 tamen,
546 2977 604 3038 si
643 2986 855 3039 essent
898 2979 1298 3054 adroganteS,
1348 2994 1469 3038 non
1509 2992 1763 3052 possem
1804 2978 1962 3037 serre
2004 2973 2339 3038 fastidium.

257 3060 356 3117 An
389 3074 506 3119 nos
535 3069 831 3122 conantes
862 3059 1171 3123 soevitutis
1202 3059 1444 3120 vincula
1463 3073 1751 3134 rumpere
1773 3056 2086 3133 impediet,
2108 3058 2166 3120 si
2201 3062 2339 3136 quis

257 3149 585 3203 veteranos
635 3145 799 3204 nolle
840 3143 1101 3205 dixerit?
1176 3144 1312 3204 Non
1353 3151 1495 3205 sunt
1534 3141 1726 3215 enim,
1777 3143 1996 3215 credo,
2054 3141 2336 3206 innume·

257 3223 483 3286 rabiles
515 3223 620 3300 qui
663 3241 775 3300 pro
823 3226 1128 3289 communi
1167 3228 1443 3289 libertate
1476 3243 1644 3287 arma
1689 3226 1961 3302 capiant=
2011 3241 2201 3287 nemo
2243 3235 2363 3290 est.

260 3314 500 3379 praeter
529 3315 853 3369 veteranos
882 3307 1103 3372 milites
1125 3309 1218 3372 vir
1242 3311 1345 3386 qui
1368 3311 1448 3371 ad
1471 3309 1822 3372 servitutem
1845 3308 2336 3386 propulsandam

257 3386 524 3462 ingenuo
568 3390 782 3450 dolore
832 3391 1145 3458 excitetur.
1231 3394 1442 3456 Potest
1488 3394 1668 3470 igitur
1709 3400 1871 3454 stare
1916 3408 2018 3453 res
2060 3392 2334 3470 publica,

259 3468 412 3531 treta
436 3470 757 3545 veteranis,
784 3471 919 3535 sine
937 3491 1157 3552 magno
1183 3476 1462 3539 subsidio
1486 3478 1858 3539 iuventutis?
1884 3491 2043 3551 quos
2077 3475 2337 3551 quidem
