2514 3928
209 272 330 334 156
834 272 912 332 ΙΝ
939 273 1005 332 L.
1037 270 1376 332 PISONEM
1406 267 1711 330 ORATIO.
2214 283 2298 335 53

209 424 424 485 Oreste
466 434 569 485 aut
610 425 970 484 Athamante
1014 420 1453 484 dementiorem
1501 430 1735 495 putem,
1800 422 1905 496 qui
1960 424 2048 483 sis
2090 440 2293 486 ausus

210 507 465 583 primum
510 509 711 568 facere
763 539 836 551 —-
868 524 1007 566 nam
1057 505 1118 567 id
1148 515 1245 566 est
1274 514 1461 580 caput
1502 537 1606 576 --,
1652 503 1876 564 deinde
1909 508 2111 579 paullo
2143 518 2294 570 ante

207 591 533 666 Torquato,
565 591 932 666 gravissimo
963 599 1024 651 et
1057 587 1448 650 sanctissimo
1475 586 1626 659 viro,
1662 597 1975 663 premente
2004 592 2292 652 confiteri

208 683 267 736 te
294 673 667 748 provinciam
698 674 1139 746 Macedoniam,
1169 673 1227 731 in
1263 688 1445 747 quam
1472 679 1697 732 tantum
1723 673 2056 733 exercitum
2087 683 2292 736 trans·

212 767 546 833 portasseS,
571 759 704 820 sine
727 762 850 819 ullo
877 757 1061 818 milite
1083 755 1453 831 reliquisse?
1479 755 1649 816 Mitto
1665 755 1743 815 de
1767 757 1995 817 amissa
2023 750 2293 818 maxima

209 850 380 917 parte
410 843 740 905 exercitus:
835 842 917 903 sit
960 841 1079 902 hoc
1113 838 1480 899 infelicitatis
1510 846 1670 898 tuae.
1758 839 2104 901 Dimittendi
2134 859 2292 902 vero

208 924 516 986 exercitus
548 945 728 1001 quam
769 933 946 1001 potes
981 924 1221 983 adferre
1246 929 1541 982 causam?
1570 938 1752 997 quam
1784 932 2148 998 potestatem
2177 926 2289 985 ha-

208 1007 437 1068 buisti?
477 1026 658 1082 quam
701 1012 941 1083 legem?
994 1008 1160 1082 quod
1213 1014 1468 1066 senatus
1508 1008 1896 1067 consultum?
1936 1011 2102 1082 quod
2144 1008 2291 1069 ius?

210 1092 373 1167 quod
402 1095 791 1168 exemplum?
821 1091 973 1165 Quid
1006 1099 1102 1151 est
1123 1091 1290 1150 aliud
1326 1090 1567 1150 furere?
1601 1106 1722 1150 non
1759 1106 2138 1166 cognoscere
2172 1093 2286 1153 ho-

207 1174 437 1247 mines,
468 1192 587 1234 non
623 1191 1004 1251 cognoscere
1032 1177 1231 1250 leges,
1279 1190 1400 1233 non
1432 1182 1742 1248 senatum,
1778 1190 1900 1234 non
1932 1174 2234 1237 civitatem
2256 1184 2289 1235 ‘3

208 1257 536 1318 cruentare
566 1276 794 1335 corpus
823 1266 1045 1319 suum?
1067 1257 1262 1318 Maior
1291 1258 1443 1318 haec
1474 1265 1570 1317 est
1600 1257 1778 1331 vitae,
1813 1259 2027 1332 famae,
2063 1260 2286 1320 salutis

208 1357 359 1401 suae
396 1344 757 1406 vulneratio.
803 1341 905 1406 48.
954 1341 1021 1404 Si
1063 1341 1349 1403 familiam
1394 1349 1555 1401 tuam
1596 1340 1960 1415 dimisisses,
1993 1344 2159 1418 quod
2202 1345 2288 1403 ad

206 1424 508 1486 neminem
532 1427 649 1487 nisi
677 1429 753 1488 ad
779 1428 982 1502 ipsum
1003 1434 1062 1487 te
1087 1425 1430 1501 pertineret,
1460 1423 1638 1484 amici
1661 1431 1719 1484 te
1744 1425 2287 1501 constringendum

208 1516 518 1584 putarent:
564 1511 932 1586 praesidium
970 1519 1032 1571 tu
1063 1508 1147 1569 rei
1187 1509 1497 1584 publicae,
1540 1508 1880 1569 custodiam
1913 1509 2288 1587 provinciae,

206 1591 445 1655 iniussu
470 1595 681 1670 populi
703 1593 959 1655 Romani
989 1602 1366 1668 senatusque
1394 1590 1759 1666 dimisisses,
1785 1592 1838 1652 si
1884 1602 2020 1653 tuac
2062 1594 2285 1656 mentis

206 1691 464 1752 compos
509 1677 781 1739 fuisses?
834 1678 989 1737 XXI.
1019 1677 1180 1737 Ecce
1228 1675 1335 1737 tibi
1380 1676 1561 1747 alter,
1614 1675 1814 1736 effusa
1855 1676 1971 1736 iam
2017 1677 2286 1738 maxima

206 1762 462 1833 praeda,
509 1778 690 1836 quam
722 1777 799 1821 ex
831 1760 1086 1821 fortunis
1118 1759 1610 1834 publicanorum,
1656 1776 1838 1835 quam
1881 1776 1959 1820 ex
1989 1762 2155 1837 agris
2182 1774 2283 1821 ur—

206 1841 514 1917 bibusque
554 1843 864 1904 sociorum
905 1842 1310 1914 exhauserat,
1353 1860 1538 1917 quum
1588 1842 1801 1916 partim
1847 1844 1982 1905 eius
2016 1846 2285 1920 praedae

205 1926 551 2001 profundae
596 1926 878 1988 libidines
919 1928 1354 1997 devorassent,
1402 1924 1615 2001 partim
1663 1943 1825 1988 nova
1872 1928 2173 2004 quaedam
2221 1938 2284 1990 et

204 2008 474 2070 inaudita
504 2011 802 2081 luxurieS,
851 2011 1065 2086 partim
1096 2010 1275 2071 etiam
1303 2010 1364 2071 in
1400 2010 1518 2071 illis
1549 2010 1720 2084 locis,
1753 2011 1852 2071 ubi
1884 2012 2089 2073 omnia
2135 2012 2278 2073 diri·

208 2091 361 2166 puit‚
392 2095 752 2169 emptiones,
766 2094 1007 2178 [partim
1045 2092 1538 2174 permutationes]
1553 2095 1631 2154 ad
1660 2094 1824 2155 hunc
1859 2088 2277 2169 Tusculani[in

203 2170 429 2253 monte]
448 2186 714 2238 montem
756 2181 1224 2238 exstruendum:
1271 2194 1455 2252 quum
1499 2177 1615 2237 iarn
1663 2189 1898 2254 egeret,
1950 2197 2135 2254 quum
2179 2180 2284 2240 illa

203 2260 336 2319 eius
402 2261 748 2321 intermissa
811 2261 1208 2322 intolerabilis
1277 2261 1621 2323 aedificatio
1703 2258 2126 2334 constitisset,
2210 2280 2282 2323 se

204 2340 439 2416 ipsum,
487 2345 691 2404 fasces
721 2361 901 2417 suoS,
939 2346 1269 2405 exercitum
1302 2344 1511 2420 populi
1543 2346 1819 2419 Romani,
1847 2364 2064 2406 numen
2099 2347 2280 2408 inter-

203 2424 558 2502 dictumque
601 2428 856 2490 deorum
902 2429 1355 2499 immortalium,
1401 2444 1708 2504 responsa
1736 2431 2143 2503 sacerdotum,
2171 2449 2280 2491 au-

204 2507 541 2569 ctoritatem
572 2521 854 2584 senatuS‚
899 2514 1071 2572 iussa
1099 2512 1309 2587 populi
1343 2510 1627 2583 Romani,
1660 2528 1880 2573 nomen
1916 2529 1989 2573 ac
2023 2516 2279 2590 dignita-

207 2600 326 2652 tem
372 2593 610 2669 imperii
657 2595 785 2669 regi
815 2595 1126 2673 Aegyptio
1174 2595 1467 2656 vendidit.
1552 2594 1657 2657 49.
1693 2596 1887 2669 Quum
1931 2598 2087 2659 fines
2139 2614 2278 2673 pro—

204 2675 441 2738 vinciae
486 2687 689 2741 tantos
736 2679 1013 2751 haberet,
1062 2687 1325 2755 quantos
1374 2680 1676 2751 voluerat,
1721 2689 1981 2754 quantos
2021 2689 2278 2756 optarat,

206 2770 471 2835 quantos
506 2762 704 2837 pretio
746 2763 863 2822 mei
898 2762 1117 2838 capitis
1148 2771 1405 2833 emerat,
1437 2760 1511 2822 iis
1543 2778 1613 2823 se
1640 2771 1846 2824 tenere
1888 2782 2009 2824 non
2055 2764 2275 2839 potuit:

204 2845 535 2906 exercitum
594 2850 805 2907 eduxit
843 2864 919 2906 ex
961 2846 1159 2923 Syria.
1244 2845 1358 2918 Qui
1418 2844 1585 2907 licuit
1635 2855 1806 2907 extra
1857 2842 2279 2923 provinciam?

202 2926 490 2987 Praebuit
517 2946 589 2989 se
613 2929 1096 2990 mercennarium
1115 2928 1397 2988 comitem
1425 2928 1552 3005 regi
1585 2930 2023 2992 Alexandrino.
2123 2931 2277 3005 Quid

201 3007 318 3067 hoc
362 3009 642 3084 turpius?
695 3013 759 3069 ln
800 3016 1148 3088 Aegyptum
1207 3010 1409 3072 venitae
1447 3014 1623 3087 signa
1678 3014 1930 3076 contulit
1971 3032 2107 3076 cum
2136 3015 2272 3074 Ale·

202 3091 536 3151 xandrinis.
619 3093 875 3167 Quando
934 3095 1053 3155 hoc
1114 3094 1336 3154 bellum
1377 3103 1481 3156 aut
1524 3096 1623 3156 hic
1664 3099 1818 3158 ordo
1859 3106 1963 3159 aut
2008 3098 2276 3175 populus

206 3183 613 3248 susceperat?
670 3174 842 3250 Cepit
881 3176 1335 3238 Alexandriam.
1427 3178 1583 3251 Quid
1638 3181 1802 3241 aliud
1845 3192 2274 3257 exspectamus

201 3272 236 3314 a
267 3256 471 3315 rurore
502 3258 634 3316 eius
670 3258 787 3317 nisi
829 3266 898 3318 ut
932 3260 1015 3319 ad
1050 3269 1329 3323 senatum
1361 3260 1542 3323 tantis
1579 3264 1657 3323 de
1687 3265 1872 3324 rebus
1903 3266 2095 3340 gestis
2126 3265 2274 3325 litte-

202 3352 301 3397 ras
334 3337 568 3398 mittat?
606 3340 707 3401 50.
742 3339 853 3399 Hic
891 3342 947 3403 si
974 3344 1196 3407 mentis
1238 3353 1408 3407 esset
1445 3362 1598 3406 suae
1630 3346 1747 3407 nisi
1779 3364 2011 3426 poenas
2045 3348 2276 3424 patriae

203 3418 425 3493 disque
457 3421 895 3487 immortalibus
926 3443 1063 3500 eas,
1115 3446 1274 3504 qnae
1314 3427 1715 3505 gravissimae
1751 3427 1919 3501 sunt,
1957 3433 2162 3494 surore
2189 3439 2274 3492 at·

200 3519 319 3574 que
349 3504 588 3566 insania
616 3507 941 3583 penderetz
971 3528 1162 3572 ausus
1197 3521 1367 3574 esset
1397 3545 1472 3557 -—-
1525 3510 1691 3573 mitto
1723 3509 1893 3575 exire
1920 3515 1999 3574 de
2031 3510 2267 3591 provin
