2514 3928
227 175 351 240 406
466 176 542 235 IN
571 176 649 234 M.
684 174 1086 235 AN10N1UM
1116 173 1403 233 ORATIO
1438 173 1860 234 PHILIPPICA
1891 175 2051 233 VIII.
2227 185 2348 238 108

229 326 452 404 aliquis
486 343 524 385 a
555 325 742 404 Cyda,
773 324 1071 403 Lysiade,
1107 325 1287 386 Curio
1324 326 1803 386 condemnetur?
1862 327 2076 401 Neque
2112 333 2341 387 tamen

227 428 343 472 nos
373 418 593 484 urguet
625 409 922 469 mandatis
958 408 1263 483 pluribus:
1305 407 1548 470 remittit
1573 408 1947 483 aliquantum
1971 417 2033 469 et
2057 412 2341 471 relaxat.

228 495 526 565 Gnatum,
562 491 773 567 inquit,
807 507 1098 552 'rocArAn
1127 508 1406 564 nnm‘rm,
1439 508 1731 552 couArAu
1760 508 2038 553 Posrum.
2152 493 2337 553 Otio-

227 594 335 638 sus
363 576 648 638 videlicet
669 591 814 636 esse
843 577 1092 636 mavult.
1150 576 1278 636 Cum
1309 592 1419 635 sax
1455 590 1823 649 mereamus,
1853 575 2070 650 inquit,
2112 592 2341 645 usone

225 676 531 721 surrm‘ris
576 677 658 719 Ex
700 661 770 719 D.
799 660 987 719 Banu
1027 675 1347 730 Exssacr'm,
1395 669 1514 719 non
1557 660 1739 720 modo
1785 676 1863 718 ex
1906 660 2142 719 dilectu
2183 678 2338 732 suo,

223 761 351 804 TAM
378 760 596 812 mooun
632 761 703 802 ur
735 759 1058 814 οΒτιΝΕΑΤ,
1093 759 1212 802 num
1242 743 1324 803 M.
1358 744 1595 803 Bauius
1628 744 1688 803 C.
1722 742 1979 802 CAssms
2012 759 2340 803 consum-:s

226 844 419 889 pnovr:
455 843 622 888 coss.
665 843 1024 886 raovmcms
1062 841 1444 886 osa-mimum.
1504 825 1700 888 Huius
1733 824 1992 888 comitiis
2028 826 2091 886 C.
2130 828 2341 888 frater

222 944 306 956 -—
339 911 474 972 eius
517 920 613 972 est
640 912 798 970 enim
831 927 1029 971 annus
1069 944 1142 953 --
1174 912 1290 971 iam
1317 912 1628 985 repulsam
1664 912 1812 971 tulit.
1900 909 2003 971 28.
2034 911 2182 970 lost:
2212 928 2338 970 Au-

221 1011 339 1054 ·rssu
378 1012 451 1054 υτ
496 1008 968 1066 oumousn‘muu,
1013 993 1235 1068 inquit,
1285 1009 1611 1054 ossrmm.
1697 997 1779 1055 At
1820 991 1981 1054 istud
2014 1001 2197 1055 uetat
2226 997 2338 1055 lex

223 1076 519 1142 caesaris,
554 1087 615 1139 et
645 1087 706 1137 tu
738 1084 874 1138 acta
907 1073 1199 1138 Caesaris
1228 1077 1529 1138 defendis,

349 1163 423 1221 X.
462 1162 627 1222 Haec
658 1168 720 1221 tu
757 1161 1058 1234 mandata,
1093 1161 1158 1225 L.
1180 1160 1339 1231 Piso,
1375 1169 1550 1233 ettu,
1574 1162 1643 1220 L.
1666 1159 1958 1236 philippe,
1993 1160 2335 1237 principes

225 1244 517 1317 civitatiS,
562 1260 688 1305 non
721 1243 861 1305 dico
892 1245 1094 1305 animo
1129 1247 1317 1317 serre,
1353 1260 1566 1306 verum
1597 1244 1859 1305 auribus*
1876 1245 2175 1319 accipere
2215 1261 2335 1320 po-

224 1328 468 1390 tuistis?
526 1327 681 1403 Sed,
713 1337 779 1389 ut
809 1328 1125 1405 suspicor,
1156 1335 1349 1390 terror
1375 1336 1506 1389 erat
1540 1328 1807 1404 quidam,
1836 1343 1950 1388 nec
1981 1345 2097 1388 vos
2134 1339 2212 1388 ut
2241 1330 2332 1388 le·

224 1414 345 1488 gati
389 1413 556 1487 apud
598 1413 763 1473 illum
806 1411 1007 1472 fuistis
1050 1428 1164 1472 nec
1207 1420 1273 1473 ut
1301 1414 1691 1484 consulareS‚
1746 1428 1858 1471 nec
1892 1428 2003 1472 vos
2038 1421 2328 1472 vestram

227 1511 340 1558 nec
372 1495 460 1556 rei
492 1496 772 1571 publicae
796 1496 1147 1571 dignitatem
1172 1504 1381 1557 tenere
1407 1494 1706 1572 potuistis.
1766 1495 1841 1555 Et
1866 1504 2063 1555 tamen
2092 1495 2326 1556 nescio

226 1597 349 1654 quo
386 1588 566 1655 pacto
600 1579 900 1655 sapientia
933 1580 1228 1654 quadam,
1275 1581 1491 1649 credo,
1528 1579 1696 1654 quod
1727 1595 1841 1653 ego
1873 1595 1993 1640 non
2031 1595 2324 1653 possem,

225 1681 344 1725 non
392 1663 570 1724 nimis
610 1663 744 1724 irati
790 1663 1145 1725 revertistis.
1232 1662 1431 1725 Vobis
1457 1664 1537 1724 Μ.
1567 1661 1872 1723 Antonius
1902 1660 2051 1722 nihil
2085 1662 2323 1733 tribuit,

224 1747 578 1808 clarissimis
640 1746 815 1819 viris,
873 1746 1088 1821 legatis
1141 1746 1355 1822 populi
1408 1747 1685 1808 Romani.
1768 1746 1925 1818 Nos,
1978 1743 2133 1820 quid
2193 1763 2319 1806 non

224 1832 421 1904 legato
464 1831 543 1889 M.
580 1829 832 1891 Antonii
868 1830 1120 1907 Cotylae
1161 1829 1629 1891 concessimus?
1715 1829 1822 1889 Cui
1866 1838 2079 1904 portas
2124 1829 2318 1890 huius

224 1914 390 1975 urbis
424 1922 633 1989 patere
664 1913 758 1974 ius
797 1930 917 1975 non
949 1923 1095 1987 erat,
1132 1914 1275 1976 huic
1307 1914 1424 1976 hoc
1454 1915 1739 1989 templum
1766 1911 1974 1988 patuit,
2008 1913 2158 1974 huic
2184 1912 2318 1974 adi·

223 2008 319 2060 tus
362 1998 420 2056 in
464 2007 742 2058 senatum
788 1997 927 2070 suit,
976 1997 1075 2058 hic
1122 1998 1411 2060 hesterno
1452 1998 1554 2058 die
1595 1999 1929 2059 sententias
1965 2005 2218 2058 vestras
2257 1997 2316 2056 in

224 2080 543 2143 codicillos
579 2090 640 2143 et
684 2081 887 2144 omnia
931 2083 1117 2143 verba
1157 2084 1489 2152 referebat,
1533 2081 1673 2142 huic
1718 2099 1787 2142 se
1835 2081 2013 2143 etiam
2045 2084 2314 2142 summis

225 2165 559 2226 honoribus
595 2167 690 2224 usi
730 2173 942 2227 contra
977 2181 1150 2226 suam
1183 2165 1535 2241 dignitatem
1561 2165 1969 2226 venditabant.
2029 2163 2136 2225 29.
2173 2164 2226 2226 Ο
2255 2166 2314 2224 di

225 2248 622 2308 immortales!
666 2266 848 2324 quam
874 2265 1156 2323 magnum
1191 2259 1289 2310 est
1324 2266 1648 2324 personam
1684 2250 1741 2308 in
1774 2265 1840 2310 re
1873 2248 2121 2324 publiea
2153 2248 2313 2309 tueri

223 2330 551 2406 principis!
612 2347 770 2405 quae
815 2349 938 2393 non
984 2332 1201 2392 animis
1244 2335 1442 2394 solum
1487 2333 1700 2406 debet,
1743 2333 1853 2393 sed
1893 2331 2074 2392 etiam
2109 2332 2311 2393 oculis

222 2414 456 2475 servire
488 2414 727 2474 civium.
815 2416 1075 2476 Domum
1106 2416 1384 2491 recipere
1413 2419 1676 2491 legatum
1708 2416 1999 2487 hostium,
2039 2414 2105 2475 in
2138 2415 2310 2477 cubi·

223 2499 427 2559 culum
459 2497 805 2573 admittere,
857 2499 1036 2561 etiam
1066 2500 1366 2560 seducere
1394 2500 1658 2575 hominis
1694 2508 1789 2560 est
1823 2498 1967 2558 nihil
1999 2499 2080 2558 de
2111 2499 2306 2574 digni-

226 2591 376 2654 tate,
421 2581 667 2642 nimium
711 2585 790 2643 de
836 2585 1110 2659 periculo
1141 2583 1483 2658 cogitantis.
1573 2583 1748 2657 Quod
1779 2590 1987 2642 autem¹
2018 2591 2121 2643 est
2148 2582 2310 2656 peri·

224 2669 470 2726 culum?
521 2667 672 2726 Nam
703 2665 756 2727 si
787 2666 1113 2728 maximum
1145 2667 1202 2726 in
1241 2665 1568 2727 discrimen
1598 2666 1867 2737 venitur,
1909 2674 2014 2725 aut
2057 2665 2308 2726 libertas

225 2760 435 2824 parata
467 2749 679 2813 victori
709 2759 804 2811 est
832 2760 933 2811 aut
966 2767 1133 2811 mors
1166 2750 1486 2825 proposita
1514 2750 1709 2811 victo=
1756 2765 2013 2824 quorum
2046 2750 2305 2809 alterum

223 2835 490 2908 optabile
541 2844 665 2907 est,
715 2834 968 2895 alterum
1011 2834 1283 2909 effugere
1325 2849 1504 2894 nemo
1548 2842 1768 2908 potest.
1855 2831 2071 2908 Turpis
2102 2842 2304 2893 autem

224 2917 367 2990 suga
395 2919 607 2978 mortis
640 2918 800 2978 omni
832 2925 926 2978 est
954 2927 1145 2979 morte
1182 2917 1374 2991 peior.
1428 2916 1530 2978 30.
1560 2918 1708 2977 Nam
1733 2917 1878 2977 illud
1906 2915 2157 2991 quidem
2180 2932 2299 2975 non

221 2998 498 3059 adducor
541 3010 606 3061 ut
644 3001 921 3073 credam,
975 3017 1119 3062 esse
1171 3001 1474 3076 quosdam
1528 2999 1633 3076 qui
1681 2998 1992 3061 invideant
2041 2999 2300 3059 alieuius

228 3081 641 3153 constantiae,
689 3083 794 3156 qui
828 3082 1024 3143 labori
1065 3081 1230 3154 eius,
1278 3080 1381 3155 qui
1414 3080 1548 3140 eius
1593 3089 1955 3157 perpetuam
1998 3083 2054 3142 in
2089 3098 2159 3142 re
2187 3098 2296 3159 pu-

227 3164 387 3223 blica
427 3164 779 3224 adiuvanda
824 3168 1202 3226 voluntatem
1247 3174 1309 3224 et
1347 3164 1588 3225 senatui
1636 3172 1695 3224 et
1737 3166 1969 3240 populo
2018 3168 2293 3227 Romano

230 3245 475 3319 probari
501 3248 763 3307 moleste
794 3249 1007 3308 ferant.
1058 3249 1283 3308 Omnes
1309 3248 1368 3308 id
1395 3247 1643 3322 quidem
1669 3250 1873 3309 facere
1896 3249 2291 3317 debebamus.

231 3343 428 3402 eaque
461 3336 592 3388 erat
620 3346 744 3389 non
777 3331 960 3390 modo
981 3333 1156 3405 apud
1200 3332 1466 3391 maiores
1499 3338 1776 3403 nostros,
1818 3334 1931 3392 scd
1972 3334 2154 3393 etiam
2183 3350 2291 3394 nu-

233 3425 344 3483 per
365 3428 600 3470 summa
626 3413 757 3471 laus
784 3413 1215 3486 consularium,
1243 3415 1514 3490 vigilare,
1542 3416 1768 3476 adesse
1791 3416 2012 3488 animo,
2047 3432 2294 3492 semper
