2514 3928
329 215 461 280 454
617 217 692 275 lN
723 216 795 274 Μ.
828 214 1226 286 ΑΝΤΟΝΠΙΜ
1256 213 1540 276 ORATIO
1568 215 1998 277 PHILIPPICA
2023 216 2191 276 xm.
2343 226 2441 281 156

340 367 533 443 magis
559 365 843 443 equidem
874 366 1076 438 laudo,
1104 366 1214 426 sed
1239 364 1381 426 vide
1409 383 1485 427 ne
1508 367 1631 427 hoc
1649 367 1849 442 ipsum
1879 384 2003 428 non
2029 367 2115 428 sit
2137 386 2439 431 necesse.

348 452 716 527 Quamquam
751 450 908 509 enim
946 459 1041 510 est
1083 457 1244 509 tanta
1286 447 1343 508 in
1376 458 1433 510 te
1478 450 1836 522 auctoritas,
1877 461 2115 527 quanta
2146 453 2359 513 debet
2392 451 2440 511 iu

350 534 585 597 homine
622 532 1032 605 nobilissimo,
1087 541 1284 593 tamen
1327 541 1575 594 senatus
1602 551 1677 595 se
1723 536 1857 610 ipse
1894 552 2016 595 non
2056 535 2438 608 contemnit,

337 635 452 684 ⁴nec
485 635 631 679 vero
666 618 774 678 fuit
801 633 1088 692 umquam
1117 615 1390 691 gravior,
1424 617 1828 690 constantior,
1863 618 2097 680 fortior.
2171 618 2437 680 Incensi

340 719 552 763 omnes
575 700 843 777 rapimur
856 701 932 759 ad
957 700 1288 761 libertatem
1309 702 1817 776 recuperandam:
1843 719 1963 761 non
1993 711 2216 778 potest
2242 702 2439 764 ullius

338 785 695 847 auctoritate
724 792 924 845 tantus
949 793 1196 845 senatus
1219 784 1559 860 populique
1580 785 1836 846 Romani
1858 786 2049 848 ardor
2070 785 2440 861 exstingui:

340 869 612 930 odimusz
658 867 800 938 irati
824 884 1197 944 pugnamusz
1246 867 1598 942 extorqueri
1652 885 1687 929 e
1751 868 2036 931 nianibus
2077 886 2273 931 arma
2319 888 2436 930 non

337 960 628 1028 possunt=
676 951 948 1026 receptui
987 950 1227 1026 signum
1271 958 1374 1011 aut
1411 951 1860 1011 revocationem
1904 968 1942 1012 a
1983 953 2161 1014 bello
2213 955 2436 1014 audire

336 1053 458 1096 non
496 1050 857 1111 possumus:
900 1051 1220 1110 speramus
1251 1034 1507 1110 optima:
1548 1034 1673 1109 pati
1702 1037 1799 1095 vel
1829 1035 2205 1095 difficillima
2243 1039 2437 1097 malu-

341 1137 478 1180 mus
510 1135 689 1194 quam
721 1116 970 1177 servire.
1058 1116 1156 1180 16.
1199 1116 1424 1177 Caesar
1448 1118 1712 1178 confecit
1732 1118 2026 1179 invictum
2049 1122 2435 1182 exereitum.

341 1204 464 1262 duo
503 1200 811 1266 fortissimi
842 1202 1128 1262 consules
1151 1201 1379 1261 adsunt
1404 1217 1540 1261 cum
1573 1202 1799 1276 copiis:
1834 1202 1901 1261 L.
1929 1202 2171 1275 Planci,
2209 1220 2431 1266 consu·

335 1286 413 1345 lis
445 1283 777 1361 designati,
811 1284 980 1344 varia
1009 1293 1069 1345 et
1094 1301 1315 1359 magna
1335 1286 1568 1344 'auxilia
1604 1302 1724 1345 non
1755 1285 2008 1346 desunt:
2058 1285 2124 1345 in
2161 1288 2242 1347 D.
2269 1287 2431 1348 Bruti

337 1371 536 1430 salute
572 1376 865 1429 certatur:
916 1385 1074 1429 unus
1120 1366 1387 1428 furiosus
1427 1367 1726 1443 gladiator
1755 1384 1890 1428 cum
1923 1369 2431 1432 taeterrimorum

337 1454 641 1528 latronum
676 1468 856 1511 manu
887 1462 1097 1512 contra
1124 1450 1410 1527 patriam,
1442 1460 1654 1511 contra
1683 1452 1836 1513 deos
1866 1463 2170 1527 penateS,
2220 1465 2429 1515 contra

338 1553 481 1597 aras
523 1544 585 1597 et
614 1538 821 1608 focoS‚
862 1543 1072 1595 contra
1103 1541 1389 1611 quattuor
1420 1536 1709 1595 consules
1739 1536 1894 1610 gerit
1931 1536 2195 1595 bellum.
2277 1536 2428 1597 Huic

340 1621 678 1680 cedamus?
737 1617 919 1679 huius
966 1617 1362 1679 condiciones
1402 1618 1769 1679 audiamus?
1826 1635 1962 1679 cum
2013 1618 2144 1679 hoc
2213 1638 2423 1695 pacem

336 1703 468 1764 fieri
507 1719 699 1778 posse
730 1703 1094 1762 credamus?

466 1786 623 1846 VlIl.
668 1789 747 1845 At
780 1785 1109 1859 periculum
1153 1794 1358 1846 estne
1403 1783 1835 1861 opprimamur.
1912 1787 2046 1846 Non
2090 1797 2314 1856 metuo
2357 1805 2422 1847 ne

346 1866 426 1942 is,
477 1868 582 1943 qui
628 1868 759 1928 suis
805 1867 1197 1944 amplissimis
1234 1869 1487 1930 fortunis
1528 1869 1647 1930 nisi
1685 1870 1863 1932 bonis
1900 1869 2096 1930 salvis
2138 1873 2270 1931 frui
2313 1889 2418 1931 uon

342 1960 573 2030 potest,
617 1954 835 2028 prodat
876 1955 1126 2013 salutem
1168 1970 1360 2013 suam.
1447 1952 1657 2014 Bonos
1689 1952 1857 2014 cives
1893 1952 2162 2028 primum
2214 1963 2417 2015 natura

341 2039 557 2111 eflicit,
587 2036 836 2098 adiuvat
865 2036 1087 2096 deinde
1118 2038 1374 2097 fortuna.
1464 2036 1755 2098 Omnibus
1788 2036 1946 2098 enim
1989 2037 2184 2098 bonis
2235 2056 2415 2113 expe

340 2120 425 2181 dit
459 2121 689 2180 salvam
729 2136 871 2179 esse
902 2136 1025 2179 rem
1055 2119 1376 2194 publicam.
1439 2119 1561 2179 Sed
1587 2120 1646 2179 in
1681 2119 1772 2191 iis,
1811 2122 1914 2194 qui
1939 2121 2242 2182 fortunati
2269 2131 2418 2190 sunt,

342 2204 529 2277 magis
553 2202 614 2263 id
649 2211 924 2279 apparet.
986 2200 1082 2264 17.
1130 2203 1277 2275 Quis
1311 2201 1665 2264 fortunatior
1684 2203 1937 2278 Lepide,
1974 2212 2039 2263 ut
2066 2212 2224 2265 ante
2258 2204 2420 2265 dixi?

340 2300 478 2360 quis
526 2286 744 2345 eodem
791 2285 1038 2344 sanior?
1120 2285 1291 2345 Vidit
1323 2285 1454 2346 eius
1497 2284 1858 2346 maestitiam
1893 2294 2083 2360 atque
2130 2288 2415 2347 lacrimas

336 2371 604 2444 populus
633 2370 947 2429 Romanus
976 2368 1445 2444 Lupercalibus=
1496 2368 1646 2428 vidit
1681 2387 1860 2444 quam
1891 2370 2197 2443 abiectuS,
2241 2388 2412 2446 quam

337 2453 655 2513 confectus
700 2460 895 2525 esset,
934 2468 1116 2525 quum
1151 2451 1396 2512 Caesari
1436 2450 1718 2513 diadema
1752 2457 2076 2528 imponens
2107 2453 2413 2513 Antonius

336 2552 581 2596 servum
617 2553 685 2596 se
730 2533 888 2595 illius
922 2552 1102 2610 quam
1139 2536 1439 2610 collegam
1483 2551 1626 2595 esse
1667 2536 1946 2595 malebat.
2035 2535 2152 2608 Qui
2195 2537 2254 2595 si
2286 2536 2409 2596 reli·

338 2618 477 2696 quis
501 2617 745 2694 flagitiis
771 2626 830 2678 et
855 2618 1188 2679 sceleribus
1214 2634 1283 2679 se
1305 2617 1611 2678 abstinere
1635 2618 1958 2694 potuisset,
1993 2626 2203 2679 tamen
2231 2637 2409 2680 unum

337 2705 417 2763 ob
457 2703 576 2763 hoc
610 2703 829 2762 sactum
866 2702 1108 2778 dignum
1152 2700 1317 2761 illum
1350 2702 1509 2769 omni
1540 2718 1742 2777 poena
1782 2708 2073 2776 putarem.
2124 2772 2129 2775 ,
2165 2702 2320 2761 Nam
2362 2701 2409 2761 si

334 2788 472 2862 ipse
519 2786 747 2846 servire
781 2793 1041 2861 poterat,
1078 2783 1257 2845 nobis
1298 2784 1608 2845 dominum
1650 2801 1758 2845 cur
1792 2784 2193 2864 imponebat?
2260 2796 2323 2846 et
2361 2784 2407 2844 si

336 2873 470 2930 eius
506 2869 763 2945 pueritia
806 2869 1134 2944 pertulerat
1177 2867 1461 2928 libidines
1505 2884 1745 2941 eorum,
1774 2864 1903 2942 'qui
1945 2876 2119 2927 erant
2157 2867 2220 2926 in
2274 2885 2407 2928 eum

337 2953 610 3029 tyranni,
658 2952 917 3015 etiamne
958 2951 1014 3011 in
1060 2960 1307 3012 nostros
1346 2950 1573 3011 liberos
1618 2949 1932 3023 dominum
1979 2960 2039 3012 et
2080 2960 2405 3026 tyranuum

336 3037 772 3109 comparabat?
857 3038 1067 3110 Itaque
1100 3034 1201 3095 illo
1235 3033 1551 3095 interfecto
1584 3035 1822 3108 qualem
1850 3035 1908 3094 in
1951 3051 2068 3094 nos
2103 3051 2245 3093 eum
2266 3050 2405 3095 esse

333 3118 557 3190 voluit,
594 3118 731 3178 talis
762 3117 897 3194 ipse
933 3119 991 3178 in
1058 3127 1300 3179 ceteros
1331 3119 1577 3179 exstitit.
1665 3115 1764 3178 18.
1807 3117 1941 3191 Qua
1969 3118 2128 3177 enim
2174 3116 2236 3175 in
2272 3118 2405 3177 bar·

333 3199 505 3259 baria
539 3200 863 3274 quisquam
896 3210 1012 3262 tam
1047 3211 1266 3274 taeter,
1311 3209 1430 3262 tam
1460 3199 1724 3262 crudelis
1759 3209 2088 3279 tyrannus,
2126 3217 2309 3275 quam
2344 3197 2399 3258 in

333 3282 451 3341 hac
487 3281 634 3341 urbe
664 3281 847 3340 armis
882 3283 1277 3344 barbarorum
1307 3284 1565 3359 stipatus
1596 3284 1943 3344 Antonius?
2002 3284 2267 3347 Caesam
2296 3283 2399 3342 do·

334 3363 601 3422 minante
630 3362 1023 3427 veniebamus
1047 3366 1107 3426 in
1132 3376 1440 3440 senatum,
1476 3367 1530 3428 si
1554 3384 1673 3439 non
1697 3366 1920 3441 libere,
1949 3376 2230 3428 attamen
2257 3372 2397 3426 tuto.

335 3445 467 3503 Hoc
500 3442 861 3518 archipirata
893 3481 966 3490 —
1011 3447 1156 3522 quid
1188 3449 1348 3510 enim
1378 3450 1575 3512 dicam
1606 3457 1908 3529 tyranno?
1958 3484 2028 3494 —
2076 3450 2230 3510 haec
2260 3448 2404 3509 sub—
