<?xml version="1.0" encoding="UTF-8"?>
<!DOCTYPE html PUBLIC "-//W3C//DTD XHTML 1.0 Transitional//EN"
    "http://www.w3.org/TR/xhtml1/DTD/xhtml1-transitional.dtd">
<html xmlns="http://www.w3.org/1999/xhtml" xml:lang="en" lang="en">
 <head>
  <title>
</title>
<meta http-equiv="Content-Type" content="text/html;charset=utf-8" />
  <meta name='ocr-system' content='tesseract 3.04.00' />
  <meta name='ocr-capabilities' content='ocr_page ocr_carea ocr_par ocr_line ocrx_word'/>
</head>
<body>
  <div class='ocr_page' id='page_1' title='image "./scriptaquaemans02cicegoog_0127.png"; bbox 0 0 2514 3928; ppageno 0'>
   <div class='ocr_carea' id='block_1_1' title="bbox 860 160 2339 226">
    <p class='ocr_par' dir='ltr' id='par_1_1' title="bbox 860 160 2339 226">
     <span class='ocr_line' id='line_1_1' title="bbox 860 160 2339 226; baseline 0.003 -6"><span class='ocrx_word' id='word_1_1' title='bbox 860 162 1049 220; x_wconf 76' lang='lat' dir='ltr'><strong>CAP.</strong></span> <span class='ocrx_word' id='word_1_2' title='bbox 1081 167 1339 223; x_wconf 82' lang='lat'><strong>14—16.</strong></span> <span class='ocrx_word' id='word_1_3' title='bbox 1382 166 1434 226; x_wconf 75' lang='lat' dir='ltr'>S.</span> <span class='ocrx_word' id='word_1_4' title='bbox 1461 168 1719 222; x_wconf 78' lang='lat'><strong>33-39.</strong></span> <span class='ocrx_word' id='word_1_5' title='bbox 2255 160 2339 225; x_wconf 85' lang='grc'>69</span> 
     </span>
    </p>
   </div>
   <div class='ocr_carea' id='block_1_2' title="bbox 226 307 2341 3480">
    <p class='ocr_par' dir='ltr' id='par_1_2' title="bbox 226 307 2338 1479">
     <span class='ocr_line' id='line_1_2' title="bbox 226 307 2337 390; baseline -0.001 -15"><span class='ocrx_word' id='word_1_6' title='bbox 226 307 239 311; x_wconf 66' lang='grc'><strong><em>’</em></strong></span> <span class='ocrx_word' id='word_1_7' title='bbox 274 313 414 375; x_wconf 84' lang='lat' dir='ltr'>rarii</span> <span class='ocrx_word' id='word_1_8' title='bbox 448 313 1004 390; x_wconf 66' lang='lat' dir='ltr'>dispensationem</span> <span class='ocrx_word' id='word_1_9' title='bbox 1038 328 1193 386; x_wconf 86' lang='lat' dir='ltr'>quae</span> <span class='ocrx_word' id='word_1_10' title='bbox 1223 329 1553 387; x_wconf 87' lang='lat' dir='ltr'>numquam</span> <span class='ocrx_word' id='word_1_11' title='bbox 1586 310 1703 371; x_wconf 87' lang='lat' dir='ltr'>sibi</span> <span class='ocrx_word' id='word_1_12' title='bbox 1733 314 1998 387; x_wconf 92' lang='lat' dir='ltr'>populus</span> <span class='ocrx_word' id='word_1_13' title='bbox 2023 314 2337 373; x_wconf 80' lang='lat' dir='ltr'>Romanus</span> 
     </span>
     <span class='ocr_line' id='line_1_3' title="bbox 273 395 2336 473; baseline -0 -15"><span class='ocrx_word' id='word_1_14' title='bbox 273 397 599 473; x_wconf 74' lang='lat' dir='ltr'>appetivit,</span> <span class='ocrx_word' id='word_1_15' title='bbox 653 397 771 472; x_wconf 87' lang='lat' dir='ltr'>qui·</span> <span class='ocrx_word' id='word_1_16' title='bbox 805 413 1165 470; x_wconf 85' lang='lat' dir='ltr'>numquam,</span> <span class='ocrx_word' id='word_1_17' title='bbox 1208 405 1275 457; x_wconf 92' lang='lat' dir='ltr'>ut</span> <span class='ocrx_word' id='word_1_18' title='bbox 1307 404 1401 470; x_wconf 90' lang='lat' dir='ltr'>tu,</span> <span class='ocrx_word' id='word_1_19' title='bbox 1434 396 1651 456; x_wconf 90' lang='lat' dir='ltr'>summi</span> <span class='ocrx_word' id='word_1_20' title='bbox 1682 395 1922 456; x_wconf 89' lang='lat' dir='ltr'>consilii</span> <span class='ocrx_word' id='word_1_21' title='bbox 1949 396 2336 471; x_wconf 80' lang='lat' dir='ltr'>gubernatio·</span> 
     </span>
     <span class='ocr_line' id='line_1_4' title="bbox 273 480 2335 555; baseline -0 -14"><span class='ocrx_word' id='word_1_22' title='bbox 273 500 411 541; x_wconf 89' lang='lat' dir='ltr'>nem</span> <span class='ocrx_word' id='word_1_23' title='bbox 445 484 697 542; x_wconf 78' lang='lat' dir='ltr'>aul&#39;erre&#39;</span> <span class='ocrx_word' id='word_1_24' title='bbox 719 489 978 541; x_wconf 89' lang='lat' dir='ltr'>conatus</span> <span class='ocrx_word' id='word_1_25' title='bbox 1016 489 1127 541; x_wconf 89' lang='lat' dir='ltr'>est.</span> <span class='ocrx_word' id='word_1_26' title='bbox 1194 483 1358 554; x_wconf 83' lang='lat' dir='ltr'>Age,</span> <span class='ocrx_word' id='word_1_27' title='bbox 1391 481 1613 540; x_wconf 77' lang='lat' dir='ltr'>sactum</span> <span class='ocrx_word' id='word_1_28' title='bbox 1645 488 1741 540; x_wconf 92' lang='lat' dir='ltr'>est</span> <span class='ocrx_word' id='word_1_29' title='bbox 1769 480 1983 540; x_wconf 88' lang='lat' dir='ltr'>horum</span> <span class='ocrx_word' id='word_1_30' title='bbox 2012 480 2243 555; x_wconf 88' lang='lat' dir='ltr'>aliquid</span> <span class='ocrx_word' id='word_1_31' title='bbox 2272 481 2335 540; x_wconf 88' lang='lat' dir='ltr'>in</span> 
     </span>
     <span class='ocr_line' id='line_1_5' title="bbox 273 563 2335 639; baseline -0.002 -13"><span class='ocrx_word' id='word_1_32' title='bbox 273 566 444 626; x_wconf 77' lang='lat' dir='ltr'>aliis:</span> <span class='ocrx_word' id='word_1_33' title='bbox 489 581 662 639; x_wconf 84' lang='lat' dir='ltr'>rare,</span> <span class='ocrx_word' id='word_1_34' title='bbox 706 566 817 629; x_wconf 88' lang='lat' dir='ltr'>sed</span> <span class='ocrx_word' id='word_1_35' title='bbox 867 574 1066 626; x_wconf 87' lang='lat' dir='ltr'>tamen</span> <span class='ocrx_word' id='word_1_36' title='bbox 1114 565 1338 623; x_wconf 83' lang='lat' dir='ltr'>sactum</span> <span class='ocrx_word' id='word_1_37' title='bbox 1383 571 1479 623; x_wconf 89' lang='lat' dir='ltr'>est</span> <span class='ocrx_word' id='word_1_38' title='bbox 1512 570 1578 622; x_wconf 90' lang='lat' dir='ltr'>ut</span> <span class='ocrx_word' id='word_1_39' title='bbox 1606 565 1871 638; x_wconf 89' lang='lat' dir='ltr'>populus</span> <span class='ocrx_word' id='word_1_40' title='bbox 1905 563 2198 638; x_wconf 82' lang='lat' dir='ltr'>deligeret</span> <span class='ocrx_word' id='word_1_41' title='bbox 2226 564 2335 624; x_wconf 90' lang='lat' dir='ltr'>im-</span> 
     </span>
     <span class='ocr_line' id='line_1_6' title="bbox 274 646 2336 724; baseline -0.001 -16"><span class='ocrx_word' id='word_1_42' title='bbox 274 657 639 724; x_wconf 87' lang='lat' dir='ltr'>peratorem:</span> <span class='ocrx_word' id='word_1_43' title='bbox 711 647 851 722; x_wconf 90' lang='lat' dir='ltr'>quis</span> <span class='ocrx_word' id='word_1_44' title='bbox 883 649 1118 722; x_wconf 85' lang='lat' dir='ltr'>legatos</span> <span class='ocrx_word' id='word_1_45' title='bbox 1154 663 1442 723; x_wconf 90' lang='lat' dir='ltr'>umquam</span> <span class='ocrx_word' id='word_1_46' title='bbox 1478 646 1710 707; x_wconf 90' lang='lat' dir='ltr'>audivit</span> <span class='ocrx_word' id='word_1_47' title='bbox 1744 647 1876 707; x_wconf 90' lang='lat' dir='ltr'>sine</span> <span class='ocrx_word' id='word_1_48' title='bbox 1908 655 2159 707; x_wconf 89' lang='lat' dir='ltr'>senatus</span> <span class='ocrx_word' id='word_1_49' title='bbox 2192 664 2336 708; x_wconf 91' lang='lat' dir='ltr'>con-</span> 
     </span>
     <span class='ocr_line' id='line_1_7' title="bbox 274 729 2335 806; baseline -0 -13"><span class='ocrx_word' id='word_1_50' title='bbox 274 734 481 795; x_wconf 72' lang='lat' dir='ltr'>sulto?</span> <span class='ocrx_word' id='word_1_51' title='bbox 516 735 679 794; x_wconf 89' lang='lat' dir='ltr'>Ante</span> <span class='ocrx_word' id='word_1_52' title='bbox 721 740 780 792; x_wconf 90' lang='lat' dir='ltr'>te</span> <span class='ocrx_word' id='word_1_53' title='bbox 823 749 1031 792; x_wconf 82' lang='lat' dir='ltr'>nemo:</span> <span class='ocrx_word' id='word_1_54' title='bbox 1082 739 1224 806; x_wconf 91' lang='lat' dir='ltr'>post</span> <span class='ocrx_word' id='word_1_55' title='bbox 1265 730 1553 795; x_wconf 86' lang='lat' dir='ltr'>continuo</span> <span class='ocrx_word' id='word_1_56' title='bbox 1598 729 1741 790; x_wconf 81' lang='lat' dir='ltr'>fecit</span> <span class='ocrx_word' id='word_1_57' title='bbox 1781 730 1942 790; x_wconf 90' lang='lat' dir='ltr'>idem</span> <span class='ocrx_word' id='word_1_58' title='bbox 1987 730 2047 789; x_wconf 90' lang='lat' dir='ltr'>in</span> <span class='ocrx_word' id='word_1_59' title='bbox 2091 731 2335 792; x_wconf 90' lang='lat' dir='ltr'>duobus</span> 
     </span>
     <span class='ocr_line' id='line_1_8' title="bbox 271 814 2334 891; baseline 0 -17"><span class='ocrx_word' id='word_1_60' title='bbox 271 816 568 891; x_wconf 83' lang='lat' dir='ltr'>prodigiis</span> <span class='ocrx_word' id='word_1_61' title='bbox 611 815 703 876; x_wconf 87' lang='lat' dir='ltr'>rei</span> <span class='ocrx_word' id='word_1_62' title='bbox 752 817 1034 890; x_wconf 90' lang='lat' dir='ltr'>publicae</span> <span class='ocrx_word' id='word_1_63' title='bbox 1075 815 1355 875; x_wconf 81' lang='lat' dir='ltr'>Clodius:</span> <span class='ocrx_word' id='word_1_64' title='bbox 1410 831 1532 890; x_wconf 92' lang='lat' dir='ltr'>quo</span> <span class='ocrx_word' id='word_1_65' title='bbox 1576 815 1753 874; x_wconf 86' lang='lat' dir='ltr'>etiarn</span> <span class='ocrx_word' id='word_1_66' title='bbox 1804 814 2032 874; x_wconf 88' lang='lat' dir='ltr'>maiore</span> <span class='ocrx_word' id='word_1_67' title='bbox 2072 830 2141 873; x_wconf 90' lang='lat' dir='ltr'>es</span> <span class='ocrx_word' id='word_1_68' title='bbox 2174 815 2334 875; x_wconf 84' lang='lat' dir='ltr'>malo</span> 
     </span>
     <span class='ocr_line' id='line_1_9' title="bbox 271 897 2334 975; baseline -0.001 -16"><span class='ocrx_word' id='word_1_69' title='bbox 271 902 660 974; x_wconf 80' lang='lat' dir='ltr'>mactanduS,</span> <span class='ocrx_word' id='word_1_70' title='bbox 709 901 876 975; x_wconf 89' lang='lat' dir='ltr'>quod</span> <span class='ocrx_word' id='word_1_71' title='bbox 919 915 1041 959; x_wconf 90' lang='lat' dir='ltr'>non</span> <span class='ocrx_word' id='word_1_72' title='bbox 1091 901 1294 969; x_wconf 84' lang='lat' dir='ltr'>solum</span> <span class='ocrx_word' id='word_1_73' title='bbox 1323 900 1482 959; x_wconf 83' lang='lat' dir='ltr'>facto</span> <span class='ocrx_word' id='word_1_74' title='bbox 1516 907 1651 972; x_wconf 89' lang='lat' dir='ltr'>tu0,</span> <span class='ocrx_word' id='word_1_75' title='bbox 1699 899 1810 958; x_wconf 89' lang='lat' dir='ltr'>sed</span> <span class='ocrx_word' id='word_1_76' title='bbox 1841 897 2019 958; x_wconf 85' lang='lat' dir='ltr'>etiam</span> <span class='ocrx_word' id='word_1_77' title='bbox 2050 899 2334 972; x_wconf 88' lang='lat' dir='ltr'>exemplo</span> 
     </span>
     <span class='ocr_line' id='line_1_10' title="bbox 267 981 2338 1065; baseline 0 -23"><span class='ocrx_word' id='word_1_78' title='bbox 267 1000 395 1044; x_wconf 87' lang='lat' dir='ltr'>rem</span> <span class='ocrx_word' id='word_1_79' title='bbox 444 985 745 1060; x_wconf 81' lang='lat' dir='ltr'>publicam</span> <span class='ocrx_word' id='word_1_80' title='bbox 788 983 1155 1055; x_wconf 76' lang='lat' dir='ltr'>vulnerasti,</span> <span class='ocrx_word' id='word_1_81' title='bbox 1200 999 1404 1057; x_wconf 87' lang='lat' dir='ltr'>neque</span> <span class='ocrx_word' id='word_1_82' title='bbox 1443 989 1670 1065; x_wconf 80' lang='lat' dir='ltr'>tantum</span> <span class='ocrx_word' id='word_1_83' title='bbox 1714 981 1851 1056; x_wconf 92' lang='lat' dir='ltr'>ipse</span> <span class='ocrx_word' id='word_1_84' title='bbox 1895 999 1964 1041; x_wconf 90' lang='lat' dir='ltr'>es</span> <span class='ocrx_word' id='word_1_85' title='bbox 1997 982 2338 1057; x_wconf 81' lang='lat' dir='ltr'>improbuS,</span> 
     </span>
     <span class='ocr_line' id='line_1_11' title="bbox 270 1064 2337 1133; baseline 0 -6"><span class='ocrx_word' id='word_1_86' title='bbox 270 1069 383 1127; x_wconf 89' lang='lat' dir='ltr'>sed</span> <span class='ocrx_word' id='word_1_87' title='bbox 415 1068 593 1133; x_wconf 90' lang='lat' dir='ltr'>etiam</span> <span class='ocrx_word' id='word_1_88' title='bbox 624 1066 780 1126; x_wconf 89' lang='lat' dir='ltr'>alios</span> <span class='ocrx_word' id='word_1_89' title='bbox 811 1068 1036 1127; x_wconf 89' lang='lat' dir='ltr'>docere</span> <span class='ocrx_word' id='word_1_90' title='bbox 1066 1064 1333 1125; x_wconf 89' lang='lat' dir='ltr'>voluisti.</span> <span class='ocrx_word' id='word_1_91' title='bbox 1381 1064 1470 1125; x_wconf 91' lang='lat' dir='ltr'>Ob</span> <span class='ocrx_word' id='word_1_92' title='bbox 1501 1066 1687 1124; x_wconf 91' lang='lat' dir='ltr'>hasce</span> <span class='ocrx_word' id='word_1_93' title='bbox 1719 1082 1931 1127; x_wconf 87' lang='lat' dir='ltr'>omnes</span> <span class='ocrx_word' id='word_1_94' title='bbox 1964 1082 2065 1126; x_wconf 90' lang='lat' dir='ltr'>res</span> <span class='ocrx_word' id='word_1_95' title='bbox 2090 1066 2337 1127; x_wconf 83' lang='lat' dir='ltr'>sciasne</span> 
     </span>
     <span class='ocr_line' id='line_1_12' title="bbox 272 1147 2335 1221; baseline -0.001 -11"><span class='ocrx_word' id='word_1_96' title='bbox 272 1159 329 1210; x_wconf 93' lang='lat' dir='ltr'>te</span> <span class='ocrx_word' id='word_1_97' title='bbox 359 1150 891 1211; x_wconf 86' lang='lat' dir='ltr'>severissimorum</span> <span class='ocrx_word' id='word_1_98' title='bbox 920 1149 1263 1221; x_wconf 90' lang='lat' dir='ltr'>hominum,</span> <span class='ocrx_word' id='word_1_99' title='bbox 1306 1147 1667 1208; x_wconf 86' lang='lat' dir='ltr'>Sabinorum</span> <span class='ocrx_word' id='word_1_100' title='bbox 1686 1193 1701 1218; x_wconf 92' lang='lat'>,</span> <span class='ocrx_word' id='word_1_101' title='bbox 1750 1148 2216 1210; x_wconf 79' lang='lat' dir='ltr'>fortissimorum</span> <span class='ocrx_word' id='word_1_102' title='bbox 2246 1150 2335 1208; x_wconf 90' lang='lat' dir='ltr'>vi-</span> 
     </span>
     <span class='ocr_line' id='line_1_13' title="bbox 271 1229 2334 1305; baseline 0.001 -13"><span class='ocrx_word' id='word_1_103' title='bbox 271 1250 508 1302; x_wconf 86' lang='lat' dir='ltr'>rorum,</span> <span class='ocrx_word' id='word_1_104' title='bbox 549 1233 892 1291; x_wconf 83' lang='lat' dir='ltr'>Marsorum</span> <span class='ocrx_word' id='word_1_105' title='bbox 917 1238 980 1291; x_wconf 88' lang='lat' dir='ltr'>et</span> <span class='ocrx_word' id='word_1_106' title='bbox 994 1231 1447 1305; x_wconf 84' lang='lat' dir='ltr'>Paelignorum,</span> <span class='ocrx_word' id='word_1_107' title='bbox 1464 1229 1769 1294; x_wconf 79' lang='lat' dir='ltr'>tribulium</span> <span class='ocrx_word' id='word_1_108' title='bbox 1801 1238 2064 1303; x_wconf 88' lang='lat' dir='ltr'>tuorum,</span> <span class='ocrx_word' id='word_1_109' title='bbox 2108 1233 2334 1294; x_wconf 90' lang='lat' dir='ltr'>iudicio</span> 
     </span>
     <span class='ocr_line' id='line_1_14' title="bbox 275 1312 2334 1389; baseline 0 -14"><span class='ocrx_word' id='word_1_110' title='bbox 275 1324 577 1387; x_wconf 90' lang='lat' dir='ltr'>notatum,</span> <span class='ocrx_word' id='word_1_111' title='bbox 630 1330 746 1373; x_wconf 92' lang='lat' dir='ltr'>nec</span> <span class='ocrx_word' id='word_1_112' title='bbox 794 1322 938 1389; x_wconf 89' lang='lat' dir='ltr'>post</span> <span class='ocrx_word' id='word_1_113' title='bbox 984 1315 1241 1374; x_wconf 82' lang='lat' dir='ltr'>Romam</span> <span class='ocrx_word' id='word_1_114' title='bbox 1297 1312 1601 1373; x_wconf 89' lang='lat' dir='ltr'>conditam</span> <span class='ocrx_word' id='word_1_115' title='bbox 1657 1321 1898 1386; x_wconf 62' lang='lat' dir='ltr'>praeter⁴</span> <span class='ocrx_word' id='word_1_116' title='bbox 1946 1323 2001 1373; x_wconf 92' lang='lat' dir='ltr'>te</span> <span class='ocrx_word' id='word_1_117' title='bbox 2058 1315 2334 1376; x_wconf 79' lang='lat' dir='ltr'>tribulem</span> 
     </span>
     <span class='ocr_line' id='line_1_15' title="bbox 276 1395 1725 1479; baseline -0.003 -21"><span class='ocrx_word' id='word_1_118' title='bbox 276 1414 646 1474; x_wconf 83' lang='lat' dir='ltr'>quemquam</span> <span class='ocrx_word' id='word_1_119' title='bbox 679 1396 894 1458; x_wconf 88' lang='lat' dir='ltr'>tribum</span> <span class='ocrx_word' id='word_1_120' title='bbox 927 1395 1202 1470; x_wconf 85' lang='lat' dir='ltr'>Sergiam</span> <span class='ocrx_word' id='word_1_121' title='bbox 1234 1395 1625 1472; x_wconf 66' lang='lat' dir='ltr'>perdidisse?</span> <span class='ocrx_word' id='word_1_122' title='bbox 1718 1473 1725 1479; x_wconf 23' lang='lat'><em>⁶</em></span> 
     </span>
    </p>

    <p class='ocr_par' dir='ltr' id='par_1_3' title="bbox 266 1477 2339 2393">
     <span class='ocr_line' id='line_1_16' title="bbox 440 1477 2339 1556; baseline -0.001 -14"><span class='ocrx_word' id='word_1_123' title='bbox 440 1477 541 1542; x_wconf 86' lang='lat'>37.</span> <span class='ocrx_word' id='word_1_124' title='bbox 585 1483 790 1556; x_wconf 83' lang='lat' dir='ltr'>Atque</span> <span class='ocrx_word' id='word_1_125' title='bbox 813 1481 958 1541; x_wconf 90' lang='lat' dir='ltr'>illud</span> <span class='ocrx_word' id='word_1_126' title='bbox 985 1479 1166 1541; x_wconf 89' lang='lat' dir='ltr'>etiam</span> <span class='ocrx_word' id='word_1_127' title='bbox 1196 1481 1409 1540; x_wconf 88' lang='lat' dir='ltr'>audire</span> <span class='ocrx_word' id='word_1_128' title='bbox 1438 1481 1515 1539; x_wconf 91' lang='lat' dir='ltr'>de</span> <span class='ocrx_word' id='word_1_129' title='bbox 1547 1488 1603 1540; x_wconf 86' lang='lat' dir='ltr'>te</span> <span class='ocrx_word' id='word_1_130' title='bbox 1634 1478 1847 1555; x_wconf 89' lang='lat' dir='ltr'>cupio,</span> <span class='ocrx_word' id='word_1_131' title='bbox 1883 1497 2006 1555; x_wconf 89' lang='lat' dir='ltr'>qua</span> <span class='ocrx_word' id='word_1_132' title='bbox 2032 1497 2116 1553; x_wconf 91' lang='lat' dir='ltr'>re,</span> <span class='ocrx_word' id='word_1_133' title='bbox 2152 1499 2339 1555; x_wconf 87' lang='lat' dir='ltr'>quum</span> 
     </span>
     <span class='ocr_line' id='line_1_17' title="bbox 271 1563 2338 1640; baseline -0.001 -14"><span class='ocrx_word' id='word_1_134' title='bbox 271 1583 388 1640; x_wconf 82' lang='lat' dir='ltr'>ego</span> <span class='ocrx_word' id='word_1_135' title='bbox 431 1567 629 1640; x_wconf 84' lang='lat' dir='ltr'>legem</span> <span class='ocrx_word' id='word_1_136' title='bbox 675 1567 754 1626; x_wconf 88' lang='lat' dir='ltr'>de</span> <span class='ocrx_word' id='word_1_137' title='bbox 797 1565 1024 1625; x_wconf 88' lang='lat' dir='ltr'>ambitu</span> <span class='ocrx_word' id='word_1_138' title='bbox 1066 1563 1305 1624; x_wconf 89' lang='lat' dir='ltr'>tulerim</span> <span class='ocrx_word' id='word_1_139' title='bbox 1347 1580 1425 1623; x_wconf 92' lang='lat' dir='ltr'>ex</span> <span class='ocrx_word' id='word_1_140' title='bbox 1461 1572 1712 1624; x_wconf 89' lang='lat' dir='ltr'>senatus</span> <span class='ocrx_word' id='word_1_141' title='bbox 1744 1564 2056 1638; x_wconf 82' lang='lat' dir='ltr'>consulte,</span> <span class='ocrx_word' id='word_1_142' title='bbox 2100 1565 2338 1625; x_wconf 85' lang='lat' dir='ltr'>tulerim</span> 
     </span>
     <span class='ocr_line' id='line_1_18' title="bbox 272 1647 2338 1723; baseline 0 -15"><span class='ocrx_word' id='word_1_143' title='bbox 272 1651 406 1709; x_wconf 86' lang='lat' dir='ltr'>sine</span> <span class='ocrx_word' id='word_1_144' title='bbox 440 1649 528 1723; x_wconf 90' lang='lat' dir='ltr'>vi,</span> <span class='ocrx_word' id='word_1_145' title='bbox 573 1647 809 1710; x_wconf 89' lang='lat' dir='ltr'>tulerim</span> <span class='ocrx_word' id='word_1_146' title='bbox 841 1648 1030 1710; x_wconf 90' lang='lat' dir='ltr'>salvis</span> <span class='ocrx_word' id='word_1_147' title='bbox 1065 1648 1390 1723; x_wconf 83' lang='lat' dir='ltr'>auspiciiS,</span> <span class='ocrx_word' id='word_1_148' title='bbox 1437 1647 1672 1709; x_wconf 89' lang='lat' dir='ltr'>tulerim</span> <span class='ocrx_word' id='word_1_149' title='bbox 1708 1649 1879 1708; x_wconf 89' lang='lat' dir='ltr'>salva</span> <span class='ocrx_word' id='word_1_150' title='bbox 1908 1651 2044 1723; x_wconf 79' lang='lat' dir='ltr'>lege</span> <span class='ocrx_word' id='word_1_151' title='bbox 2072 1649 2249 1708; x_wconf 84' lang='lat' dir='ltr'>Aelia</span> <span class='ocrx_word' id='word_1_152' title='bbox 2276 1657 2338 1709; x_wconf 92' lang='lat' dir='ltr'>et</span> 
     </span>
     <span class='ocr_line' id='line_1_19' title="bbox 266 1730 2334 1809; baseline 0 -17"><span class='ocrx_word' id='word_1_153' title='bbox 266 1734 467 1806; x_wconf 84' lang='lat' dir='ltr'>Fufia,</span> <span class='ocrx_word' id='word_1_154' title='bbox 514 1743 575 1793; x_wconf 88' lang='lat' dir='ltr'>tu</span> <span class='ocrx_word' id='word_1_155' title='bbox 620 1749 755 1793; x_wconf 88' lang='lat' dir='ltr'>eam</span> <span class='ocrx_word' id='word_1_156' title='bbox 797 1749 940 1792; x_wconf 89' lang='lat' dir='ltr'>esse</span> <span class='ocrx_word' id='word_1_157' title='bbox 967 1735 1164 1807; x_wconf 83' lang='lat' dir='ltr'>legem</span> <span class='ocrx_word' id='word_1_158' title='bbox 1197 1749 1318 1792; x_wconf 90' lang='lat' dir='ltr'>non</span> <span class='ocrx_word' id='word_1_159' title='bbox 1360 1740 1565 1807; x_wconf 82' lang='lat' dir='ltr'>puteS,</span> <span class='ocrx_word' id='word_1_160' title='bbox 1611 1730 1967 1807; x_wconf 81' lang='lat' dir='ltr'>praesertim</span> <span class='ocrx_word' id='word_1_161' title='bbox 2000 1750 2185 1808; x_wconf 88' lang='lat' dir='ltr'>quum</span> <span class='ocrx_word' id='word_1_162' title='bbox 2218 1749 2334 1809; x_wconf 84' lang='lat' dir='ltr'>ego</span> 
     </span>
     <span class='ocr_line' id='line_1_20' title="bbox 270 1816 2331 1892; baseline 0.001 -17"><span class='ocrx_word' id='word_1_163' title='bbox 270 1818 508 1891; x_wconf 83' lang='lat' dir='ltr'>legibus</span> <span class='ocrx_word' id='word_1_164' title='bbox 555 1816 704 1891; x_wconf 82' lang='lat' dir='ltr'>tuiS‚</span> <span class='ocrx_word' id='word_1_165' title='bbox 747 1833 999 1891; x_wconf 89' lang='lat' dir='ltr'>quoquo</span> <span class='ocrx_word' id='word_1_166' title='bbox 1046 1817 1231 1876; x_wconf 92' lang='lat' dir='ltr'>modo</span> <span class='ocrx_word' id='word_1_167' title='bbox 1265 1817 1421 1876; x_wconf 90' lang='lat' dir='ltr'>latae</span> <span class='ocrx_word' id='word_1_168' title='bbox 1453 1825 1624 1891; x_wconf 91' lang='lat' dir='ltr'>sunt,</span> <span class='ocrx_word' id='word_1_169' title='bbox 1655 1831 1932 1890; x_wconf 79' lang='lat' dir='ltr'>paream:</span> <span class='ocrx_word' id='word_1_170' title='bbox 1982 1833 2168 1892; x_wconf 91' lang='lat' dir='ltr'>quum</span> <span class='ocrx_word' id='word_1_171' title='bbox 2200 1834 2331 1879; x_wconf 87' lang='lat' dir='ltr'>mea</span> 
     </span>
     <span class='ocr_line' id='line_1_21' title="bbox 271 1900 2332 1975; baseline 0 -17"><span class='ocrx_word' id='word_1_172' title='bbox 271 1902 371 1960; x_wconf 87' lang='lat' dir='ltr'>lex</span> <span class='ocrx_word' id='word_1_173' title='bbox 404 1900 668 1960; x_wconf 83' lang='lat' dir='ltr'>dilucide</span> <span class='ocrx_word' id='word_1_174' title='bbox 703 1907 895 1975; x_wconf 89' lang='lat' dir='ltr'>vetet,</span> <span class='ocrx_word' id='word_1_175' title='bbox 935 1916 1209 1973; x_wconf 67' lang='lat' dir='ltr'>Biennio,</span> <span class='ocrx_word' id='word_1_176' title='bbox 1253 1915 1370 1969; x_wconf 75' lang='lat' dir='ltr'>Quo</span> <span class='ocrx_word' id='word_1_177' title='bbox 1420 1916 1554 1969; x_wconf 78' lang='lat' dir='ltr'>Qu1s</span> <span class='ocrx_word' id='word_1_178' title='bbox 1582 1916 1770 1959; x_wconf 73' lang='grc' dir='ltr'><strong>ΡΕΤΑΤ</strong></span> <span class='ocrx_word' id='word_1_179' title='bbox 1795 1916 2190 1961; x_wconf 80' lang='lat' dir='ltr'>PETITURUSVE</span> <span class='ocrx_word' id='word_1_180' title='bbox 2221 1918 2332 1972; x_wconf 73' lang='lat' dir='ltr'>sn,</span> 
     </span>
     <span class='ocr_line' id='line_1_22' title="bbox 268 1999 2336 2060; baseline 0.001 -17"><span class='ocrx_word' id='word_1_181' title='bbox 268 1999 685 2058; x_wconf 64' lang='lat' dir='ltr'>cLAmA‘romts</span> <span class='ocrx_word' id='word_1_182' title='bbox 716 2001 878 2042; x_wconf 77' lang='lat' dir='ltr'>DARE</span> <span class='ocrx_word' id='word_1_183' title='bbox 910 2000 1032 2044; x_wconf 81' lang='lat' dir='ltr'>ms1</span> <span class='ocrx_word' id='word_1_184' title='bbox 1061 2000 1142 2042; x_wconf 76' lang='lat' dir='ltr'>Ex</span> <span class='ocrx_word' id='word_1_185' title='bbox 1168 2000 1556 2044; x_wconf 65' lang='lat' dir='ltr'>‘resumam-o</span> <span class='ocrx_word' id='word_1_186' title='bbox 1590 2000 1992 2044; x_wconf 58' lang='lat' dir='ltr'>mansi-rrum</span> <span class='ocrx_word' id='word_1_187' title='bbox 2025 2002 2143 2059; x_wconf 77' lang='lat' dir='ltr'>nm,</span> <span class='ocrx_word' id='word_1_188' title='bbox 2176 2002 2336 2060; x_wconf 88' lang='lat' dir='ltr'>quae</span> 
     </span>
     <span class='ocr_line' id='line_1_23' title="bbox 267 2067 2335 2143; baseline 0 -16"><span class='ocrx_word' id='word_1_189' title='bbox 267 2076 435 2128; x_wconf 87' lang='lat' dir='ltr'>tanta</span> <span class='ocrx_word' id='word_1_190' title='bbox 472 2067 531 2126; x_wconf 90' lang='lat' dir='ltr'>in</span> <span class='ocrx_word' id='word_1_191' title='bbox 579 2076 637 2127; x_wconf 89' lang='lat' dir='ltr'>te</span> <span class='ocrx_word' id='word_1_192' title='bbox 678 2068 757 2127; x_wconf 87' lang='lat' dir='ltr'>sit</span> <span class='ocrx_word' id='word_1_193' title='bbox 798 2067 1093 2140; x_wconf 88' lang='lat' dir='ltr'>amentia,</span> <span class='ocrx_word' id='word_1_194' title='bbox 1138 2076 1200 2128; x_wconf 91' lang='lat' dir='ltr'>ut</span> <span class='ocrx_word' id='word_1_195' title='bbox 1245 2067 1305 2127; x_wconf 90' lang='lat' dir='ltr'>in</span> <span class='ocrx_word' id='word_1_196' title='bbox 1339 2068 1478 2143; x_wconf 89' lang='lat' dir='ltr'>ipsa</span> <span class='ocrx_word' id='word_1_197' title='bbox 1507 2068 1797 2142; x_wconf 91' lang='lat' dir='ltr'>petitione</span> <span class='ocrx_word' id='word_1_198' title='bbox 1825 2068 2198 2143; x_wconf 81' lang='lat' dir='ltr'>gladiatores</span> <span class='ocrx_word' id='word_1_199' title='bbox 2227 2085 2335 2128; x_wconf 85' lang='lat' dir='ltr'>au-</span> 
     </span>
     <span class='ocr_line' id='line_1_24' title="bbox 271 2151 2335 2226; baseline 0 -16"><span class='ocrx_word' id='word_1_200' title='bbox 271 2154 423 2211; x_wconf 88' lang='lat' dir='ltr'>deas</span> <span class='ocrx_word' id='word_1_201' title='bbox 467 2152 660 2211; x_wconf 70' lang='lat' dir='ltr'>dare?</span> <span class='ocrx_word' id='word_1_202' title='bbox 700 2167 849 2211; x_wconf 58' lang='lat' dir='ltr'>num&gt;</span> <span class='ocrx_word' id='word_1_203' title='bbox 878 2168 1058 2225; x_wconf 88' lang='lat' dir='ltr'>quem</span> <span class='ocrx_word' id='word_1_204' title='bbox 1092 2158 1275 2225; x_wconf 90' lang='lat' dir='ltr'>putes</span> <span class='ocrx_word' id='word_1_205' title='bbox 1312 2152 1471 2212; x_wconf 89' lang='lat' dir='ltr'>illius</span> <span class='ocrx_word' id='word_1_206' title='bbox 1502 2152 1587 2211; x_wconf 91' lang='lat' dir='ltr'>tui</span> <span class='ocrx_word' id='word_1_207' title='bbox 1624 2151 1945 2212; x_wconf 85' lang='lat' dir='ltr'>certissimi</span> <span class='ocrx_word' id='word_1_208' title='bbox 1979 2151 2335 2226; x_wconf 84' lang='lat' dir='ltr'>gladiatoris</span> 
     </span>
     <span class='ocr_line' id='line_1_25' title="bbox 273 2233 2333 2311; baseline 0 -16"><span class='ocrx_word' id='word_1_209' title='bbox 273 2234 530 2295; x_wconf 91' lang='lat' dir='ltr'>similem</span> <span class='ocrx_word' id='word_1_210' title='bbox 566 2234 871 2308; x_wconf 80' lang='lat' dir='ltr'>tribunum</span> <span class='ocrx_word' id='word_1_211' title='bbox 887 2233 1087 2310; x_wconf 88' lang='lat' dir='ltr'>plebis</span> <span class='ocrx_word' id='word_1_212' title='bbox 1103 2251 1294 2309; x_wconf 89' lang='lat' dir='ltr'>posse</span> <span class='ocrx_word' id='word_1_213' title='bbox 1329 2234 1584 2311; x_wconf 87' lang='lat' dir='ltr'>reperiri</span> <span class='ocrx_word' id='word_1_214' title='bbox 1616 2235 1718 2311; x_wconf 89' lang='lat' dir='ltr'>qui</span> <span class='ocrx_word' id='word_1_215' title='bbox 1745 2251 1814 2296; x_wconf 91' lang='lat' dir='ltr'>se</span> <span class='ocrx_word' id='word_1_216' title='bbox 1841 2235 2187 2311; x_wconf 87' lang='lat' dir='ltr'>interponat</span> <span class='ocrx_word' id='word_1_217' title='bbox 2210 2253 2333 2311; x_wconf 91' lang='lat' dir='ltr'>quo</span> 
     </span>
     <span class='ocr_line' id='line_1_26' title="bbox 271 2319 1167 2393; baseline 0 -16"><span class='ocrx_word' id='word_1_218' title='bbox 271 2319 470 2378; x_wconf 90' lang='lat' dir='ltr'>minus</span> <span class='ocrx_word' id='word_1_219' title='bbox 501 2334 645 2379; x_wconf 91' lang='lat' dir='ltr'>rcus</span> <span class='ocrx_word' id='word_1_220' title='bbox 674 2334 810 2378; x_wconf 91' lang='lat' dir='ltr'>mea</span> <span class='ocrx_word' id='word_1_221' title='bbox 847 2320 979 2393; x_wconf 81' lang='lat' dir='ltr'>lege</span> <span class='ocrx_word' id='word_1_222' title='bbox 1010 2319 1167 2378; x_wconf 66' lang='lat' dir='ltr'>fias?</span> 
     </span>
    </p>

    <p class='ocr_par' dir='ltr' id='par_1_4' title="bbox 267 2401 2341 3480">
     <span class='ocr_line' id='line_1_27' title="bbox 432 2401 2335 2477; baseline 0.001 -16"><span class='ocrx_word' id='word_1_223' title='bbox 432 2403 596 2461; x_wconf 84' lang='lat' dir='ltr'>XVI.</span> <span class='ocrx_word' id='word_1_224' title='bbox 625 2401 726 2463; x_wconf 83' lang='lat'>38.</span> <span class='ocrx_word' id='word_1_225' title='bbox 769 2405 864 2462; x_wconf 86' lang='lat' dir='ltr'>Ac</span> <span class='ocrx_word' id='word_1_226' title='bbox 888 2401 940 2463; x_wconf 90' lang='lat' dir='ltr'>si</span> <span class='ocrx_word' id='word_1_227' title='bbox 964 2402 1117 2462; x_wconf 86' lang='lat' dir='ltr'>haec</span> <span class='ocrx_word' id='word_1_228' title='bbox 1142 2402 1343 2462; x_wconf 87' lang='lat' dir='ltr'>omnia</span> <span class='ocrx_word' id='word_1_229' title='bbox 1368 2402 1709 2464; x_wconf 87' lang='lat' dir='ltr'>contemnis</span> <span class='ocrx_word' id='word_1_230' title='bbox 1732 2418 1807 2462; x_wconf 90' lang='lat' dir='ltr'>ac</span> <span class='ocrx_word' id='word_1_231' title='bbox 1842 2402 2133 2477; x_wconf 88' lang='lat' dir='ltr'>despicis,</span> <span class='ocrx_word' id='word_1_232' title='bbox 2168 2403 2335 2477; x_wconf 89' lang='lat' dir='ltr'>quod</span> 
     </span>
     <span class='ocr_line' id='line_1_28' title="bbox 269 2484 2336 2561; baseline 0.001 -17"><span class='ocrx_word' id='word_1_233' title='bbox 269 2485 353 2544; x_wconf 89' lang='lat' dir='ltr'>ita</span> <span class='ocrx_word' id='word_1_234' title='bbox 386 2484 490 2546; x_wconf 90' lang='lat' dir='ltr'>tibi</span> <span class='ocrx_word' id='word_1_235' title='bbox 528 2486 940 2561; x_wconf 82' lang='lat' dir='ltr'>persuaseris,</span> <span class='ocrx_word' id='word_1_236' title='bbox 986 2492 1049 2544; x_wconf 89' lang='lat' dir='ltr'>ut</span> <span class='ocrx_word' id='word_1_237' title='bbox 1083 2488 1285 2560; x_wconf 88' lang='lat' dir='ltr'>palam</span> <span class='ocrx_word' id='word_1_238' title='bbox 1318 2486 1589 2560; x_wconf 82' lang='lat' dir='ltr'>dictitaS,</span> <span class='ocrx_word' id='word_1_239' title='bbox 1633 2494 1692 2546; x_wconf 93' lang='lat' dir='ltr'>te</span> <span class='ocrx_word' id='word_1_240' title='bbox 1709 2485 1824 2545; x_wconf 49' lang='lat' dir='ltr'>“dis</span> <span class='ocrx_word' id='word_1_241' title='bbox 1860 2486 2336 2561; x_wconf 87' lang='lat' dir='ltr'>hominibusque</span> 
     </span>
     <span class='ocr_line' id='line_1_29' title="bbox 271 2567 2337 2643; baseline 0 -16"><span class='ocrx_word' id='word_1_242' title='bbox 271 2568 476 2629; x_wconf 90' lang='lat' dir='ltr'>invitis</span> <span class='ocrx_word' id='word_1_243' title='bbox 515 2585 723 2629; x_wconf 89' lang='lat' dir='ltr'>amore</span> <span class='ocrx_word' id='word_1_244' title='bbox 770 2570 829 2627; x_wconf 86' lang='lat' dir='ltr'>in</span> <span class='ocrx_word' id='word_1_245' title='bbox 874 2577 933 2629; x_wconf 90' lang='lat' dir='ltr'>te</span> <span class='ocrx_word' id='word_1_246' title='bbox 992 2567 1333 2629; x_wconf 88' lang='lat' dir='ltr'>incredibili</span> <span class='ocrx_word' id='word_1_247' title='bbox 1382 2570 1647 2643; x_wconf 87' lang='lat' dir='ltr'>quodam</span> <span class='ocrx_word' id='word_1_248' title='bbox 1693 2568 1755 2628; x_wconf 86' lang='lat' dir='ltr'>C.</span> <span class='ocrx_word' id='word_1_249' title='bbox 1800 2568 2078 2630; x_wconf 89' lang='lat' dir='ltr'>Caesaris</span> <span class='ocrx_word' id='word_1_250' title='bbox 2133 2569 2337 2631; x_wconf 89' lang='lat' dir='ltr'>omnia</span> 
     </span>
     <span class='ocr_line' id='line_1_30' title="bbox 271 2651 2334 2728; baseline 0 -17"><span class='ocrx_word' id='word_1_251' title='bbox 271 2668 434 2725; x_wconf 91' lang='lat' dir='ltr'>quae</span> <span class='ocrx_word' id='word_1_252' title='bbox 479 2652 631 2712; x_wconf 90' lang='lat' dir='ltr'>velis</span> <span class='ocrx_word' id='word_1_253' title='bbox 679 2660 1180 2724; x_wconf 82' lang='lat' dir='ltr'>consecuturum,</span> <span class='ocrx_word' id='word_1_254' title='bbox 1223 2651 1450 2728; x_wconf 90' lang='lat' dir='ltr'>ecquid</span> <span class='ocrx_word' id='word_1_255' title='bbox 1493 2651 1794 2725; x_wconf 86' lang='lat' dir='ltr'>audieris,</span> <span class='ocrx_word' id='word_1_256' title='bbox 1837 2653 2192 2727; x_wconf 87' lang='lat' dir='ltr'>ecquisnam</span> <span class='ocrx_word' id='word_1_257' title='bbox 2231 2653 2334 2713; x_wconf 88' lang='lat' dir='ltr'>tibi</span> 
     </span>
     <span class='ocr_line' id='line_1_31' title="bbox 268 2732 2333 2811; baseline 0.001 -17"><span class='ocrx_word' id='word_1_258' title='bbox 268 2735 494 2795; x_wconf 86' lang='lat' dir='ltr'>dixerit</span> <span class='ocrx_word' id='word_1_259' title='bbox 524 2735 585 2795; x_wconf 88' lang='lat' dir='ltr'>C.</span> <span class='ocrx_word' id='word_1_260' title='bbox 620 2736 940 2795; x_wconf 89' lang='lat' dir='ltr'>Caesarem</span> <span class='ocrx_word' id='word_1_261' title='bbox 983 2753 1178 2810; x_wconf 90' lang='lat' dir='ltr'>nuper</span> <span class='ocrx_word' id='word_1_262' title='bbox 1213 2732 1568 2810; x_wconf 86' lang='lat' dir='ltr'>Aquileiae,</span> <span class='ocrx_word' id='word_1_263' title='bbox 1617 2751 1803 2808; x_wconf 87' lang='lat' dir='ltr'>quum</span> <span class='ocrx_word' id='word_1_264' title='bbox 1851 2736 1928 2795; x_wconf 92' lang='lat' dir='ltr'>de</span> <span class='ocrx_word' id='word_1_265' title='bbox 1968 2736 2333 2811; x_wconf 89' lang='lat' dir='ltr'>quibusdam</span> 
     </span>
     <span class='ocr_line' id='line_1_32' title="bbox 269 2813 2336 2895; baseline 0.002 -17"><span class='ocrx_word' id='word_1_266' title='bbox 269 2827 442 2880; x_wconf 89' lang='lat' dir='ltr'>esset</span> <span class='ocrx_word' id='word_1_267' title='bbox 463 2815 687 2876; x_wconf 89' lang='lat' dir='ltr'>mentio</span> <span class='ocrx_word' id='word_1_268' title='bbox 707 2816 887 2885; x_wconf 81' lang='lat' dir='ltr'>sacta,</span> <span class='ocrx_word' id='word_1_269' title='bbox 912 2813 1144 2875; x_wconf 86' lang='lat' dir='ltr'>dixisse</span> <span class='ocrx_word' id='word_1_270' title='bbox 1157 2836 1221 2877; x_wconf 82' lang='lat' dir='ltr'>se</span> <span class='ocrx_word' id='word_1_271' title='bbox 1239 2818 1301 2877; x_wconf 89' lang='lat' dir='ltr'>C.</span> <span class='ocrx_word' id='word_1_272' title='bbox 1316 2817 1541 2875; x_wconf 88' lang='lat' dir='ltr'>Alfium</span> <span class='ocrx_word' id='word_1_273' title='bbox 1557 2817 1948 2889; x_wconf 84' lang='lat' dir='ltr'>praeteritum</span> <span class='ocrx_word' id='word_1_274' title='bbox 1968 2823 2336 2895; x_wconf 89' lang='lat' dir='ltr'>permoleste</span> 
     </span>
     <span class='ocr_line' id='line_1_33' title="bbox 269 2900 2339 2981; baseline 0.002 -19"><span class='ocrx_word' id='word_1_275' title='bbox 269 2900 521 2977; x_wconf 81' lang='lat' dir='ltr'>tulisse,</span> <span class='ocrx_word' id='word_1_276' title='bbox 561 2901 729 2976; x_wconf 89' lang='lat' dir='ltr'>quod</span> <span class='ocrx_word' id='word_1_277' title='bbox 766 2900 828 2960; x_wconf 91' lang='lat' dir='ltr'>in</span> <span class='ocrx_word' id='word_1_278' title='bbox 869 2901 1117 2961; x_wconf 89' lang='lat' dir='ltr'>homine</span> <span class='ocrx_word' id='word_1_279' title='bbox 1159 2917 1457 2962; x_wconf 89' lang='lat' dir='ltr'>summam</span> <span class='ocrx_word' id='word_1_280' title='bbox 1497 2901 1681 2961; x_wconf 83' lang='lat' dir='ltr'>fidem</span> <span class='ocrx_word' id='word_1_281' title='bbox 1709 2901 2196 2981; x_wconf 85' lang='lat' dir='ltr'>probitatemque</span> <span class='ocrx_word' id='word_1_282' title='bbox 2233 2922 2339 2966; x_wconf 90' lang='lat' dir='ltr'>co-</span> 
     </span>
     <span class='ocr_line' id='line_1_34' title="bbox 269 2973 2336 3064; baseline 0.002 -21"><span class='ocrx_word' id='word_1_283' title='bbox 269 2973 555 3058; x_wconf 66' lang='lat' dir='ltr'>gnosset‚</span> <span class='ocrx_word' id='word_1_284' title='bbox 585 2983 977 3061; x_wconf 85' lang='lat' dir='ltr'>graviterque</span> <span class='ocrx_word' id='word_1_285' title='bbox 1008 2985 1187 3045; x_wconf 86' lang='lat' dir='ltr'>etiam</span> <span class='ocrx_word' id='word_1_286' title='bbox 1221 3001 1293 3044; x_wconf 91' lang='lat' dir='ltr'>se</span> <span class='ocrx_word' id='word_1_287' title='bbox 1324 2987 1482 3044; x_wconf 81' lang='lat' dir='ltr'>serre</span> <span class='ocrx_word' id='word_1_288' title='bbox 1517 2992 1860 3059; x_wconf 88' lang='lat' dir='ltr'>praetorem</span> <span class='ocrx_word' id='word_1_289' title='bbox 1891 2986 2159 3064; x_wconf 86' lang='lat' dir='ltr'>aliquem</span> <span class='ocrx_word' id='word_1_290' title='bbox 2192 3004 2336 3048; x_wconf 92' lang='lat' dir='ltr'>esse</span> 
     </span>
     <span class='ocr_line' id='line_1_35' title="bbox 270 3068 2336 3145; baseline 0.002 -19"><span class='ocrx_word' id='word_1_291' title='bbox 270 3070 526 3139; x_wconf 79' lang='lat' dir='ltr'>sactum,</span> <span class='ocrx_word' id='word_1_292' title='bbox 573 3068 679 3143; x_wconf 91' lang='lat' dir='ltr'>qui</span> <span class='ocrx_word' id='word_1_293' title='bbox 722 3085 760 3127; x_wconf 91' lang='lat' dir='ltr'>a</span> <span class='ocrx_word' id='word_1_294' title='bbox 802 3068 932 3128; x_wconf 87' lang='lat' dir='ltr'>suis</span> <span class='ocrx_word' id='word_1_295' title='bbox 972 3068 1310 3129; x_wconf 88' lang='lat' dir='ltr'>rationibus</span> <span class='ocrx_word' id='word_1_296' title='bbox 1352 3068 1783 3142; x_wconf 89' lang='lat' dir='ltr'>dissensisset‚</span> <span class='ocrx_word' id='word_1_297' title='bbox 1839 3077 1964 3130; x_wconf 81' lang='lat' dir='ltr'>tum</span> <span class='ocrx_word' id='word_1_298' title='bbox 2010 3069 2336 3145; x_wconf 89' lang='lat' dir='ltr'>quaesisse</span> 
     </span>
     <span class='ocr_line' id='line_1_36' title="bbox 270 3150 2336 3227; baseline 0 -16"><span class='ocrx_word' id='word_1_299' title='bbox 270 3153 617 3226; x_wconf 89' lang='lat' dir='ltr'>quemdam,</span> <span class='ocrx_word' id='word_1_300' title='bbox 648 3153 726 3212; x_wconf 90' lang='lat' dir='ltr'>de</span> <span class='ocrx_word' id='word_1_301' title='bbox 755 3150 1002 3213; x_wconf 87' lang='lat' dir='ltr'>Vatinio</span> <span class='ocrx_word' id='word_1_302' title='bbox 1039 3169 1220 3227; x_wconf 89' lang='lat' dir='ltr'>quem</span> <span class='ocrx_word' id='word_1_303' title='bbox 1252 3152 1329 3211; x_wconf 93' lang='lat' dir='ltr'>ad</span> <span class='ocrx_word' id='word_1_304' title='bbox 1363 3153 1608 3212; x_wconf 91' lang='lat' dir='ltr'>modum</span> <span class='ocrx_word' id='word_1_305' title='bbox 1633 3153 1843 3213; x_wconf 76' lang='lat' dir='ltr'>ferret:</span> <span class='ocrx_word' id='word_1_306' title='bbox 1874 3153 2043 3213; x_wconf 90' lang='lat' dir='ltr'>illum</span> <span class='ocrx_word' id='word_1_307' title='bbox 2074 3169 2336 3226; x_wconf 89' lang='lat' dir='ltr'>respon-</span> 
     </span>
     <span class='ocr_line' id='line_1_37' title="bbox 268 3234 2337 3310; baseline -0.001 -17"><span class='ocrx_word' id='word_1_308' title='bbox 268 3234 441 3296; x_wconf 88' lang='lat' dir='ltr'>disse</span> <span class='ocrx_word' id='word_1_309' title='bbox 488 3235 798 3296; x_wconf 89' lang='lat' dir='ltr'>Vatinium</span> <span class='ocrx_word' id='word_1_310' title='bbox 841 3235 902 3295; x_wconf 91' lang='lat' dir='ltr'>in</span> <span class='ocrx_word' id='word_1_311' title='bbox 948 3237 1253 3296; x_wconf 89' lang='lat' dir='ltr'>tribunatu</span> <span class='ocrx_word' id='word_1_312' title='bbox 1295 3236 1483 3310; x_wconf 86' lang='lat' dir='ltr'>gratis</span> <span class='ocrx_word' id='word_1_313' title='bbox 1515 3235 1663 3294; x_wconf 88' lang='lat' dir='ltr'>nihil</span> <span class='ocrx_word' id='word_1_314' title='bbox 1693 3235 1949 3296; x_wconf 78' lang='lat' dir='ltr'>secisse:</span> <span class='ocrx_word' id='word_1_315' title='bbox 1997 3234 2103 3308; x_wconf 91' lang='lat' dir='ltr'>qui</span> <span class='ocrx_word' id='word_1_316' title='bbox 2133 3236 2337 3293; x_wconf 81' lang='lat' dir='ltr'>omnia</span> 
     </span>
     <span class='ocr_line' id='line_1_38' title="bbox 272 3316 2341 3395; baseline -0.003 -19"><span class='ocrx_word' id='word_1_317' title='bbox 272 3317 332 3376; x_wconf 89' lang='lat' dir='ltr'>in</span> <span class='ocrx_word' id='word_1_318' title='bbox 385 3318 645 3393; x_wconf 88' lang='lat' dir='ltr'>pecunia</span> <span class='ocrx_word' id='word_1_319' title='bbox 693 3319 1039 3395; x_wconf 89' lang='lat' dir='ltr'>posuisset,</span> <span class='ocrx_word' id='word_1_320' title='bbox 1080 3319 1318 3380; x_wconf 89' lang='lat' dir='ltr'>honore</span> <span class='ocrx_word' id='word_1_321' title='bbox 1360 3318 1561 3378; x_wconf 89' lang='lat' dir='ltr'>animo</span> <span class='ocrx_word' id='word_1_322' title='bbox 1603 3335 1804 3391; x_wconf 91' lang='lat' dir='ltr'>aequo</span> <span class='ocrx_word' id='word_1_323' title='bbox 1850 3316 2341 3375; x_wconf 71' lang='lat' dir='ltr'>careredcbere&#39;t</span> 
     </span>
     <span class='ocr_line' id='line_1_39' title="bbox 267 3395 2335 3480; baseline -0.003 -18"><span class='ocrx_word' id='word_1_324' title='bbox 267 3398 371 3462; x_wconf 82' lang='lat'>39.</span> <span class='ocrx_word' id='word_1_325' title='bbox 419 3402 593 3474; x_wconf 80' lang='lat' dir='ltr'>Quod</span> <span class='ocrx_word' id='word_1_326' title='bbox 644 3402 699 3462; x_wconf 87' lang='lat' dir='ltr'>si</span> <span class='ocrx_word' id='word_1_327' title='bbox 749 3404 916 3479; x_wconf 89' lang='lat' dir='ltr'>ipse,</span> <span class='ocrx_word' id='word_1_328' title='bbox 970 3403 1076 3480; x_wconf 88' lang='lat' dir='ltr'>qui</span> <span class='ocrx_word' id='word_1_329' title='bbox 1124 3412 1182 3464; x_wconf 91' lang='lat' dir='ltr'>te</span> <span class='ocrx_word' id='word_1_330' title='bbox 1225 3399 1375 3463; x_wconf 74' lang='lat' dir='ltr'>Suae</span> <span class='ocrx_word' id='word_1_331' title='bbox 1420 3400 1729 3476; x_wconf 86' lang='lat' dir='ltr'>dignitatis</span> <span class='ocrx_word' id='word_1_332' title='bbox 1768 3395 2086 3469; x_wconf 82' lang='lat' dir='ltr'>augendae</span> <span class='ocrx_word' id='word_1_333' title='bbox 2129 3404 2335 3455; x_wconf 76' lang='lat' dir='ltr'>causa,</span> 
     </span>
    </p>
   </div>
  </div>
 </body>
</html>
