2514 3928
223 234 312 289 33
848 222 1012 283 CAP.
1044 230 1310 287 24-26,
1353 230 1404 291 S.
1437 234 1700 288 58-δί).
2189 226 2308 289 331

232 377 494 454 domum
524 376 629 439 ubi
668 374 966 439 habitaret
997 363 1242 454 legerat.
1331 377 1484 453 Quid
1516 395 1631 455 ego
1663 379 1836 442 istius
1862 382 2124 454 decreta,
2167 381 2310 457 quid

212 460 526 537 0rapinaS,
570 462 714 537 quid
747 462 1145 523 hereditatum
1176 462 1612 537 possessiones
1648 465 1853 539 datae,
1891 464 2035 540 quid
2069 473 2311 540 ereptas

129 573 134 576 ·
228 546 591 620 proferam?
632 546 899 621 cogebat
942 553 1217 621 egestast
1264 562 1387 621 quo
1431 562 1500 606 se
1552 556 1811 608 verteret
1859 566 1977 609 non
2019 548 2310 610 habebate

230 628 514 689 nondum
556 630 609 688 ei
653 637 819 689 tanta
858 646 895 689 a
926 629 992 688 L.
1023 628 1286 701 Rubri0‚
1337 646 1458 689 non
1512 645 1547 688 a
1574 630 1640 689 L.
1683 630 1957 691 Turselio
2005 631 2311 693 hereditas

228 720 521 772 venerat:
562 712 834 773 nondum
876 713 935 771 in
982 712 1088 771 Cn.
1117 711 1389 787 Pompeii
1432 713 1634 773 locum
1674 715 2118 790 multorumque
2162 714 2309 775 alio—

230 810 402 865 rum,
460 793 563 870 qui
611 796 895 869 aberant,
935 795 1294 870 repentinus
1347 796 1528 855 heres
1569 804 1978 857 successerat.
2072 798 2218 858 Erat
2255 798 2311 858 ei

231 876 569 938 vivendum
607 880 902 939 latronum
930 879 1076 949 ritu,
1109 886 1174 939 ut
1204 888 1430 940 tantum
1455 879 1733 953 haberet,
1775 887 2065 956 quantum
2095 896 2314 955 rapere

234 961 565 1036 potuisset.

358 1044 459 1105 63.
499 1046 623 1106 Sed
645 1046 826 1117 haec,
861 1061 1019 1121 quae
1044 1044 1409 1106 robustioris
1440 1045 1842 1121 ImprobitatiS
1873 1054 2044 1121 sunt,
2077 1046 2312 1107 omitta-

231 1146 405 1190 mus=
455 1131 778 1204 loquamur
812 1129 1017 1203 potius
1053 1128 1131 1188 de
1160 1128 1538 1203 nequissimo
1586 1147 1810 1205 genere
1857 1130 2138 1194 levitatis.
2223 1132 2311 1191 Tu

232 1211 373 1273 istis
412 1212 719 1284 faucibuS‚
753 1212 884 1271 istis
913 1212 1235 1285 lateribuS,
1278 1210 1394 1271 ista
1423 1214 1779 1287 gladiatoria
1809 1215 1994 1276 totius
2033 1214 2311 1289 corporis

234 1291 517 1357 firmitate
566 1302 795 1355 tantum
844 1292 963 1352 vini
1016 1293 1075 1358 in
1107 1293 1373 1368 Hippiae
1406 1296 1632 1370 nuptiis
1667 1298 2073 1369 exhauseraS,
2106 1304 2173 1357 ut
2204 1297 2309 1358 tibi

235 1394 501 1438 necesse
530 1386 698 1439 esset
726 1376 784 1436 in
825 1376 1032 1452 populi
1062 1376 1321 1437 Romani
1353 1388 1689 1454 conspectu
1717 1397 1966 1440 vomere
1999 1382 2310 1455 postridie.

235 1460 285 1521 O
332 1477 461 1521 rem
508 1477 646 1530 non,
676 1460 858 1521 modo
896 1460 1032 1521 visu
1076 1461 1350 1533 foedam,
1395 1464 1505 1522 sed
1550 1462 1728 1523 etiam
1765 1463 2004 1524 auditu!
2051 1462 2117 1523 Si
2161 1462 2314 1524 inter

233 1558 454 1604 cenam
494 1541 558 1603 in
602 1542 757 1618 ipsis
807 1542 925 1604 tuis
955 1543 1319 1604 immanibus
1350 1543 1470 1605 illis
1500 1547 1740 1621 poculis
1771 1546 1890 1606 hoc
1918 1546 2024 1607 tibi
2053 1546 2312 1606 accidis-

236 1635 364 1699 set,
411 1627 551 1704 quis
594 1645 716 1688 non
763 1638 941 1702 turpe
991 1627 1285 1687 duceret?
1325 1626 1390 1687 In
1425 1638 1605 1690 coetu
1635 1646 1781 1690 vero
1812 1630 2028 1705 populi
2057 1628 2310 1689 Romani

240 1710 552 1787 negotium
609 1711 922 1787 publicum
963 1713 1214 1785 gerenS,
1255 1712 1547 1787 magister
1591 1713 1890 1789 equitum,
1937 1714 2032 1774 cui
2077 1722 2314 1773 ructare

241 1803 417 1871 turpe
446 1803 646 1868 esset,
675 1794 729 1855 is
759 1810 1017 1856 vomens
1039 1795 1261 1855 ¹frustis
1294 1797 1626 1858 esculentis
1658 1798 1861 1858 vinum
1894 1797 2313 1858 redolentibus

236 1878 530 1952 gremium
563 1894 742 1940 suum
772 1886 833 1939 et
862 1886 1048 1939 totum
1084 1878 1347 1939 tribunal
1383 1880 1673 1954 implevit.
1726 1883 1849 1944 Sed
1875 1882 2032 1941 haec
2066 1878 2203 1955 ipse
2227 1880 2304 1939 sa-

237 1971 398 2022 tetur
419 1979 559 2023 esse
589 1962 653 2022 in
676 1960 808 2023 suis
841 1961 1157 2023 sordibus=
1188 1962 1506 2026 veniamus
1537 1966 1614 2025 ad
1645 1963 2083 2040 splendidiora.

366 2046 578 2106 XXVI.
612 2044 715 2107 64.
759 2045 986 2106 Caesar
1025 2047 1415 2107 Alexandrea
1457 2065 1526 2109 se
1571 2049 1832 2122 recepit,
1885 2048 2059 2118 felix,
2105 2055 2170 2107 ut
2198 2045 2312 2107 sibi

242 2129 487 2206 quidem
523 2128 872 2190 videbatur:
910 2146 1044 2189 mea
1078 2137 1278 2190 autem
1314 2132 1631 2205 sententia,
1664 2132 1768 2206 qui
1798 2130 1885 2191 rei
1916 2129 2197 2206 publicae
2237 2130 2316 2191 sit

243 2212 473 2283 hostiS,
510 2214 656 2289 felix
704 2229 845 2274 esse
876 2229 1053 2273 nemo
1093 2222 1316 2287 potest.
1403 2216 1592 2275 Hasta
1637 2215 1836 2289 posita
1863 2230 1976 2289 pro
2015 2212 2172 2273 aede
2215 2214 2310 2274 lo·

213 2297 336 2357 ‘vis
371 2296 628 2358 Statoris
670 2297 833 2358 bona
858 2296 1255 2370 Cn.Pompeii
1298 2331 1383 2342 —
1425 2297 1709 2359 miserum
1754 2306 1880 2358 me!
1932 2297 2314 2372 consumptis

241 2379 399 2440 enim
429 2380 695 2442 lacrimis
724 2389 922 2441 tamen
965 2380 1191 2440 infixus
1216 2379 1426 2442 haeret
1454 2381 1656 2442 animo
1694 2382 1871 2443 dolor
1894 2414 1981 2426 —
2008 2382 2191 2454 bona,
2224 2379 2314 2440 in-

246 2480 453 2540 quam,
505 2465 609 2525 Cn.
639 2463 913 2540 Pompeii
948 2463 1151 2539 Magni
1199 2465 1339 2525 voci
1371 2464 1806 2526 acerbissimae
1835 2465 2108 2526 subiecta
2140 2479 2314 2538 prae·

244 2546 435 2607 conis.
522 2548 659 2609 Una
703 2548 763 2607 in
807 2547 911 2606 illa
955 2564 1022 2606 rc
1055 2547 1367 2609 servitutis
1402 2548 1587 2609 oblita
1623 2549 1840 2609 civitas
1865 2545 2155 2622 ingemuit
2187 2562 2314 2605 ser—

246 2631 673 2707 vientibusque
704 2630 955 2703 animiS,
988 2646 1171 2705 quum
1205 2631 1408 2691 omnia
1440 2641 1601 2692 metu
1630 2637 2010 2700 tenerentur,
2054 2626 2314 2705 gemitus

248 2722 439 2775 tamen
489 2715 704 2790 populi
742 2713 1000 2774 Romani
1042 2713 1196 2772 liber
1239 2714 1366 2775 fuit.
1463 2713 1977 2789 Exspectantibus
2033 2709 2315 2771 omnibus

249 2798 526 2872 quisnam
567 2806 735 2859 esset
761 2806 880 2858 tam
910 2794 1154 2872 impiuS‚
1187 2804 1306 2856 tam
1341 2799 1625 2872 demenS,
1659 2807 1778 2858 tam
1811 2796 1906 2857 dis
1942 2792 2314 2855 hominibus·

249 2896 365 2955 que
393 2880 622 2952 hostis,
666 2881 771 2956 qui
812 2881 890 2940 ad
931 2880 1078 2940 illud
1125 2883 1330 2941 scelus
1368 2880 1660 2943 sectionis
1702 2881 1957 2941 auderet
1996 2879 2313 2949 accedere,

249 2963 526 3025 inventus
567 2972 663 3025 est
709 2981 887 3024 nemo
930 2972 1173 3039 praeter
1196 2964 1556 3037 Antonium,
1599 2964 1951 3040 praesertim
2000 2978 2185 3037 quum
2229 2960 2353 3022 tot‘

250 3055 454 3108 essent
482 3047 710 3108 circum
740 3047 979 3111 hastam
1011 3047 1202 3121 illam,
1247 3047 1352 3122 qui
1382 3046 1501 3107 alia
1533 3047 1738 3108 omnia
1783 3048 2109 3107 auderent:
2154 3062 2316 3106 unus

254 3130 531 3192 inventus
565 3137 664 3192 est
690 3132 793 3205 qui
823 3130 885 3191 id
917 3131 1202 3201 auderet,
1249 3132 1417 3207 quod
1451 3131 1717 3191 omnium
1751 3129 2012 3206 fugisset
2037 3138 2100 3190 et
2125 3130 2319 3189 refor-

252 3213 539 3295 midasset
570 3214 847 3278 audacia.
922 3213 1276 3277 owantus
1307 3213 1485 3288 igitur
1514 3222 1570 3274 te
1605 3224 1818 3289 stupor
1853 3213 2168 3288 oppressit
2199 3211 2316 3279 vel,

254 3286 544 3361 utverius
575 3297 804 3371 dicam,
847 3305 1049 3358 tantus
1096 3297 1295 3372 furor,
1324 3307 1390 3358 ut
1421 3297 1711 3372 primum,
1749 3311 1937 3371 quum
1979 3302 2185 3356 sector
2228 3291 2316 3351 sis

255 3377 363 3440 isto
403 3381 540 3442 loco
584 3374 791 3454 natus,
841 3381 1063 3440 deinde
1094 3397 1280 3456 quum
1320 3381 1589 3455 Pompeii
1621 3387 1853 3450 sector,
1894 3394 2016 3438 non
2046 3384 2106 3434 te
2137 3386 2314 3433 exse·

258 3468 473 3523 eratum
515 3465 747 3541 populo
798 3466 1093 3539 Roman0,
1137 3480 1261 3525 non
1303 3463 1750 3535 detestabilem,
1790 3475 1912 3518 non
1954 3469 2167 3516 omnes
2208 3446 2316 3512 tibi

2290 3710 2320 3730 A
