2514 3928
242 237 364 303 154
840 238 914 297 ιΝ
940 238 1008 297 L.
1038 236 1375 298 PISONEM
1405 235 1708 296 offlmo.
2256 244 2336 304 55

238 395 291 454 is
322 400 524 452 motus
549 389 730 451 fuerit
762 387 1227 464 municipiorum
1259 396 1319 448 et
1349 388 1723 448 coloniarum
1770 388 2036 447 omnium
2061 433 2077 460 ,
2107 404 2183 447 ea
2213 389 2332 449 de-

239 483 406 538 creta
448 473 943 550 publicanorum,
997 488 1071 532 ea
1126 471 1554 547 collegiorum,
1601 487 1676 531 ca
1718 471 1985 546 denique
2025 487 2331 546 generum

239 558 646 632 ordinumque
702 557 1002 628 omnium,
1059 573 1220 632 quae
1295 572 1416 616 non
1472 555 1657 615 modo
1709 570 1830 629 ego
1876 561 2090 630 optare
2148 572 2332 615 num·

240 659 424 718 quam
452 641 763 714 auderem,
798 643 911 700 sed
945 640 1216 716 cogitare
1248 657 1367 699 non
1400 655 1672 714 possem,
1707 652 1825 698 vos
1860 647 2060 698 autem
2092 638 2329 714 sempi-

240 735 446 786 ternas
478 723 872 787 foedissimae
898 723 1292 799 turpitudinis
1322 731 1504 783 notas
1536 721 1892 782 subieritis?
1917 719 2019 782 42.
2047 725 2143 781 An
2180 739 2324 798 ego,

242 811 294 870 si
336 817 396 869 te
436 817 496 868 et
525 807 846 868 Gabinium
889 806 1056 867 cruci
1097 807 1362 867 suffixos
1400 806 1699 878 viderem,
1747 805 1977 866 maiore
2019 806 2327 866 adficerer

245 891 467 952 laetitia
506 908 586 951 ex
616 889 896 966 corporis
940 890 1127 950 vestri
1172 890 1570 963 laceratione,
1620 904 1802 964 quam
1833 888 2091 949 adficior
2120 905 2200 949 ex
2235 891 2325 948 ra-

241 982 419 1035 mae?
459 976 697 1034 Nullum
731 981 828 1034 cst
860 973 1227 1048 supplicium
1259 974 1625 1049 putandum,
1662 990 1784 1047 quo
1814 971 1996 1032 adfici
2031 987 2181 1032 casu
2212 972 2323 1031 ali·

244 1075 368 1134 quo
402 1060 588 1118 etiam
618 1057 760 1117 boni
807 1056 917 1116 viri
960 1059 1274 1132 sortesque
1311 1065 1587 1131 possunt.
1675 1058 1881 1130 Atque
1918 1056 2035 1115 hoc
2072 1055 2324 1131 quidem

240 1141 421 1202 etiam
481 1140 582 1201 isti
631 1139 713 1200 tui
752 1139 963 1201 dicunt
1005 1140 1327 1215 voluptarii
1370 1139 1616 1201 Graeci=
1653 1152 1812 1214 quos
1843 1138 2069 1200 utinam
2104 1142 2182 1200 ita
2213 1157 2324 1198 an-

241 1224 437 1295 dires,
469 1233 537 1286 ut
563 1233 736 1285 erant
756 1223 1074 1285 audiendi:
1122 1240 1453 1300 numquam
1496 1232 1554 1284 tc
1587 1221 1645 1282 in
1680 1230 1768 1284 tot
1794 1222 2023 1298 flagitia
2053 1224 2318 1298 ingurgi·

242 1317 465 1368 tusses.
551 1309 782 1367 Verum
824 1307 1004 1368 audis
1036 1307 1094 1367 in
1122 1307 1558 1383 praesepibus:
1604 1305 1786 1367 audis
1814 1306 1873 1366 in
1907 1308 2168 1382 stupris:
2211 1322 2318 1366 au-

243 1391 340 1452 dis
381 1390 439 1450 in
493 1390 628 1452 cibo
679 1399 740 1452 et
768 1389 932 1452 vino.
1020 1391 1145 1452 Sed
1175 1392 1385 1453 dicunt
1418 1391 1515 1451 isti
1546 1389 1699 1466 ipsi,
1739 1389 1844 1465 qui
1893 1392 2051 1450 mala
2084 1391 2322 1459 dolore,

242 1477 402 1536 bona
436 1477 745 1550 voluptate
782 1474 1107 1549 definiunt,
1150 1477 1522 1550 sapientem,
1569 1474 1748 1534 etiam
1792 1472 1846 1534 si
1895 1475 1951 1533 in
1982 1473 2323 1533 Phalaridis

245 1567 415 1619 tauro
463 1559 735 1621 inclusus
777 1559 1100 1619 succensis
1146 1559 1392 1633 ignibus
1427 1565 1750 1629 torreatur,
1783 1557 2082 1618 dicturum
2114 1564 2321 1616 tamen

244 1658 435 1703 suave
465 1641 614 1703 illud
637 1657 781 1702 esse
802 1658 1000 1716 seque
1020 1658 1096 1702 ne
1126 1644 1419 1703 tantulum
1452 1640 1699 1718 quidem
1731 1640 2121 1701 commoveri.
2160 1640 2322 1700 Tan-

246 1735 364 1786 tam
396 1724 634 1786 virtutis
670 1724 787 1783 vim
818 1740 962 1784 esso
992 1725 1331 1797 voluerunt,
1370 1734 1436 1786 ut
1464 1740 1585 1786 uon
1618 1732 1833 1800 posset
1859 1740 2003 1785 esse
2033 1740 2321 1798 umquam

244 1808 336 1867 vir
364 1807 565 1867 bonus
598 1823 718 1866 non
751 1807 988 1867 beatus.
1034 1806 1136 1869 43.
1171 1809 1340 1882 Quae
1369 1818 1465 1870 est
1491 1808 1672 1883 igitur
1701 1816 1946 1883 poena?
1973 1809 2138 1884 quod
2171 1824 2320 1882 sup-

245 1890 533 1967 plicium?
573 1889 634 1948 id
663 1906 801 1950 mea
829 1891 1148 1968 sententia,
1181 1893 1345 1968 quod
1380 1892 1668 1952 accidere
1711 1891 1934 1951 nemini
1971 1898 2173 1967 potest
2201 1890 2321 1950 nisi

244 1972 509 2048 nocenti,
541 1983 834 2050 suscepta
864 1975 1047 2049 fraus,
1077 1976 1367 2052 impedita
1389 1987 1449 2037 et
1472 1992 1772 2051 oppressa
1800 1991 1994 2048 ηιεηε,
2019 1976 2323 2036 bonorum

246 2057 488 2130 odium,
537 2066 680 2119 nota
721 2058 922 2119 inusta
960 2069 1240 2131 senatus,
1286 2060 1538 2121 amissio
1586 2058 1914 2134 dignitatis.
2000 2058 2155 2118 xlx.
2200 2059 2323 2117 Nec

244 2140 385 2200 mihi
430 2141 532 2202 ille
558 2141 640 2200 Μ.
674 2142 974 2217 Regulus,
1011 2160 1193 2218 quem
1224 2142 1789 2218 KarthaginienseS,
1817 2142 2075 2203 resectis
2110 2143 2322 2217 palpe-

245 2224 400 2298 bris,
432 2223 721 2299 illigatum
752 2225 810 2283 in
846 2227 1150 2299 machina,
1204 2227 1509 2302 vigilando
1559 2234 1964 2300 necaverunt,
2013 2223 2321 2301 supplicio

242 2308 486 2367 videtur
530 2309 810 2369 adfectus
868 2325 980 2369 nec
1011 2310 1075 2370 C.
1096 2310 1358 2384 Marius,
1404 2326 1583 2385 quem
1615 2310 1783 2370 ltalia
1830 2317 2075 2370 servata
2103 2309 2179 2369 ab
2216 2307 2322 2368 illo

245 2391 596 2451 demersum
643 2392 699 2450 in
750 2392 1251 2454 Minturnensium
1296 2394 1652 2469 paludibus,
1695 2392 1905 2452 Africa
1951 2392 2192 2453 devicta
2241 2392 2324 2451 ab

250 2473 468 2534 eodem
517 2475 844 2549 expulsum
887 2485 948 2537 ct
988 2479 1346 2552 naufragum
1393 2477 1561 2537 vidit.
1648 2477 1952 2537 Fortunae
2002 2476 2162 2535 enim
2203 2474 2321 2535 ista

246 2557 360 2616 tela
396 2567 568 2630 sunt,
617 2576 734 2619 non
767 2561 1015 2635 culpae=
1059 2561 1428 2637 supplicium
1472 2569 1671 2621 autem
1707 2568 1803 2620 est
1833 2575 2032 2634 poena
2063 2558 2319 2634 peccati.

244 2640 450 2715 Neque
484 2657 630 2704 vero
654 2660 790 2719 ego,
822 2643 876 2703 si
900 2661 1189 2721 umquam
1214 2646 1392 2706 vobis
1419 2646 1576 2703 mala
1603 2658 1906 2720 precarer,
1938 2643 2103 2717 quod
2132 2653 2321 2716 saepe

243 2724 359 2784 l'eci
383 2757 464 2770 ———
487 2726 545 2786 in
579 2744 700 2801 quo
733 2726 796 2787 di
825 2727 1197 2790 immortales
1227 2745 1395 2788 meas
1424 2743 1641 2803 preces
1666 2726 2321 2798 audiverunt—‚mor-

241 2807 384 2867 bum
414 2819 518 2872 aut
546 2820 799 2873 mortem
830 2821 937 2873 aut
976 2812 1309 2873 cruciatum
1353 2826 1655 2885 precarer.
1743 2809 2048 2887 Thyestea
2080 2818 2176 2868 est
2203 2808 2322 2868 ista

244 2892 591 2960 exsecratio
634 2898 853 2968 poetae
897 2897 1061 2969 vulgi
1104 2893 1376 2967 animoS,
1423 2911 1542 2954 non
1585 2891 1950 2968 sapientium
1998 2891 2318 2962 moventiS,

244 2979 309 3031 ut
339 2982 403 3033 tu
429 2977 761 3050 naufraqio
787 2982 1103 3052 expulsus,
1145 2979 1381 3051 uspiam
1416 2980 1590 3037 sax&
1621 2980 1785 3049 fixus
1813 2980 2063 3053 asperth,
2091 2980 2322 3037 evisce-

241 3062 426 3128 ratus,
454 3060 643 3118 latere
662 3060 959 3132 penderes
972 3105 987 3131 ‚
1017 3067 1084 3119 ut
1111 3057 1196 3119 ait
1225 3059 1326 3120 ille
1340 3106 1355 3133 ‚
1385 3076 1544 3121 saxa
1570 3075 1865 3136 spur-oens
1889 3061 2040 3132 tabo,
2073 3061 2242 3120 sanie
2263 3066 2327 3119 ee

242 3143 532 3211 sanquine
558 3138 730 3201 atro!
777 3138 880 3201 44.
925 3142 1057 3203 Non
1095 3143 1313 3203 serrem
1344 3144 1591 3205 omnino
1623 3145 1911 3217 moleste,
1958 3145 2013 3203 si
2047 3143 2126 3204 ita
2159 3139 2318 3201 acci·

245 3218 474 3281 dissetz
523 3223 633 3283 sed
665 3223 726 3281 id
757 3230 955 3284 tamen
985 3234 1156 3286 esset
1182 3226 1531 3287 humanum.
1616 3226 1697 3286 M.
1729 3228 2061 3299 marcellus,
2095 3223 2199 3300 qui
2233 3235 2325 3284 ter

246 3305 463 3396 consul
487 3305 625 3371 suit.
667 3322 907 3367 summa
942 3308 1189 3382 virtute,
1236 3311 1489 3385 pietate,
1538 3308 1731 3383 gloria
1762 3309 2030 3384 militari,
2057 3307 2235 3384 periit
2260 3307 2321 3367 in

247 3399 429 3444 maru
476 3387 580 3460 qui
611 3398 808 3449 tamen
855 3392 935 3451 ob
979 3392 1261 3472 virtutem
1302 3392 1496 3469 gloria
1524 3401 1585 3453 et
1613 3393 1795 3452 laude
1839 3391 2022 3453 vivit.
2098 3392 2161 3450 ln
2204 3391 2323 3450 sor-

247 3475 388 3527 tuna
424 3471 688 3542 quadam
721 3481 816 3534 est
849 3472 950 3534 illa
981 3481 1165 3551 mors,
1201 3493 1325 3537 nou
1357 3477 1416 3536 in
1451 3491 1650 3550 poena
1679 3476 1971 3549 putanda.
2033 3476 2200 3548 Quae
2231 3483 2326 3533 est
