2514 3928
299 290 430 354 162
919 290 999 351 IN
1031 289 1096 349 L.
1129 288 1468 351 PISONEM
1502 288 1810 351 ORATIO.
2328 303 2404 356 64

304 445 450 505 fimo
493 457 568 504 ac
621 440 1115 519 despicatissimo
1149 443 1572 504 antelaturus?
1656 442 1897 502 xxvll.
1946 444 2112 517 Age,
2143 451 2400 505 senatus

307 526 438 589 odit
480 533 570 599 te,
601 526 777 604 vquod
819 542 956 586 eum
1000 535 1065 587 tu
1107 528 1312 588 facere
1353 524 1486 587 iure
1527 524 1854 600 concediS,
1902 525 2283 587 adflictorem
2320 544 2397 589 ac

305 609 674 687 perditorem
716 626 839 672 non
879 611 1067 672 modo
1107 609 1418 687 dignitatis
1449 618 1510 671 et
1538 607 1950 685 auctoritatiS,
1996 610 2108 671 sed
2145 609 2399 674 omnino

301 693 534 755 ordinis
565 695 934 771 adnominis
962 692 1087 757 suia
1131 694 1345 756 videre
1390 691 1631 770 equites
1658 692 1921 754 Romani
1960 710 2082 754 non
2113 705 2396 770 possunt,

301 796 423 876 quo
457 795 538 839 ex
567 779 783 839 ordine
826 779 924 839 vir
967 777 1537 855 praestantissimus
1581 785 1643 839 et
1672 776 2131 852 ornafissimus‚
2174 779 2241 838 L.
2271 783 2392 840 Ae-

202 870 223 881 ²
298 863 436 937 liuS,
467 871 564 924 est
594 870 652 923 te
686 864 943 925 consule
968 864 1306 940 relegatum
1352 861 1530 938 plebs
1564 862 1844 923 Romana
1871 863 2173 937 perditum
2204 864 2398 938 cupit,

298 945 359 1007 in
403 945 582 1007 cuius
618 953 682 1008 tu
717 944 1025 1007 infamiam
1056 962 1159 1019 ea,
1194 961 1355 1022 quae
1385 961 1497 1021 per
1524 946 1796 1007 latrones
1826 954 1887 1006 et
1915 962 2030 1021 per
2062 962 2281 1008 servos
2312 949 2395 1009 de

296 1046 393 1091 me
428 1047 679 1106 egeras,
723 1027 1067 1092 contulisti:
1109 1031 1283 1092 Italia
1319 1036 1542 1091 cuncta
1583 1038 1969 1103 exsecratur,
2015 1030 2191 1091 cuius
2226 1030 2393 1092 idem

298 1123 364 1175 *u
392 1112 838 1189 superbissime
870 1115 1120 1176 decreta
1158 1123 1220 1176 et
1251 1129 1474 1192 preces
1505 1113 1863 1191 repudiasti.
1917 1112 2020 1178 65.
2053 1114 2176 1175 Fac
2207 1114 2392 1199 huius

299 1197 421 1260 odii
453 1197 701 1260 tantiae
731 1205 855 1259 tam
883 1198 1157 1260 universi
1189 1197 1562 1276 periculum,
1593 1197 1647 1259 si
1675 1199 1894 1260 audes.
1982 1199 2217 1260 Instant
2247 1204 2394 1274 p‘ost

296 1280 609 1344 hominum
641 1284 994 1345 memoriam
1020 1281 1475 1361 apparatissimi
1501 1279 2215 1358 magnificentissimique
2241 1283 2389 1355 ludi,

296 1369 513 1443 quales
544 1385 668 1428 non
701 1369 885 1430 modo
917 1385 1251 1445 numquam
1284 1368 1558 1444 fuerunt,
1603 1367 1718 1427 sed
1760 1382 1837 1428 ne
1882 1384 2005 1442 quo
2036 1367 2223 1428 modo
2254 1366 2392 1428 fieri

292 1450 541 1528 quidem
574 1452 835 1528 posthac
871 1454 1112 1529 possint
1144 1469 1403 1529 possum
1436 1451 1558 1513 ullo
1595 1458 1777 1527 pacto
1812 1449 2136 1527 suspicari.
2205 1452 2296 1512 Da
2330 1459 2391 1513 te

291 1537 558 1612 populo,
600 1532 906 1597 committe
951 1536 1132 1601 ludis,
1224 1535 1482 1597 Sibilum
1523 1534 1792 1597 metuis?
1831 1534 1937 1596 ubi
1969 1544 2112 1597 sunt
2147 1544 2391 1597 vestrae

291 1620 594 1682 scholae?
643 1621 732 1680 Ne
775 1621 1187 1681 acclametur?
1228 1635 1307 1680 ne
1349 1617 1413 1680 id
1445 1618 1697 1696 quidem
1725 1626 1821 1681 est
1849 1635 2066 1681 curare
2103 1618 2389 1695 philoso-

296 1704 422 1780 phi.
508 1705 732 1765 Manus
775 1701 880 1764 tibi
921 1720 999 1764 ne
1033 1703 1431 1764 adferantur?
1478 1704 1657 1765 dolor
1700 1703 1860 1764 enim
1894 1712 1991 1766 est
2019 1704 2274 1777 malum,
2319 1712 2390 1766 ut

289 1795 352 1847 tu
382 1785 694 1862 disputas=
741 1785 1141 1861 existimatio,
1187 1788 1494 1860 dedecuS,
1539 1786 1818 1862 infamia,
1848 1787 2163 1864 turpitudo
2196 1789 2388 1848 verba

287 1879 476 1945 atque
507 1868 794 1946 ineptiae.
905 1869 1032 1931 Sed
1064 1872 1143 1933 de
1171 1871 1292 1933 hoc
1318 1887 1442 1932 non
1470 1872 1703 1934 dubito.
1759 1871 1894 1933 Non
1928 1872 2178 1934 audebit
2205 1887 2386 1934 acce·

287 1954 436 2015 dere
465 1955 545 2015 ad
576 1955 779 2019 ludos.
836 1954 1197 2019 convivium
1230 1955 1539 2034 publicum
1571 1975 1693 2020 non
1725 1955 2036 2035 dignitatis
2067 1973 2260 2020 causa
2289 1955 2384 2018 in-

286 2037 410 2112 ibit,
442 2038 559 2101 nisi
594 2041 750 2103 sorte
778 2047 845 2102 ut
871 2055 1009 2102 cum
1042 2040 1318 2117 patribus
1348 2041 1735 2118 conscriptis,
1766 2042 1885 2103 hoc
1910 2050 2024 2120 est,
2055 2058 2192 2104 cum
2216 2058 2383 2103 ama-

290 2122 526 2185 toribus
556 2123 706 2198 suiS,
790 2133 984 2199 cenet,
1017 2127 1128 2187 sed
1165 2128 1351 2203 plane
1379 2126 1562 2186 animi
1593 2125 1689 2187 sui
1721 2142 1941 2187 causa=
1979 2126 2167 2189 ludos
2200 2127 2385 2187 nobis

286 2206 493 2269 idiotis
526 2207 850 2286 relinquet.
900 2209 1005 2274 66.
1038 2209 1210 2272 Solet
1235 2210 1396 2271 enim
1427 2211 1488 2270 in
1519 2210 2038 2287 disputationibus
2069 2210 2201 2272 suis
2232 2227 2384 2271 ocu·

288 2293 486 2353 lorum
516 2300 578 2353 et
607 2291 844 2355 aurium
877 2292 1266 2357 delectationi
1296 2292 1643 2356 abdominis
1672 2295 2024 2370 voluptates
2054 2302 2157 2355 ant
2324 2314 2382 2355 e.

282 2375 434 2435 Nam
470 2377 641 2451 quod
670 2375 850 2438 vobis
883 2377 1002 2439 iste
1033 2385 1263 2439 tantum
1297 2380 1483 2442 modo
1517 2379 1864 2455 improbuS,
1895 2378 2194 2452 crudelis,
2320 2398 2381 2439 m

285 2460 665 2534 furunculus,
695 2478 858 2524 nunc
885 2478 1032 2524 vero
1060 2461 1239 2524 etiam
1264 2479 1477 2540 rapax,
1506 2464 1676 2540 quod
1698 2463 2008 2538 sordidus,
2035 2464 2203 2539 quod
2227 2478 2380 2524 con-

286 2553 525 2622 tumax,
557 2546 727 2624 quod
759 2546 1099 2625 superbus,
1133 2548 1303 2625 quod
1335 2549 1548 2623 fallax,
1582 2548 1750 2624 quod
1781 2548 2177 2624 perfidiosuS‚
2206 2548 2379 2623 quod

284 2629 635 2705 impudens,
671 2630 843 2708 quod
861 2632 1079 2693 ,audax
1102 2647 1246 2694 esse
1272 2632 1566 2696 videatur.
1596 2630 1743 2691 nihil
1776 2631 1996 2694 scitote
2026 2647 2172 2694 esse
2200 2632 2373 2694 luxu·

283 2711 529 2783 riosiuS‚
564 2713 708 2773 nihil
742 2714 1151 2782 libidinosius,
1185 2713 1330 2773 nihil
1355 2713 1727 2788 protervius,
1758 2711 1905 2772 nihil
1934 2712 2216 2785 nequius.
2260 2711 2372 2770 Lu·

284 2797 519 2857 xuriem
541 2804 746 2859 autem
770 2797 959 2860 nolite
982 2799 1042 2857 in
1071 2795 1189 2857 isto
1225 2796 1383 2856 hanc
1408 2839 1555 2856 .....
1590 2795 1879 2873 cogitare.
1940 2795 2040 2856 67.
2072 2795 2184 2855 Est
2212 2792 2372 2855 enin:

286 2881 605 2953 quaedam,
634 2897 1007 2956 quamquam
1037 2879 1235 2942 omnis
1263 2887 1358 2939 est
1370 2879 1592 2941 vitiosa
1615 2886 1803 2956 atque
1827 2879 2037 2955 turpiS,
2062 2886 2264 2939 tamen
2289 2877 2381 2938 in·

285 2977 590 3048 genno-ac
615 2963 807 3027 libero
825 2964 1085 3041 dignior.
1118 2963 1272 3023 Nihil
1296 2965 1458 3040 apud
1475 2963 1636 3025 hunc
1656 2966 1905 3039 lautum,
1931 2963 2075 3023 nihil
2099 2965 2381 3039 elegans,

286 3044 430 3107 nihil
468 3045 872 3121 exquisitum:
916 3046 1179 3108 laudabo
1223 3046 1559 3109 inimicum:
1608 3047 1751 3124 quin
1792 3063 1871 3108 ne
1912 3062 2136 3124 magno
2180 3060 2384 3121 opere

274 3132 537 3207 quidem
571 3130 912 3208 quidquam
946 3137 1187 3206 praeter
1216 3128 1502 3191 libidines
1546 3136 1992 3205 sumptuosum.
2077 3129 2388 3189 Toreuma

290 3216 548 3276 nullum:
578 3211 824 3274 maximi
855 3212 1100 3287 caliceS,
1145 3223 1207 3277 et
1245 3213 1315 3290 ii,
1353 3231 1432 3276 ne
1462 3221 1853 3276 contemnere
1888 3229 2041 3274 suos
2077 3212 2390 3284 videatur,

287 3297 645 3360 Placentini:
693 3306 1005 3361 exstructa
1059 3315 1304 3374 mensa,
1345 3314 1467 3359 non
1525 3295 1865 3375 conchyliis
1928 3303 2034 3357 aut
2078 3294 2386 3372 piscibuS,

288 3385 402 3443 sed
439 3384 628 3445 multa
656 3399 842 3445 carne
870 3384 1262 3446 subrancida.
1318 3380 1496 3445 Servi
1526 3379 1821 3443 sordidati
1851 3379 2219 3440 ministrant=
2251 3395 2388 3440 non

288 3466 436 3527 nulli
473 3465 653 3530 etiam
684 3486 904 3531 senes:
936 3467 1101 3531 idem
1133 3484 1406 3546 coquuS,
1435 3464 1596 3526 idem
1628 3463 1945 3526 atriensis=
1977 3461 2178 3539 pistor
2207 3462 2389 3523 domi

286 3552 510 3625 nullus,
542 3554 707 3616 nulla
734 3553 919 3615 cellaz
950 3553 1130 3632 panis
1165 3561 1225 3616 et
1254 3551 1459 3613 vinum
1492 3566 1528 3609 a
1553 3550 1813 3626 propola
1847 3555 2034 3623 atque
2064 3546 2146 3607 de
2175 3562 2348 3623 cupa
2368 3568 2390 3602 ε
