2514 3928
715 344 882 406 CAP.
913 352 1177 406 sev-38.
1224 351 1278 412 S.
1310 351 1571 407 76—-82
2107 347 2198 411 31

115 495 389 570 Sestius,
431 505 501 558 ut
527 493 730 579 asnis
758 494 1027 557 munitus
1067 504 1195 557 tuto
1228 495 1288 556 in
1320 497 1453 556 foro
1483 495 1903 572 magistratum
1933 508 2202 574 gereret,

114 595 240 642 rem
277 579 586 656 publicam
604 579 1084 642 administraret.
1155 580 1374 656 Itaque
1417 581 1608 641 fretus
1651 581 1972 643 sanctitate
2004 581 2190 644 tribu·

111 675 293 726 natus
313 709 329 738 ,
363 680 550 739 quum
584 680 662 725 ·se
689 680 812 725 non
845 665 1033 724 modo
1077 671 1290 724 contra
1325 662 1445 723 vim
1474 673 1535 726 et
1563 665 1821 740 serrum,
1855 666 1970 726 sed
2008 665 2200 726 etiam

107 757 328 811 eontra
353 748 543 808 verba
566 756 756 822 atque
792 746 1240 810 interfationem
1265 747 1506 824 legibus
1536 747 1797 809 sacratis
1819 764 1964 810 esse
1992 765 2188 810 arma·

113 841 238 894 tum
263 840 535 908 putaret,
570 829 817 892 venitin
843 833 1134 908 templum
1159 829 1468 905 Castoris,
1500 831 1879 893 obnuntiavit
1921 833 2200 894 consulit

113 932 301 992 quum
346 915 555 977 subito
587 926 814 976 ‘manus
857 915 960 976 illa
998 915 1324 993 Clodiana,
1376 914 1438 975 in
1483 916 1679 977 caede
1731 915 1958 976 civium
2002 933 2201 993 saepe

114 1000 234 1061 iam
260 999 517 1072 victrix,
540 1001 879 1074 exclamat,
908 998 1218 1073 incitatur,
1248 997 1516 1061 invadit=
1559 999 1853 1061 inermem
1866 1009 2055 1076 atque
2084 1000 2191 1060 im·

110 1084 716 1161 paratumttribanum
745 1083 846 1144 alii
862 1084 1090 1159 gladiis
1113 1085 1491 1161 adoriuntur,
1505 1085 1606 1144 alii
1637 1083 1992 1160 fragmentis
2015 1100 2191 1159 saep·

110 1178 307 1230 torum
326 1177 401 1230 ³et
420 1167 725 1230 ‘fust-ibusz
752 1184 794 1227 a
824 1167 1050 1244 quibus
1078 1169 1177 1228 hic
1205 1169 1412 1230 multis
1431 1167 1790 1230 vulneribus
1814 1167 2091 1243 acceptis
2119 1183 2196 1228 ae
2281 1180 2297 1191 ·

110 1252 427 1314 debilitato
464 1266 728 1326 corpore
757 1260 818 1313 et
844 1250 1269 1313 contrucidato
1307 1269 1378 1313 se
1409 1251 1631 1313 abiecit
1669 1252 2056 1313 exanimatus
2086 1267 2191 1312 ne·

112 1352 235 1410 que
266 1338 392 1396 ulla
419 1334 541 1394 alia
568 1350 639 1394 re
672 1334 750 1395 ab
775 1351 863 1394 Jse
903 1343 1161 1394 mortem
1202 1334 1321 1396 nisi
1362 1335 1651 1409 opinione
1684 1335 1897 1398 mortis
1938 1334 2193 1411 depulit.

115 1420 308 1493 Quem
340 1417 850 1492 quumiacentem
879 1426 940 1477 et
962 1416 1281 1477 concisum
1312 1417 1587 1492 plurimis
1612 1420 1966 1480 vulneribus
1990 1429 2193 1480 extre-

119 1519 218 1562 mo
251 1499 475 1576 spiritu
512 1514 892 1575 exsanguem
932 1507 994 1560 et
1026 1501 1371 1561 consectum
1413 1499 1718 1573 viderent,
1762 1502 2197 1577 defetigatione

118 1584 315 1661 magis
350 1592 412 1646 et
444 1598 654 1644 errore
685 1600 867 1660 quam
909 1582 1334 1644 misericordia
1374 1593 1435 1644 et
1464 1584 1650 1644 modo
1694 1583 2027 1659 aliquando
2057 1601 2189 1644 cae·

116 1672 264 1731 dere
295 1668 682 1730 destiterunt.
744 1667 849 1731 80.
891 1669 968 1729 Et
998 1684 1250 1729 causam
1293 1666 1440 1729 dicit
1459 1666 1714 1729 Sestius
1756 1669 1836 1728 de
1879 1667 1983 1728 vi?
2040 1666 2196 1741 Quid

110 1756 236 1815 ita?
266 1752 413 1829 quia
443 1751 615 1812 vivit.
644 1785 730 1798 —-
752 1754 833 1813 At
862 1751 926 1814 id
957 1769 1080 1812 non
1113 1769 1227 1813 sua
1255 1754 1469 1828 culpa:
1500 1753 1682 1828 plaga
1714 1767 1836 1812 una
1863 1751 1965 1812 illa
1995 1758 2195 1811 extre-

110 1855 208 1899 ma
238 1837 460 1910 deruit,
491 1852 651 1912 quae
680 1837 732 1896 si
765 1837 1171 1911 accessisset,
1215 1837 1520 1912 reliquum
1553 1837 1834 1912 spiritum
1868 1835 2193 1897 exhausis-

110 1930 226 1985 set.
282 1924 533 1983 A'ccusa
561 1919 932 1983 Lentidium:
964 1937 1087 1981 non
1120 1921 1428 1998 percussit
1455 1922 1688 1983 locum=
1715 1922 1878 1982 male
1902 1921 2001 1983 dic
2018 1920 2200 1992 Titio,

113 2006 342 2068 Sabino
372 2003 632 2077 homini,
676 2006 954 2080 Reatino,
986 2014 1236 2066 curtam
1263 2014 1493 2067 temere
1517 2007 1871 2069 exclamarit
1894 2007 2195 2068 occisum·

102 2091 323 2167 vIpsum
376 2104 524 2149 vero
569 2088 717 2164 quid
755 2096 1065 2149 accusas?
1132 2089 1289 2150 Num
1336 2090 1531 2151 defuit
1582 2091 1846 2165 gladiis?
1910 2107 2056 2151 num
2097 2105 2199 2149 re·

112 2174 452 2249 pugnavit?
505 2172 658 2232 Num
693 2180 758 2233 ut
785 2173 1225 2247 gladiatoribus
1255 2173 1542 2250 imperari
1573 2176 1759 2249 solet,
1811 2175 2039 2236 ferrum
2067 2189 2197 2233 non

112 2258 392 2333 recepit?
1354 2299 1357 2302 Α
1431 2300 1438 2307 .

285 2341 610 2401 XXXVIII.
652 2342 749 2400 An
772 2341 939 2402 haec
972 2340 1112 2416 ipsa
1153 2342 1248 2403 vis
1285 2350 1410 2415 est,
1455 2358 1577 2401 non
1610 2357 1802 2417 posse
1834 2340 2069 2403 emori?
2109 2357 2194 2401 an

98 2426 234 2498 illa,
263 2426 431 2501 quod
456 2424 956 2500 tribunusplebis
977 2428 1268 2501 templum
1292 2424 1673 2486 cruentavit?
1714 2442 1793 2486 an
1818 2426 1986 2501 quod
2003 2441 2193 2501 quum

97 2517 283 2571 ‘esset
321 2508 983 2585 ablatusprimumque
1020 2507 1379 2585 resipisset,
1433 2525 1554 2568 non
1590 2526 1673 2570 -se
1713 2508 1926 2570 referri
1970 2508 2196 2569 iussit?

111 2592 229 2655 Ubi
260 2602 356 2653 est
386 2592 653 2657 crimen?
694 2591 840 2668 quid
878 2590 1388 2668 reprehenditis?
1435 2590 1543 2654 81.
1579 2592 1693 2652 Hic
1729 2593 1992 2668 quaero,
2037 2590 2193 2653 iudi·

115 2692 253 2749 ces,
290 2675 348 2736 si
376 2676 481 2737 illo
505 2677 606 2737 die
627 2691 785 2751 'gens
814 2678 932 2737 ista
956 2676 1166 2737 Clodia
1199 2677 1367 2751 quod
1399 2678 1604 2737 facere
1637 2674 1829 2736 voluit
1862 2674 2199 2747 effecisset,

114 2760 169 2821 si
185 2761 262 2820 ²P.
286 2759 562 2831 SestiuS,
599 2759 703 2837 qui
735 2776 848 2835 pro
882 2761 1092 2821 occiso
1129 2759 1380 2821 relictus
1410 2769 1535 2833 est,
1567 2758 1817 2820 occisus
1848 2767 2046 2831 esset,
2081 2755 2194 2817 fui-

115 2844 311 2905 stisne
334 2844 413 2903 ad
443 2861 612 2904 arma
642 2842 823 2904 ituri?
857 2843 1140 2905 ⁴fuistisne
1162 2859 1280 2903 vos
1305 2844 1390 2904 ad
1427 2843 1682 2919 patrium
1718 2843 1886 2903 illum
1923 2840 2191 2901 animum

117 2926 539 3002 maiorumque
581 2927 860 2989 virtutem
916 2927 1283 2989 excitaturi?
1342 2927 1627 2988 fuistisne
1680 2925 2014 3001 aliquando
2062 2941 2192 2986 rem

112 3011 423 3086 publicam
455 3028 492 3070 a
523 3012 764 3072 funesto
798 3013 1029 3072 latrone
1050 3010 1409 3087 repetituri?
1444 3027 1522 3070 an
1553 3011 1885 3071 etiamtum
1912 3008 2192 3085 quiesce-

113 3094 293 3166 retiS,
339 3094 803 3168 cunctaremini,
844 3094 1168 3169 timeretiS,
1217 3112 1407 3171 quum
1452 3111 1578 3155 rem
1627 3094 1932 3169 publicam
1972 3109 2011 3153 a
2045 3091 2192 3153 raci—

116 3176 545 3239 nerosissimis
575 3178 814 3240 sicariis
849 3187 910 3241 et
941 3195 980 3239 a
1011 3178 1211 3240 servis
1239 3195 1385 3240 esse
1427 3194 1793 3253 oppressam
1823 3186 2011 3252 atque
2044 3190 2192 3235 con—

114 3263 414 3324 culcatam
451 3261 784 3323 videretis?
840 3261 1025 3324 Cuius
1070 3261 1253 3337 igitur
1295 3270 1551 3322 mortem
1602 3257 2083 3330 uchsceremini,
2136 3255 2192 3317 si

113 3345 366 3421 quidem
398 3344 573 3406 liberi
602 3361 746 3407 esse
792 3354 853 3409 et
896 3346 1125 3407 habere
1174 3362 1303 3405 rem
1345 3346 1646 3420 publicam
1691 3339 2070 3419 cogitaretis,
2113 3339 2194 3397 de

116 3429 250 3490 eius
281 3428 501 3491 virtute
530 3429 655 3514 vivi
687 3428 837 3505 quid
868 3446 981 3491 vos
1012 3428 1215 3505 loqui,
1252 3428 1401 3505 quid
1432 3427 1692 3500 sentire,
1723 3426 1871 3501 quid
1900 3420 2193 3517 cogitare,

121 3518 267 3593 quid
293 3517 568 3578 iudicare
594 3525 881 3593 oporteat
903 3516 1301 3577 dubitandum
1326 3515 1596 3591 putatis?
1637 3514 1747 3573 82.
1780 3516 1863 3570 At
1888 3520 2183 3593 νενοοῑῐ)εὶ

118 3601 204 3662 illi
252 3599 627 3678 parricidae.
685 3615 950 3676 quorum
994 3599 1335 3659 effrenatus
1388 3599 1561 3655 furor
1602 3594 1783 3651 alitur
1824 3586 2183 3655 impunitate
