2514 3928
0 225 59 282 19
842 227 892 276 1.
926 249 1011 261 —
1037 224 1092 278 4.
1123 223 1154 282 s
1205 225 1402 279 3--9.
1946 216 2070 281 177

0 367 400 435 iccusatlonis
435 362 860 426 condicionem
892 383 1154 442 sequar,
1200 377 1307 440 aut
1356 367 1586 444 optime
1634 369 1713 429 de
1741 385 1840 429 me
1874 369 2072 431 meriti

0 449 156 509 salus
189 449 536 521 deserenda
566 457 680 510 est.

109 532 210 591 ΙΙΙ.
246 531 371 592 Sed
401 546 540 607 ego,
567 531 951 610 Laterensis,
979 549 1234 595 caecum
1267 549 1366 593 me
1400 543 1461 595 et
1489 535 1889 611 praecipitem
1928 537 2069 598 ferri

0 616 284 683 eonfitear
309 614 370 675 in
403 630 620 687 causa,
660 615 715 676 si
754 625 818 678 te
858 625 967 693 aut
991 633 1041 699 a·
1056 616 1304 678 Plancio
1346 627 1450 679 aut
1491 619 1568 677 ab
1613 619 1735 679 ullo
1779 619 2071 695 dignitate

0 697 267 772 :notuisse
315 699 596 775 superari
640 698 876 761 dixero.
963 701 1179 777 ltaque
1221 701 1540 761 discedam
1580 701 1659 760 ab
1700 718 1776 762 ea
1821 711 2068 764 conten·

0 781 167 856 ione,
197 783 277 843 ad
312 800 495 859 quam
520 793 583 844 tu
620 801 717 844 me
742 801 950 858 vocas,
981 794 1042 846 et
1068 785 1312 845 veniam
1342 785 1423 845 ad
1446 783 1629 857 illam,
1660 785 1738 844 ad
1768 802 1951 860 quam
1974 803 2071 847 me

0 881 171 926 aausa
199 866 336 942 ipsa
349 866 616 932 deducit.
655 866 711 929 7.
729 868 903 942 Quid,
937 872 1078 930 tune
1100 885 1305 930 acrem
1326 865 1641 945 dignitatis
1669 866 1934 929 iudicem
1959 884 2070 943 pu-

0 965 253 1019 asfflesse
287 954 630 1026 populum?
650 952 942 1013 Fortasse
975 969 1096 1013 non
1133 968 1468 1028 numquam
1492 960 1604 1012 est.
1645 951 1888 1012 Utinam
1918 968 2069 1014 vero

0 1049 226 1109 temper
254 1044 448 1096 esset!
484 1035 610 1099 Sed
634 1044 731 1095 est
753 1051 1024 1110 perraro,
1053 1045 1117 1096 et
1144 1035 1201 1102 si
1229 1037 1478 1112 quando
1515 1041 1640 1109 est,
1672 1034 1730 1095 in
1774 1035 1850 1096 iis
1881 1035 2069 1112 magi—

0 1117 271 1181 itratibus
290 1127 399 1179 ,est
426 1118 821 1188 mandandis,
868 1116 1093 1192 quibus
1136 1120 1397 1181 salutem
1429 1136 1607 1179 suam
1637 1119 1925 1182 committi
1954 1137 2069 1195 pu-

1 1209 91 1261 at=
136 1199 234 1259 his
256 1199 612 1267 ‚levioribus
647 1199 909 1261 comitiis
951 1199 1260 1275 diligentia
1289 1209 1349 1261 et
1383 1201 1577 1276 gratia
1608 1203 1931 1276 petitorum
1960 1204 2068 1264 ho·

0 1299 97 1342 ios
135 1281 396 1356 paritur,
442 1298 564 1347 non
594 1280 684 1342 ,iis
724 1283 1122 1353 ornamentis,
1167 1299 1331 1358 quae
1374 1298 1518 1342 esse
1563 1282 1625 1342 in
1666 1292 1726 1344 te
1769 1285 2069 1353 videmus.

0 1366 131 1423 iam
173 1365 343 1438 quod
382 1364 461 1423 ad
509 1364 803 1438 populum
846 1362 1136 1439 pertinet,
1185 1380 1432 1438 semper
1473 1363 1782 1439 dignitatis
1823 1367 2072 1441 iniquus

5 1448 170 1508 udex
203 1455 301 1507 est
341 1446 444 1520 qui
480 1455 590 1507 aut
621 1445 852 1506 invidet
881 1454 986 1506 aut
1015 1447 1208 1506 favet:
1255 1462 1625 1522 quamquam
1687 1448 1834 1507 nihil
1888 1458 2068 1523 potes

5 1549 40 1590 n
72 1539 132 1591 te
146 1563 170 1605 ,-
196 1529 583 1604 Laterensis,
614 1526 986 1601 constituere
1036 1530 1203 1604 quod
1235 1529 1317 1590 sit
1344 1528 1661 1604 proprium
1695 1530 1897 1592 laudis
1929 1541 2067 1592 tuae

0 1612 125 1690 1uin
161 1612 223 1674 id
271 1613 377 1675 tibi
422 1615 502 1675 sit
549 1629 870 1674 commune
914 1629 1052 1672 cum
1094 1612 1364 1674 Plancio.
1450 1612 1509 1675 8.
1558 1612 1684 1674 Sed
1730 1613 1852 1674 hoc
1880 1622 2076 1675 totum

0 1706 198 1773 igetur
229 1692 359 1758 alio
389 1699 562 1760 locoz
595 1714 758 1758 nunc
791 1704 1020 1758 tantum
1052 1696 1302 1772 disputo
1336 1697 1415 1757 de
1447 1696 1580 1757 iure
1612 1697 1843 1772 populi,
1877 1699 1982 1773 qui
2014 1705 2077 1758 et

0 1789 188 1842 »otest
215 1789 277 1841 et
311 1783 470 1843 solet
500 1799 621 1842 non
656 1797 987 1855 numquam
1020 1779 1241 1854 dignos
1274 1779 1640 1856 praeterire,
1673 1797 1788 1841 nec
1812 1779 1866 1840 si
1895 1797 1932 1840 a
1959 1797 2072 1855 po·

0 1865 135 1926 )ulo
175 1863 544 1939 praeteritus
589 1868 690 1924 est
733 1879 915 1938 quem
971 1880 1095 1924 non
1142 1863 1443 1940 oportuit,
1498 1879 1537 1922 a
1585 1860 1891 1922 iudicibus
1934 1877 2076 1920 con-

0 1948 367 2010 temnandus
411 1954 509 2009 est
548 1946 655 2023 qui
695 1947 1066 2022 praeteritus
1111 1963 1236 2009 non
1283 1954 1398 2009 est.
1486 1947 1637 2008 Nam
1667 1944 1723 2007 si
1763 1944 1849 2007 ita
1888 1951 2074 2017 esset,

0 2031 157 2106 quod
204 2037 414 2107 patres
468 2031 639 2107 apud
679 2031 948 2093 maiores
997 2039 1252 2093 nostros
1292 2038 1509 2092 tenere
1546 2047 1670 2092 non
1718 2036 2080 2105 potuerunt,

0 2123 52 2175 lt
90 2114 582 2190 reprehensores
628 2121 841 2175 essent
880 2114 1297 2185 comitiorum,
1361 2114 1424 2175 id
1475 2114 1777 2174 haberent
1816 2111 2096 2183 iudices„

0 2200 86 2258 rel
131 2198 302 2273 quod
331 2198 523 2259 multo
555 2198 737 2259 etiam
769 2197 969 2259 minus
1001 2206 1174 2260 esset
1203 2199 1556 2259 serendum:
1598 2203 1725 2257 tum
1758 2195 1917 2255 enim
1950 2209 2074 2270 ma-

0 2281 306 2356 gistratum
358 2297 483 2344 non
530 2283 784 2358 gerebat
826 2280 912 2354 ie,
955 2282 1060 2357 qui
1111 2295 1392 2360 ceperat,
1435 2280 1490 2342 si
1532 2286 2078 2355 patresauctores

0 2381 110 2426 mon
155 2372 332 2427 erant
373 2364 545 2426 facti:
598 2380 762 2426 nunc
803 2368 1156 2442 postulatur
1205 2385 1242 2426 a
1286 2363 1494 2433 vobis,
1547 2371 1614 2425 ut
1655 2362 1790 2423 eius
1832 2359 2078 2428 exsilio,

0 2447 94 2522 qui
136 2456 386 2509 creatus
427 2449 535 2523 sit,
565 2447 858 2511 iudicium
880 2450 1099 2526 populi
1129 2448 1391 2511 Romani
1413 2444 1903 2530 reprehendatis,
1961 2443 2082 2503 Ita-

0 2547 109 2606 que
151 2532 300 2603 iam,
352 2534 645 2607 quoniam
695 2550 821 2607 qua
852 2533 1023 2594 nolui
1056 2534 1241 2593 ianua
1281 2548 1418 2593 sum
1458 2529 1781 2603 ingressus
1823 2526 1886 2586 in
1930 2540 2086 2601 cau·-

0 2630 150 2686 3am,
180 2632 433 2691 sperare
459 2615 676 2677 videor
713 2621 941 2676 tantum
982 2613 1282 2672 afuturam
1312 2626 1457 2672 esse
1504 2608 1842 2701 orationem
1878 2619 2081 2663 meam

0 2714 21 2757 ι
43 2696 291 2758 minima
321 2698 662 2776 suspitione
708 2694 1072 2759 offensionis
1104 2704 1277 2767 tuae,
1318 2700 1379 2752 te
1406 2700 1474 2752 ut
1503 2691 1710 2765 potius
1742 2689 2080 2778 obiurgem,

0 2781 156 2855 quod
190 2778 462 2856 iniquum
494 2782 552 2842 in
584 2781 912 2850 discrimen
944 2780 1224 2840 adducas
1276 2772 1627 2849 dignitatem
1659 2781 1855 2843 tuam,
1896 2784 2081 2845 quam

0 2871 50 2926 ιι
78 2879 198 2939 ego
222 2880 358 2925 eam
389 2866 511 2927 ulla
542 2864 912 2927 contumelia
954 2878 1143 2923 coner
1171 2860 1490 2934 attingere.
1582 2856 1685 2916 IV.
1718 2854 1778 2916 9.
1809 2854 1899 2916 Tu
1930 2869 2087 2917 con-

0 2946 324 3020 ,inentiam‚
359 2958 423 3011 tu
453 2949 811 3011 industriam
831 2995 845 3022 ,
877 2956 942 3009 tu
969 2945 1235 3008 animum
1263 2944 1322 3003 in
1353 2958 1481 3003 rem
1508 2939 1831 3016 publicam,
1862 2948 1926 3001 tu
1955 2938 2087 2999 vire

0 3040 190 3105 utem,
222 3041 287 3093 tu
311 3032 739 3105 innocentiam,
775 3040 838 3093 tu
866 3032 1071 3105 fidem,
1103 3039 1166 3090 tu
1192 3029 1441 3089 labores
1467 3034 1627 3101 tuoS,
1660 3025 1826 3100 quod
1858 3021 2082 3104 aedilis

0 3132 105 3178 ion
131 3115 220 3177 sis
251 3118 480 3190 factuS,
511 3119 740 3178 fractos
786 3131 930 3177 esse
973 3123 1033 3175 et
1059 3111 1337 3174 abiectos
1368 3119 1428 3172 et
1457 3110 1817 3185 repudiatos
1850 3110 2084 3200 putas-'e

0 3199 142 3259 Vide
171 3202 449 3275 tandem,
480 3198 856 3272 LaterensiS,
891 3205 1181 3273 quantum
1212 3212 1330 3270 ego
1362 3211 1399 3254 a
1429 3203 1489 3255 te
1518 3190 1899 3254 dissentiam.
1988 3186 2081 3259 Si,

0 3282 224 3344 nedius
252 3283 448 3358 filius,
480 3285 694 3345 decem
727 3282 845 3345 soli
873 3289 1087 3343 essent
1114 3279 1174 3340 in
1208 3276 1453 3340 civitate
1487 3275 1599 3336 viri
1627 3275 1770 3336 boni
1792 3319 1812 3347 „
1832 3266 2080 3346 sapien·

0 3382 74 3426 ses
100 3412 117 3441 ,
146 3365 325 3441 iusti,
358 3384 615 3443 graveS,
671 3366 774 3444 qui
818 3374 878 3427 te
906 3363 1219 3440 indignum
1262 3360 1570 3422 aedilitate
1613 3352 2086 3418 iudicavissent.

0 3449 233 3524 navius
264 3451 342 3511 de
368 3459 428 3511 te
456 3449 784 3512 iudicatum
820 3457 1111 3525 putarem,
1142 3462 1325 3522 quam
1355 3452 1453 3504 est
1478 3436 1819 3580 hoci2quod
1850 3440 1916 3491 tu
1950 3440 2073 3487 me·

63 3549 176 3596 c1c.
205 3534 278 3593 ll.
312 3541 364 3594 3.
