2514 3928
249 234 373 296 332
541 237 621 295 IN
648 236 731 295 M.
761 236 1168 296 ANTONIUM
1200 232 1488 295 ORATIO
1517 231 1939 292 PHILIPPICA
1965 231 2036 289 Π.
2288 239 2377 288 34

249 403 424 472 ᾱθοε,
454 417 577 460 non
612 416 826 461 omnes
858 401 1138 462 homines
1170 411 1234 461 et
1264 416 1410 460 esse
1440 398 1721 461 inimicos
1754 407 1814 459 et
1839 391 2080 459 futuros
2117 396 2369 458 scias?

250 490 331 542 At
356 500 538 557 quam
560 485 902 545 insolenter
924 484 1125 546 statim
1153 486 1357 545 helluo
1381 485 1608 545 invasit
1629 484 1690 544 in
1717 483 1851 544 eius
1875 481 1990 542 viri
2015 483 2361 549 fortunas,

247 564 424 625 cuius
452 564 670 624 virtute
700 563 1023 624 terribilior
1058 572 1188 622 erat
1213 565 1479 637 populus
1513 563 1824 622 Romanus
1866 564 2091 621 exteris
2132 564 2358 639 genti-

244 648 380 719 buS‚
413 646 639 707 iustitia
667 649 908 707 carior?
934 646 1263 705 xxvl1.1n
1296 646 1429 705 eius
1459 644 1638 720 igitur
1660 644 1774 704 viri
1798 644 2011 718 copias
2039 663 2242 719 quum
2273 664 2352 707 se

247 731 447 790 subito
488 728 951 805 ingurgitasset,
1006 730 1354 789 exsultabat
1419 729 1642 801 gaudio
1702 744 1969 802 persona
2016 729 2096 789 de
2141 730 2349 790 mimo

248 815 432 873 modo
470 830 678 887 egens,
715 820 963 887 repente
996 813 1189 871 dives.
1237 811 1378 879 Sed,
1418 819 1480 871 ut
1511 820 1606 871 est
1634 812 1798 885 apud
1832 814 2074 885 poetam
2105 813 2348 873 nescio

248 914 460 971 quem,
500 902 657 957 male
705 904 889 971 parta
929 898 1086 955 male
1128 896 1494 955 dilabuntur.
1578 894 1680 955 66.
1731 889 2092 954 Incredibile
2135 912 2217 955 ac
2252 896 2346 955 si-

247 980 388 1040 mile
416 979 679 1055 portenti
711 987 833 1050 est,
868 995 1133 1064 quonam
1170 979 1355 1037 modo
1390 978 1490 1036 illa
1524 986 1643 1037 tam
1674 979 1860 1036 multa
1890 994 2068 1051 quam
2099 978 2342 1075 paucis

245 1080 367 1123 non
404 1062 544 1122 dico
575 1060 908 1131 mensibuS‚
947 1062 1058 1119 sed
1093 1051 1311 1120 diebus
1340 1060 1639 1120 effuderit.
1719 1060 2021 1120 Maximus
2052 1062 2185 1121 vini
2217 1080 2340 1121 nu-

244 1162 449 1204 :nerus
479 1145 619 1215 fuit,
654 1159 1048 1218 permagnum
1088 1144 1296 1218 optimi
1327 1144 1573 1219 pondus
1600 1161 1702 1219 ar„
1671 1144 1860 1214 enti,
1904 1144 2185 1218 pretiosa
2222 1160 2338 1203 ve-

246 1230 373 1299 stiS,
399 1229 585 1287 multa
616 1235 676 1288 et
706 1228 867 1286 lauta
891 1228 1171 1302 supellex
1202 1226 1601 1302 etmagnifica
1631 1227 1834 1287 multis
1864 1227 2034 1298 locis,
2069 1244 2197 1287 non
2223 1227 2335 1287 illa

247 1309 492 1385 quidem
537 1309 835 1371 luxuriosi
875 1310 1167 1384 hominiS‚
1205 1312 1318 1370 sed
1362 1318 1557 1370 tamen
1597 1311 1983 1370 abundantis.
2085 1311 2331 1372 Horum

247 1394 461 1468 paucis
504 1393 723 1455 diebus
768 1392 913 1452 nihil
957 1403 1103 1454 erat.
1202 1392 1304 1454 67.
1348 1393 1515 1466 Quae
1563 1393 1905 1469 Charybdis
1934 1403 2053 1454 tam
2085 1402 2335 1454 vorax?

246 1477 613 1553 Charybdim
638 1479 819 1538 dico?
865 1494 1023 1551 quae
1062 1476 1115 1536 si
1160 1477 1300 1548 suit,
1340 1477 1563 1538 animal
1608 1477 1966 1537 unum-fuit:
2015 1475 2325 1538 Oceanus.

247 1578 341 1620 me
356 1563 496 1623 dius
520 1562 725 1630 fidius,
750 1562 851 1619 vix
874 1560 1117 1621 videtur
1148 1567 1235 1632 tot
1266 1577 1366 1619 res
1398 1569 1516 1620 tam
1545 1559 1903 1634 dissipatas,
1936 1569 2053 1619 tam
2090 1560 2322 1621 distan-

241 1644 403 1704 tibus
435 1644 493 1703 in
526 1646 679 1704 locis
710 1643 946 1719 positas
982 1653 1099 1703 tam
1126 1644 1245 1703 cito
1269 1644 1600 1703 absorbere
1633 1643 1928 1717 potuisse.
2008 1642 2160 1702 Nihil
2192 1651 2324 1703 erat

244 1729 547 1800 clausum,
581 1727 724 1787 nihil
754 1726 1155 1800 obsignatum,
1191 1726 1336 1786 nihil
1367 1726 1677 1801 scriptum,
1763 1726 2124 1799 Apothecae
2153 1734 2325 1786 totae

243 1810 638 1885 nequissimis
668 1809 1014 1877 hominibus
1046 1809 1568 1869 condonabantur.
1611 1808 1750 1868 Alia
1782 1808 1948 1868 mizni
1976 1808 2318 1882 rapiebant,

241 1894 360 1953 alia
388 1894 634 1952 mimace
671 1894 893 1953 domus
927 1901 1057 1953 erat
1080 1892 1450 1954 aleatoribus
1478 1892 1732 1964 referta,
1767 1893 1949 1968 plena
1979 1892 2317 1952 ebriorum=

246 1986 405 2036 totos
442 1977 596 2036 dies>
617 1979 941 2051 potabatur
974 1986 1158 2052 atque
1189 1977 1249 2036 id
1297 1978 1447 2037 locis
1481 1976 1788 2051 pluribus=
1835 1978 2323 2051 suggerebantur

243 2059 423 2121 etiam
457 2075 645 2135 saepe
678 2091 760 2101 -—-
788 2078 909 2122 non
945 2060 1102 2120 enim
1138 2077 1382 2135 semper
1410 2062 1525 2120 iste
1557 2055 1702 2120 felix
1724 2092 1807 2103 --
1839 2061 2060 2119 damna
2089 2061 2313 2120 aleato-

240 2142 350 2204 ria.
425 2140 867 2220 'Conchyliatis
921 2145 1025 2203 Cn.
1068 2143 1341 2218 Pompeii
1402 2141 1841 2217 peristromatis
1895 2159 2208 2203 Servorum
2250 2142 2311 2202 in

241 2226 411 2287 cellis
451 2229 646 2287 lectos
690 2237 914 2287 stratos
957 2227 1217 2287 videres,
1305 2226 1493 2300 Quam
1541 2227 1620 2284 ob
1667 2242 1794 2286 rem
1827 2224 2089 2288 desinite
2114 2227 2311 2286 mirari

241 2310 394 2369 haec
426 2317 543 2368 tam
578 2311 855 2370 celeriter
884 2326 1027 2370 esse
1069 2319 1453 2384 consumpta.
1541 2310 1672 2369 Non
1705 2310 1889 2369 modo
1919 2308 2103 2369 unius
2134 2309 2310 2384 patri·

239 2391 505 2452 monium
548 2389 827 2473 quamvls
868 2395 1166 2468 amplum,
1203 2393 1442 2455 utillud
1474 2393 1611 2464 fuit,
1658 2393 1771 2452 sed
1813 2392 1996 2452 urbes
2039 2401 2099 2452 et
2127 2408 2307 2468 regna

239 2474 515 2535 celeriter
556 2484 720 2536 tanta
766 2476 1037 2550 nequitia
1066 2478 1364 2546 devorare
1405 2475 1728 2551 potuisset.
1815 2478 1896 2536 At
1935 2474 2095 2535 idem
2126 2477 2305 2535 aedes

239 2558 417 2619 etiam
444 2568 502 2620 et
522 2559 753 2620 hortos.
809 2559 913 2622 68.
951 2559 997 2618 Ο
1027 2560 1344 2621 audaciam
1382 2562 1730 2619 immanem!
1779 2567 1844 2619 tu
1873 2557 2049 2619 etiam
2081 2558 2303 2633 ingredi

236 2642 398 2703 illam
428 2644 677 2705 domum
707 2642 1044 2705 ausus'eS?
1081 2651 1143 2704 tu
1175 2643 1321 2704 illud
1352 2641 1802 2721 sanctissimum
1835 2641 2014 2702 limen
2045 2641 2263 2702 intrare
2276 2649 2320 2700 2·

236 2736 301 2788 tu
329 2727 565 2788 illarum
595 2728 836 2789 aedium
862 2726 958 2788 dis
988 2727 1311 2803 penatibus
1338 2742 1409 2787 os
1440 2726 1914 2823 impurissimum
1944 2727 2303 2786 ostendere?

239 2810 429 2884 Quam
462 2813 707 2872 domum
737 2812 1001 2887 aliquam
1034 2812 1137 2870 diu
1167 2826 1345 2871 nemo
1378 2808 1657 2884 aspicere
1688 2817 1941 2884 poterat,
1975 2824 2155 2869 nemo
2172 2808 2303 2868 sine

238 2894 502 2954 lacrimis
543 2897 908 2969 praeterire,
959 2895 1074 2955 hac
1117 2903 1175 2955 te
1220 2893 1278 2954 in
1316 2895 1498 2954 domo
1533 2902 1652 2953 tam
1700 2892 1804 2953 diu
1839 2891 2154 2953 deversari
2185 2908 2296 2952 nou

201 2968 466 3050 ‘puden
506 2976 566 3035 in
600 2995 750 3052 qua,
806 2978 1086 3054 quamvis
1119 2976 1263 3038 nihil
1295 2977 1534 3052 sapiaS,
1569 2984 1768 3035 tamen
1799 2975 1945 3035 nihil
1975 2976 2080 3036 tibi
2113 2982 2296 3050 potest

229 3076 378 3118 esse
406 3060 753 3120 iucundum.
838 3062 1106 3121 XXVIII.
1141 3064 1233 3120 An
1267 3071 1347 3130 tu,
1397 3061 1497 3119 illa
1535 3061 1592 3118 in
1639 3059 1940 3120 vestibulo
1982 3068 2176 3119 rostra
2205 3060 2294 3136 [ac

236 3142 455 3218 spolia]
487 3158 673 3215 quum
702 3144 1019 3217 aspexisti,
1059 3145 1305 3204 domum
1338 3154 1497 3204 tuam
1528 3152 1587 3203 te
1620 3141 1873 3203 introire
1905 3149 2129 3218 putas?
2152 3140 2291 3202 Fieri

238 3239 357 3281 non
392 3230 612 3296 potest
683 3224 970 3297 Quamvis
1002 3227 1161 3285 enim
1193 3227 1328 3287 sine
1359 3228 1579 3298 meist,
1610 3225 1745 3286 sine
1772 3242 1965 3287 sensu
1995 3225 2103 3300 sis,
2132 3234 2192 3286 ut
2211 3241 2290 3297 es

236 3314 435 3363 tamen
455 3313 519 3363 et
554 3314 611 3365 te
641 3315 702 3365 et
734 3316 834 3365 tua
871 3316 931 3367 et
964 3317 1103 3368 tuos
1133 3309 1314 3370 nosti.
1375 3311 1503 3371 Nec
1525 3325 1673 3370 vero
1710 3319 1767 3370 te
1798 3325 2085 3385 umquam
2110 3324 2290 3383 neque

233 3384 584 3459 vigilantem
627 3403 829 3462 neque
869 3388 930 3448 in
980 3390 1214 3452 somnis
1262 3393 1446 3455 credo
1492 3408 1683 3468 posse
1724 3401 1924 3453 mente
1949 3391 2286 3453 consistere.

227 3466 500 3525 Necesse
530 3480 654 3540 est,
690 3470 970 3543 quamvis
1005 3474 1112 3543 siS,
1155 3483 1218 3533 ut
1246 3491 1346 3546 eS,
1382 3476 1729 3563 vinolentus
1762 3486 1822 3536 et
1852 3478 2091 3547 surenS,
2125 3489 2288 3550 quum
