2514 3928
221 257 291 313 67
836 248 1014 309 CAP..
1032 256 1067 310 6
1084 280 1155 292 —·
1173 254 1229 307 8.
1274 254 1326 314 S.
1362 256 1429 309 18
1448 282 1522 293 —
1556 257 1644 310 25.
2164 247 2283 310 281

215 408 337 475 ret,
382 399 704 460 verborum
738 406 932 459 tamen
964 397 1237 473 ipsorum
1280 399 1524 472 pondus
1563 396 1866 459 sustinere
1898 414 2020 458 non
2059 412 2290 474 posset.

217 483 319 546 22.
354 480 555 543 Cessit
583 479 928 542 auctoritati
958 479 1318 555 amplissimi
1348 481 1458 541 viri
1488 482 1585 541 vel
1616 481 1819 557 potius
1851 482 2067 558 paruit.
2155 482 2291 544 Una

217 577 315 629 est
356 566 670 641 profectus
714 579 849 624 cum
892 562 993 636 iis,
1042 579 1299 639 quorum
1331 572 1460 625 erat
1489 581 1612 624 una
1641 580 1860 625 causat
1905 564 2135 627 tardius
2180 565 2293 628 iter

219 650 389 711 fecit:
433 644 639 722 itaq‘ue
668 646 725 707 in
755 647 1025 710 Africam
1052 645 1218 707 venit
1243 645 1361 706 iam
1395 656 1774 722 occupatam.
1846 649 1999 710 Hinc
2027 650 2084 709 in
2119 649 2290 724 Liga-

220 732 373 793 rium
405 729 633 792 crimen
664 731 853 792 oritur
883 733 980 791 vel
1029 729 1117 791 ira
1151 728 1380 810 potius.
1467 729 1618 790 Nam
1649 729 1702 790 si
1733 728 1956 791 crimen
1988 740 2083 793 ‹st
2127 732 2291 794 illum

223 814 509 888 voluisse,
535 831 654 876 non
678 813 878 875 minus
902 831 1187 890 magnum
1207 821 1305 874 est
1329 829 1444 874 vos
1467 811 1758 887 Africam,
1782 829 1985 874 arcem
2020 813 2285 876 omnium

221 897 693 976 provinciarum,
717 907 916 960 natam
940 899 1018 958 ad
1034 899 1259 959 bellum·
1283 906 1495 959 contra
1519 897 1676 957 hanc
1697 896 1910 958 urbem
1937 898 2291 972 gerundum,

215 981 493 1044 obtinere
523 982 795 1043 voluisse
829 998 1010 1058 quam
1038 982 1304 1058 aliquem
1337 998 1404 1042 se
1427 981 1737 1042 maluisse.
1780 981 1988 1057 Atque
2015 981 2069 1040 is
2093 990 2289 1042 tamen

217 1066 442 1143 aliquis
473 1064 752 1141 Ligarius
788 1081 911 1125 non
961 1065 1086 1126 suit.
1176 1067 1379 1125 Varus
1407 1063 1722 1140 imperium
1762 1079 1835 1125 se
1864 1063 2091 1125 habere
2126 1065 2289 1125 dice·

217 1151 351 1211 bat=
390 1152 594 1208 fasces
634 1156 797 1209 certe
846 1148 1125 1209 habebat.
1211 1147 1314 1209 23.
1359 1147 1483 1209 Sed
1527 1163 1776 1225 quoquo
1818 1148 2002 1210 modo
2043 1164 2114 1208 se
2142 1147 2289 1209 illud

218 1234 429 1302 habet,
470 1230 624 1291 haec
654 1234 930 1304 querella
962 1238 1193 1301 vestra,
1224 1231 1495 1303 Tubero,
1531 1231 1680 1306 quid
1708 1232 1910 1292 valet?
1940 1233 2191 1308 Recepti
2229 1232 2288 1292 in

222 1313 596 1390 provinciam
640 1330 1043 1375 non·sumus.
1144 1313 1334 1387 Quid,
1377 1315 1430 1374 si
1473 1315 1738 1375 essetis?
1786 1315 2112 1376 Caesarine
2154 1331 2287 1376 eam

221 1396 492 1458 tradituri
537 1396 808 1458 fuissetis
848 1413 925 1456 an
980 1407 1192 1457 contra
1222 1397 1545 1457 Caesarem
1584 1396 1914 1458 retenturi?
1938 1397 2095 1457 V111.
2129 1398 2290 1458 Vide

221 1479 369 1557 quid
411 1478 718 1552 licentiae,
756 1480 1012 1552 Caesar,
1060 1479 1238 1540 nobis
1290 1489 1392 1541 tua
1432 1479 1761 1540 liberalitas
1802 1480 1905 1540 det
1953 1482 2050 1539 vel
2086 1481 2290 1554 potius

219 1562 533 1625 audaciae.
579 1562 1065 1639 Siresponderit
1090 1563 1350 1635 Tubero,
1383 1562 1673 1636 Africam,
1709 1579 1831 1639 quo
1862 1562 2113 1623 senatus
2150 1580 2285 1624 eum

220 1664 485 1723 sorsque
529 1646 803 1719 miserat,
852 1645 956 1707 tibi
1001 1655 1230 1722 patrem
1275 1664 1451 1707 suum
1497 1645 1847 1708 traditurum
1897 1644 2122 1723 fuisse,
2166 1664 2290 1707 non

220 1730 508 1792 dubitabo
542 1731 707 1805 apud
736 1731 937 1805 ipsum
981 1738 1067 1801 te,
1112 1730 1289 1791 cuius
1332 1730 1390 1790 id
1440 1747 1576 1790 eum
1611 1731 1812 1791 facere
1843 1729 2126 1801 interfuit,
2156 1744 2284 1805 gra·

219 1813 488 1875 vissimis
519 1812 724 1874 verbis
757 1813 889 1873 eius
922 1812 1241 1874 consilium
1286 1814 1753 1888 reprehendere.
1812 1813 1974 1874 -Non
2007 1813 2197 1885 enim,
2237 1810 2289 1872 si

222 1899 329 1958 tibi
352 1914 425 1958 ea
450 1914 549 1958 res
571 1905 745 1975 grata
769 1896 1004 1970 fuisset,
1031 1906 1202 1959 esset
1224 1898 1405 1959 etiam
1430 1896 1713 1974 probata.
1762 1894 1860 1953 24.
1885 1895 2011 1956 Sed
2036 1894 2155 1956 iam
2175 1896 2294 1957 hoc

223 1990 419 2042 totum
443 1983 676 2057 omitto,
706 2000 828 2044 non
864 1993 983 2043 tam
1009 1991 1265 2057 propter
1286 1984 1451 2059 id,ne
1475 1981 1785 2043 offendam
1812 1988 1950 2041 tuas
1976 1980 2293 2056 patientis-

223 2066 411 2126 simas
435 2082 637 2139 aureS,
669 2083 848 2142 quam
875 2067 1208 2127 ne'l'ubero
1237 2067 1406 2164 quod
1429 2065 1762 2163 numquam
1789 2064 2081 2139 cogitavit
2106 2067 2294 2125 factu·

226 2167 331 2211 rus
359 2151 552 2211 luisse
577 2150 878 2212 videatur.
925 2148 1282 2211 veniebatis
1305 2150 1488 2224 igitur
1508 2148 1569 2209 in
1590 2147 1878 2216 Africam,
1911 2146 2292 2224 provinciam

232 2251 417 2295 unam
461 2251 542 2295 ex
586 2233 867 2294 omnibus
913 2230 1053 2292 huic
1103 2231 1394 2292 victoriae
1434 2229 1696 2290 maxime
1738 2229 2051 2302 intestam,
2092 2227 2150 2286 in
2186 2244 2309 2302 qua

234 2328 365 2379 erat
387 2334 497 2378 rex
529 2309 1008 2392 potentissimus,
1037 2313 1317 2375 inimicus
1352 2313 1493 2375 huic
1525 2329 1770 2381 causae,
1795 2313 1994 2372 aliena
2024 2312 2306 2371 voluntas

235 2408 577 2462 conventus
610 2401 762 2461 firmi
793 2405 978 2473 atque
1005 2397 1227 2473 magni.
1316 2398 1582 2471 Quaero·
1628 2394 1775 2472 quid
1818 2394 2031 2456 facturi
2068 2393 2310 2455 fuistis?

238 2500 611 2560 quamquam
644 2484 792 2559 quid
828 2482 1040 2543 facturi
1068 2480 1302 2542 fueritis
1333 2480 1631 2549 dubitem,
1673 2495 1858 2554 quum
1889 2477 2127 2539 videam
2160 2476 2309 2551 quid

237 2567 545 2629 feceritis?
584 2564 871 2627 Prohibiti
913 2564 1063 2626 estis
1102 2565 1162 2623 in
1207 2563 1522 2661 provincia
1561 2571 1763 2622 vestra
1808 2562 2027 2636 pedem
2080 2576 2310 2633 ponere

238 2658 299 2711 et
333 2650 616 2726 prohibiti
646 2666 883 2712 summa
924 2664 1061 2709 cum
1111 2646 1348 2708 iniuria.
1435 2644 1537 2707 25.
1570 2644 1702 2719 Quo
1736 2645 1921 2704 modo
1952 2644 2014 2703 id
2043 2641 2312 2703 tulistis?

237 2742 530 2809 acceptae
573 2731 828 2794 iniuriae
860 2733 1196 2807 querellam
1226 2730 1308 2789 ad
1347 2745 1526 2804 quem
1569 2726 1916 2788 detulistis?
1958 2727 2191 2800 Nempe
2233 2726 2310 2783 ad

235 2833 395 2891 eum,
424 2816 598 2877 cuius
629 2814 1047 2878 auctoritatem
1078 2812 1274 2875 secuti
1320 2812 1379 2873 in
1422 2809 1775 2873 societatem
1818 2809 1960 2870 belli
1991 2808 2314 2869 veneratis.

238 2898 412 2974 Quod
468 2901 520 2959 si
563 2898 843 2961 Caesaris
885 2912 1076 2962 causa
1115 2896 1180 2957 in
1222 2894 1600 2972 provinciam
1636 2891 2005 2963 veniebatis,
2051 2892 2132 2950 ad
2175 2907 2313 2958 eum

240 2985 516 3058 profecto
560 2983 795 3043 exclusi
839 2980 1155 3057 provincia
1201 2976 1549 3042 venissetis.
1639 2975 1912 3037 Venistis
1942 2938 2022 3036 ad
2059 2976 2315 3052 Pompe·

238 3066 385 3129 ium.
437 3066 612 3141 Quae
641 3074 737 3128 est
767 3081 915 3140 ergo
944 3064 1112 3139 apud
1142 3063 1469 3126 Caesarem
1499 3060 1788 3138 querella,
1819 3077 2006 3136 quum
2046 3076 2185 3120 eum
2214 3074 2314 3118 ac-

237 3150 502 3223 cusetis,
548 3166 586 3209 a
616 3167 741 3224 quo
785 3145 1123 3223 queramini
1166 3145 1508 3222 prohibitos
1536 3160 1681 3206 esse
1707 3161 1821 3205 vos
1853 3152 2064 3206 contra
2094 3144 2312 3204 Caesa·

239 3251 363 3294 rem
403 3249 617 3309 gerere
669 3233 936 3294 bellum?
974 3232 1179 3305 Atque
1224 3229 1285 3290 in
1327 3229 1446 3289 hoc
1488 3227 1736 3304 quidem
1764 3231 1859 3289 vel
1905 3243 2043 3287 cum
2070 3226 2290 3286 menda

237 3318 355 3388 cio,
393 3319 444 3377 si
475 3316 691 3387 vultis,
719 3311 1063 3391 gloriemini
1100 3329 1212 3388 per
1235 3330 1335 3373 me
1365 3313 1535 3385 licet,
1563 3328 1681 3372 vos
1713 3309 2091 3386 provinciam
2123 3307 2315 3368 fuisse

239 3400 485 3460 Caesari
530 3399 881 3462 tradituros.
967 3395 1160 3457 Etiam
1213 3396 1264 3456 si
1314 3414 1352 3456 a
1392 3397 1560 3455 Varo
1598 3404 1660 3455 et
1695 3411 1733 3454 a
1772 3393 2142 3468 quibusdam
2181 3387 2316 3447 aliis

241 3481 746 3556 prohibiwesus,
789 3497 912 3556 ego
954 3490 1153 3541 tamen
1210 3479 1571 3540 confitebor·
1597 3477 1837 3551 culpam
1894 3487 2037 3532 esse
2083 3466 2319 3542 Ligarii.
