2514 3928
271 286 394 351 272
786 283 932 346 PRO
965 285 1043 344 M.
1067 285 1489 375 MARCELLO
1523 285 1824 347 ORATIO.
2291 297 2377 350 48

273 436 583 497 hominum
620 434 678 496 in
711 438 1155 497 contemnenda
1186 445 1378 497 morte
1407 436 1821 512 prudentIamz
1853 436 1977 498 noli
2000 448 2215 498 nostro
2241 453 2371 513 pe·

269 519 461 580 riculo
507 534 674 584 esse,
707 518 977 594 sapiens.
1077 518 1281 594 Saepe
1325 519 1484 579 enim
1527 518 1688 580 venit
1721 521 1800 581 ad
1825 537 2008 581 aures
2061 535 2270 594 meaS,
2302 531 2371 582 te

269 602 433 663 idem
469 602 632 664 istud
665 600 843 661 nimis
873 603 1087 662 crebro
1118 602 1322 663 dicere
1353 601 1460 663 tibi
1489 603 1641 663 satis
1675 611 1739 664 te
1774 603 2026 664 vixisse.
2116 603 2369 664 Credo:

273 686 385 746 sed
417 692 540 746 tum
573 684 634 745 id
668 682 973 755 audirem,
1018 685 1070 744 si
1104 684 1210 746 tibi
1246 685 1361 746 soli
1393 686 1631 744 viveres
1666 697 1770 748 aut
1797 684 1851 747 si
1881 684 1988 747 tibi
2019 684 2200 748 etiam
2232 685 2369 746 soli

271 777 448 830 natus
478 784 687 829 esses=
722 784 897 841 nunc,
909 784 1091 843 quum
1122 767 1389 828 omnium
1410 768 1664 828 salutem
1695 767 1915 829 civium
1941 777 2367 844 cunctamque

272 867 400 912 rem
445 851 751 928 publicam
792 867 889 910 res
934 860 1073 911 tuae
1100 859 1312 925 gestae
1342 851 1700 926 complexae
1720 859 1886 924 sunt,
1923 859 2151 914 tantum
2195 853 2365 911 abes

275 951 313 995 a
343 934 718 1009 perfectione
759 934 1161 994 maximorum
1198 950 1482 1009 operum,
1534 943 1599 994 ut
1645 935 2034 996 fundamenta
2076 936 2362 997 nondum

274 1035 431 1093 quac
462 1016 697 1092 cogitas
750 1014 990 1077 ieceriS.
1071 1016 1187 1077 ‘Hic
1231 1026 1294 1078 tu
1322 1017 1567 1078 modum
1614 1017 1772 1079 vitae
1818 1026 1955 1078 tuae
1989 1035 2110 1079 non
2143 1020 2360 1078 salute

270 1100 359 1160 rei
396 1100 713 1173 publicae,
747 1100 859 1159 sed
893 1098 1197 1176 aequitate
1229 1099 1412 1160 animi
1447 1099 1746 1161 definies?
1775 1099 1948 1174 Quid,
1986 1103 2035 1161 si
2070 1101 2235 1162 istud
2271 1118 2359 1161 ne

270 1181 503 1259 gloriae
544 1192 684 1243 tuae
727 1181 971 1256 quidem
1028 1182 1177 1244 satis
1219 1191 1356 1243 est?
1408 1183 1580 1243 cuius
1625 1193 1681 1244 tc
1725 1199 1868 1244 esse
1902 1183 2357 1258 avidissimum,

272 1263 553 1341 quamvis
596 1265 685 1325 sis
715 1264 999 1340 sapiens,
1045 1282 1163 1327 non
1196 1267 1467 1340 negabis.
1554 1265 1654 1328 26.
1683 1265 1984 1328 Parumne
2011 1266 2211 1342 igitur,
2254 1265 2355 1326 in·

278 1346 469 1423 quies,
500 1347 751 1422 gloriam
782 1365 1063 1424 magnam
1086 1349 1544 1424 relinquemus?
1578 1350 1765 1410 Immo
1799 1366 1944 1410 vero
1969 1349 2106 1411 aliis
2134 1366 2355 1426 quam·

278 1431 367 1492 vis
405 1430 609 1492 multis
641 1431 823 1505 satiS,
859 1431 964 1493 tibi
993 1431 1098 1492 uni
1128 1448 1362 1507 parum.
1448 1431 1758 1506 Quidquid
1787 1441 1882 1494 εει
1910 1431 2101 1507 enim,
2133 1450 2353 1508 quam·

273 1513 367 1575 vis
399 1515 666 1590 amplum
690 1513 873 1591 siaid
897 1523 993 1576 est
1017 1522 1185 1576 certe
1207 1532 1420 1590 parum
1447 1523 1590 1588 tum,
1611 1532 1795 1588 quum
1830 1525 1925 1577 εει
1955 1515 2188 1592 aliquid
2216 1533 2350 1577 am·

278 1596 459 1674 plius.
560 1597 735 1671 Quod
778 1596 832 1658 si
859 1614 1058 1658 rerum
1093 1606 1326 1658 tuarum
1356 1597 1806 1671 immortalium,
1851 1599 1911 1660 C.
1946 1599 2199 1670 Caesar,
2243 1598 2350 1660 hie

270 1682 473 1743 exitus
506 1683 743 1741 futurus
768 1679 896 1753 l'uit,
929 1689 992 1741 ut
1019 1680 1277 1741 devictis
1299 1681 1668 1742 adversariis
1691 1697 1816 1742 rem
1842 1681 2146 1757 publicam
2169 1681 2228 1742 in
2265 1699 2344 1743 eo

273 1770 436 1824 statu
463 1763 875 1836 relinquereS,
908 1762 967 1822 in
1008 1779 1129 1838 quo
1163 1779 1324 1824 nunc
1353 1771 1476 1838 est,
1507 1762 1676 1838 vide,
1708 1781 1973 1840 quaeso,
2008 1783 2085 1826 ne
2118 1775 2221 1826 tua
2251 1764 2342 1824 di-

272 1846 414 1905 vina
457 1845 649 1906 virtus
690 1844 1106 1906 admirationis
1155 1847 1295 1922 plus
1335 1847 1415 1906 sit
1457 1846 1733 1908 habitura
1768 1864 1948 1923 quam
1980 1847 2239 1923 gloriae:
2285 1846 2340 1907 si

276 1927 520 2004 quidem
571 1927 767 2003 gloria
817 1937 912 1990 est
962 1928 1211 1991 illustris
1259 1945 1333 1990 ac
1377 1939 1705 2005 pervagata
1743 1947 2099 2008 magnorum
2144 1932 2235 1991 vel
2278 1931 2337 1990 in

273 2028 423 2074 suos
453 2012 548 2072 vel
580 2011 639 2071 in
672 2012 923 2087 patriam
969 2013 1064 2073 vel
1112 2013 1171 2071 in
1204 2030 1385 2074 omne
1411 2029 1606 2088 genus
1635 2012 1945 2075 hominum
1980 2016 2137 2075 fama
2165 2014 2337 2074 meri-

274 2103 489 2156 torum.
579 2095 674 2155 tx.
721 2094 823 2158 27.
863 2096 1031 2156 Haec
1072 2094 1252 2171 igitur
1281 2096 1383 2157 tibi
1414 2096 1649 2171 reliqua
1682 2113 1826 2172 pars
1856 2106 1979 2158 est=
2021 2097 2120 2157 hic
2153 2106 2335 2158 restat

288 2184 498 2251 actus,
549 2194 609 2237 m
654 2178 774 2240 hoc
820 2180 1262 2240 elaborandum
1307 2187 1433 2251 εει,
1488 2188 1556 2239 ιιι
1597 2194 1725 2238 rem
1772 2176 2077 2253 publicam
2124 2174 2347 2236 consti·

287 2267 458 2328 tuas,
502 2277 703 2336 eaque
749 2270 816 2322 tu
861 2263 920 2322 in
951 2262 1164 2339 primis
1199 2278 1441 2323 summa
1469 2259 1909 2337 tranquillitate
1952 2266 2017 2319 et
2054 2258 2180 2321 otio
2210 2274 2346 2336 per·

282 2348 508 2405 fruarez
556 2352 679 2403 tum
711 2352 796 2417 te,
844 2346 896 2404 si
928 2345 1132 2415 voleS,
1178 2360 1365 2417 quum
1396 2337 1627 2417 patriae
1656 2342 1821 2417 quod
1859 2343 2049 2402 debes
2084 2341 2339 2399 solveris

278 2436 338 2488 et
369 2434 640 2488 naturam
677 2426 872 2501 ipsam
914 2425 1264 2502 expleveris
1306 2426 1582 2486 satietate
1612 2424 1892 2499 vivendi,
1936 2422 2085 2485 satis
2125 2422 2226 2482 diu
2254 2421 2339 2480 vi-

279 2511 451 2571 xisse
495 2508 699 2571 dicito.
787 2507 941 2583 Quid
982 2508 1139 2570 enim
1174 2517 1270 2570 εει
1298 2507 1542 2569 omnino
1572 2508 1690 2568 hoc
1720 2507 1921 2583 ipsum
1953 2506 2089 2581 diu,
2129 2504 2187 2566 in
2221 2520 2338 2580 quo

278 2601 374 2655 est
429 2591 659 2668 aliquid
712 2592 1302 2666 extremumquuod
1350 2609 1535 2667 quum
1581 2592 1772 2671 venit,
1823 2589 2020 2652 omnis
2062 2590 2336 2663 voluptas

279 2676 603 2754 praeterita
634 2694 744 2753 pro
775 2674 961 2737 nihilo
994 2686 1105 2749 εει,
1139 2676 1281 2751 quia
1318 2683 1534 2750 postea
1563 2676 1728 2734 nulla
1750 2682 1845 2734 εει
1868 2674 2084 2735 lutura.
2131 2670 2338 2746 Quam-

280 2778 461 2837 quam
492 2760 610 2822 iste
643 2771 782 2821 tuus
812 2758 1048 2821 animus
1078 2775 1407 2834 numquam
1438 2757 1533 2816 his
1564 2756 1894 2832 angustiis,
1938 2772 2092 2831 quas
2138 2762 2337 2815 natura

280 2844 456 2905 nobis
485 2845 563 2904 ad
595 2842 928 2905 vivendum
958 2841 1155 2914 dedit,
1197 2848 1520 2903 contentus
1549 2839 1693 2913 fuit,
1732 2855 1978 2914 semper
2005 2837 2339 2899 immortali·

276 2928 417 2987 tatis
463 2942 670 2987 amore
709 2924 1005 3001 flagravit.
1093 2924 1195 2985 28.
1238 2924 1366 2984 Nec
1412 2940 1557 2984 vero
1599 2924 1752 2984 haec
1783 2932 1886 2985 tua
1913 2920 2041 2983 vita
2070 2921 2339 2981 ducenda

278 3017 402 3081 est,
453 3024 613 3082 quae
654 3023 913 3082 corpore
955 3016 1014 3067 et
1063 3007 1278 3081 spiritu
1325 3005 1682 3068 continetur.
1767 3007 1904 3075 Illa,
1936 3004 2213 3079 inquam,
2244 3001 2339 3068 illa

278 3090 403 3151 vita
425 3098 522 3149 est
541 3097 663 3163 tua,
694 3106 853 3165 quae
877 3088 1104 3163 vigebit
1127 3089 1416 3149 memoria
1437 3090 1820 3151 saeculorum
1846 3087 2130 3159 omnium,
2165 3102 2335 3161 quam

279 3173 612 3249 posteritas
641 3173 780 3244 alet,
811 3187 993 3246 quam
1021 3169 1160 3245 ipsa
1194 3171 1520 3233 aeternitas
1548 3188 1796 3247 semper
1832 3170 2111 3233 tuebitur.
2196 3168 2339 3228 Huic

278 3263 343 3317 tu
372 3254 695 3325 inservias,
726 3252 868 3313 huic
896 3261 956 3313 te
986 3262 1260 3315 ostentes
1296 3264 1556 3330 oportet,
1588 3272 1747 3329 quae
1778 3255 2021 3329 quidem
2054 3270 2212 3329 quae
2238 3251 2335 3310 mi·

278 3345 444 3398 retur
471 3336 589 3396 iam
613 3334 850 3412 pridem
879 3338 1065 3398 multa
1087 3337 1299 3398 habet=
1322 3354 1484 3399 nunc
1508 3337 1687 3399 etiam
1712 3354 1872 3414 quae
1893 3338 2100 3398 laudet
2128 3350 2333 3409 exspe-

279 3426 418 3479 ctat.
506 3417 958 3495 obstupescent
985 3421 1215 3496 posteri
1249 3429 1413 3482 certe
1448 3419 1730 3496 imperia,
1779 3417 2163 3497 provincias,
2194 3417 2345 3477 Rhe-

280 3518 455 3573 num,
500 3500 839 3573 Oceanum,
882 3502 1109 3579 Nilum,
1151 3520 1391 3580 pugnas
1421 3501 1921 3573 innumerabileS,
1965 3500 2339 3563 incredibiles
