2514 3928
821 314 985 378 CAP.
1016 326 1283 379 48—51.
1329 324 1378 377 ς.
1413 324 1747 411 ιοδ-ιορ.
2240 314 2323 377 41

247 469 514 530 maxime
559 467 769 546 populi
812 467 1073 530 Romani
1118 468 1405 529 iudicium
1446 483 1519 527 ac
1570 468 1849 529 voluntas
1900 474 2131 542 potest,
2177 482 2320 527 con-

252 553 446 624 tione,
503 552 795 626 comitiis,
850 554 1131 613 ludorum
1179 552 1709 627 gladiatorumque
1760 566 2085 612 consessu.
2152 549 2322 624 Quae
2381 591 2389 601 ·

251 636 457 699 contio
491 635 601 696 suit
630 652 739 732 per
764 636 877 697 hos
906 652 1132 711 annoS,
1192 651 1352 709 quae
1382 635 1628 711 quidem
1653 643 1823 695 esset
1850 650 1972 694 non
2003 634 2325 703 conducta,

255 722 372 782 sed
419 734 594 793 vera,
646 720 704 779 in
750 737 872 795 qua
916 719 1133 796 populi
1174 719 1435 780 Romani
1482 734 1827 780 consensus
1878 715 2149 793 perspici
2205 735 2326 778 non

254 794 514 902 posset?
556 766 811 864 I'Iabitae
841 813 983 866 sunt
1023 805 1247 864 multae
1284 804 1362 865 de
1401 819 1498 862 me
1537 818 1575 861 a
1602 801 1942 878 gladiatore
1981 801 2326 862 sceleratis-

257 888 444 963 sim0,
474 888 551 947 ad
588 903 744 962 quas
775 903 951 948 nemo
982 887 1234 948 adibat
1218 893 1646 962 mcorlupmS,
1697 901 1877 946 nemo
1915 884 2176 961 integer.
2226 901 2322 944 ne·

255 988 355 1031 mo
402 972 570 1032 illum
615 971 860 1032 foedum
905 973 1135 1032 vultum
1185 970 1495 1046 aspicere,
1552 986 1732 1030 nemo
1789 967 2062 1028 furialem
2112 983 2325 1028 vocem

257 1055 460 1114 bonus
485 1054 700 1114 audire
720 1060 980 1129 poterat.
1016 1055 1207 1114 Erant
1230 1056 1370 1114 illae
1396 1054 1722 1116 contiones
1736 1053 2116 1128 perditorum
2139 1047 2329 1107 horni-

262 1154 406 1197 num
442 1138 799 1198 necessario
836 1139 1249 1199 turbulentae:
1318 1137 1457 1205 107.
1500 1137 1728 1198 Habuit
1764 1138 1843 1197 de
1877 1137 2100 1205 eodem
2139 1148 2237 1192 me
2262 1133 2325 1190 P.

257 1222 553 1282 Lentulus
593 1224 812 1282 consul
851 1222 1232 1290 contionem:
1279 1237 1623 1283 concursus
1673 1228 1770 1282 est
1810 1219 2025 1296 populi
2068 1214 2326 1278 Romani

261 1305 490 1365 factus:
540 1319 756 1363 omnes
795 1304 1070 1374 ordines‘,
1107 1311 1238 1363 tota
1270 1303 1332 1361 in
1367 1303 1470 1363 illa
1507 1303 1797 1364 contione
1826 1304 1999 1365 Italia
2034 1300 2324 1362 constitit.

260 1388 402 1461 Egit
431 1400 684 1446 causam
719 1402 956 1445 summa
988 1402 1122 1445 cum
1154 1384 1458 1459 gravitate
1500 1387 1805 1460 copiaque
1846 1385 2109 1455 dicendi,
2154 1391 2327 1445 tanto

268 1469 532 1538 silentio,
560 1468 1192 1542 tanta‘approbatione
1218 1467 1507 1543 omnium,
1535 1468 1680 1527 nihil
1708 1476 1773 1527 ut
1793 1484 2081 1542 umquam
2093 1468 2329 1526 videre-

267 1561 366 1612 tur
393 1561 511 1612 tam
545 1553 848 1627 populare
881 1552 955 1610 ad
988 1549 1200 1626 populi
1223 1550 1485 1610 Romani
1508 1566 1693 1610 aures
1722 1551 2047 1610 accidisse.
2107 1550 2332 1609 Produ-

265 1643 402 1696 ctus
430 1641 526 1696 est
549 1635 628 1695 ab
655 1650 729 1694 eo
751 1635 1218 1710 Cn.PompeiuS,
1246 1633 1447 1708 quise
1471 1651 1594 1696 non
1615 1636 1815 1695 solum
1830 1641 2145 1694 auctorem
2159 1648 2334 1691 meae

264 1719 502 1793 salutiS,
528 1719 643 1780 sed
671 1718 851 1779 etiam
889 1719 1229 1794 supplicem
1268 1720 1504 1794 populo
1536 1720 1818 1780 Romano
1863 1716 2160 1793 praebuit.
2213 1716 2334 1775 Hu-

265 1805 360 1865 ius
387 1803 584 1865 oratIo
612 1809 674 1862 et
696 1804 1019 1879 pergravis
1057 1810 1119 1862 et
1139 1811 1318 1877 grata
1342 1802 1401 1862 in
1428 1806 1721 1865 contione
1745 1802 2031 1864 omnibus
2065 1803 2202 1861 fuit:
2241 1800 2335 1862 sic

261 1884 596 1954 contendo,
642 1898 974 1955 numquam
1010 1899 1212 1958 neque
1253 1882 1619 1944 sententiam
1661 1882 1796 1944 eius
1830 1883 2187 1945 auctoritate
2222 1902 2322 1945 ne-

266 1983 386 2043 que
430 1966 841 2041 eloquentiam
887 1967 1260 2028 iucunditate
1308 1967 1500 2028 luisse
1558 1966 1809 2029 maiore.
1882 1967 2023 2030 108.
2070 1969 2199 2043 Quo
2244 1970 2315 2031 si·

260 2049 444 2110 lentio
490 2057 631 2110 sunt
675 2048 864 2110 auditi
909 2050 986 2109 de
1028 2067 1155 2111 me
1206 2049 1395 2112 ceteri
1438 2050 1750 2128 principes
1807 2051 2096 2114 civitatis!
2166 2071 2327 2129 quos

255 2132 489 2195 idcirco
535 2149 656 2196 non
693 2133 938 2208 appello
980 2133 1098 2194 hoc
1137 2134 1303 2206 loco,
1350 2151 1428 2194 ne
1468 2151 1601 2195 mea
1644 2135 1868 2211 oratio,
1912 2136 1964 2196 si
2008 2136 2208 2197 minus
2251 2139 2330 2196 de

256 2218 467 2292 aliquo
498 2215 740 2287 dixero,
779 2217 1043 2291 ingrata,
1077 2217 1131 2277 si
1161 2217 1313 2279 satis
1348 2219 1427 2277 de
1457 2218 1769 2291 omnibuS,
1801 2219 2034 2281 infinita
2063 2236 2209 2280 esse
2244 2220 2333 2279 vi-

259 2302 498 2361 deatur.
567 2300 729 2360 Cedo
760 2316 921 2359 nunc
954 2300 1228 2361 eiusdem
1266 2301 1471 2362 illius·
1456 2300 1681 2361 mimici
1709 2303 1827 2363 mei
1860 2305 1937 2363 de
1980 2319 2079 2362 mc
2108 2303 2330 2363 eodem

256 2384 342 2445 ad
377 2400 583 2444 verum
618 2385 910 2459 populum
953 2383 1011 2443 in
1051 2400 1271 2460 campo
1300 2384 1514 2446 Martio
1562 2386 1936 2446 contionem!
2006 2383 2154 2459 Quis
2202 2403 2325 2448 non

255 2468 444 2528 modo
475 2466 871 2542 approbavit,
903 2468 1017 2528 sed
1045 2485 1164 2529 non
1197 2467 1684 2544 indignissimum
1717 2469 1954 2530 lacinus
1988 2472 2220 2545 putavit
2257 2469 2325 2529 il·

258 2553 386 2611 lum
417 2568 536 2611 non
569 2550 766 2610 dicam
811 2550 1010 2626 loqui,
1043 2553 1156 2611 sed
1189 2552 1396 2613 vivere
1436 2569 1510 2613 ac
1540 2553 1817 2629 spirare?
1877 2553 2023 2628 Quis
2068 2554 2179 2613 fuit
2225 2552 2330 2629 qui

259 2650 383 2694 uon
417 2635 550 2695 eius
581 2650 735 2694 voce
766 2634 1056 2694 maculari
1088 2651 1212 2695 rem
1244 2631 1545 2711 publica-m
1570 2654 1795 2713 seque,
1828 2638 2046 2698 sicum
2071 2637 2330 2709 aufflret,

260 2718 502 2778 scelere
538 2717 789 2793 astringi
824 2717 1256 2778 arbitraretur?

430 2800 520 2859 LI.
583 2800 721 2863 109.
780 2799 980 2862 Venio
1026 2801 1104 2860 ad
1148 2802 1416 2875 comitia,
1461 2803 1593 2863 sive
1632 2802 2090 2878 magistratuum
2135 2802 2332 2877 placet

254 2884 398 2945 sive
425 2884 643 2958 legum.
708 2884 905 2959 Leges
938 2884 1217 2946 videmus
1252 2902 1442 2962 saepe
1475 2887 1613 2947 ferri
1642 2889 1882 2949 multas.
1952 2884 2170 2946 Omitto
2201 2900 2330 2956 eaS‚

256 2983 423 3044 quae
460 2968 731 3027 feruntur
758 2967 869 3039 ita,
914 2967 1018 3027 vix
1051 2977 1113 3029 ut
1141 2968 1309 3044 quini
1340 2968 1468 3030 etii
1497 2987 1572 3031 ex
1603 2971 1802 3031 aliena
1832 2969 2020 3043 tribu,
2068 2970 2173 3046 qui
2203 2971 2328 3031 sul·-

258 3049 519 3125 l'ragium
551 3052 746 3111 ferant
784 3051 1180 3125 reperiantur.
1245 3055 1336 3113 De
1378 3069 1503 3124 me,
1554 3072 1734 3130 quem
1777 3063 2102 3132 tyrannum
2142 3064 2330 3130 atque

255 3139 605 3209 'ereptorem
636 3134 928 3196 libertatis
959 3151 1101 3196 esse
1125 3135 1369 3218 dicebat
1394 3136 1495 3197 illa
1527 3139 1700 3198 ruina
1730 3138 1817 3197 rei
1854 3138 2157 3213 publicae,
2187 3137 2335 3197 dicit

257 3234 329 3277 se
366 3218 561 3291 legem
594 3217 828 3278 tulisse.
873 3216 1020 3291 Quis
1051 3227 1146 3279 est
1176 3218 1404 3294 quise,
1440 3238 1625 3294 quum
1652 3229 1861 3281 contra
1886 3239 1983 3281 me
2008 3221 2332 3290 ferebatur,

259 3299 454 3360 inisse
485 3300 841 3376 suffragium
876 3301 1280 3362 confiteatur?
1324 3320 1508 3377 quum
1538 3313 1739 3364 autem
1778 3306 1856 3365 de
1883 3322 1980 3364 mc
2008 3304 2227 3363 eodem
2254 3319 2330 3362 ex

259 3393 514 3444 senatus
574 3386 858 3443 consulto
929 3384 1192 3446 comitiis
1246 3386 1597 3446 centuriatis
1656 3387 1990 3460 ferebatur,
2058 3384 2197 3459 quis
2241 3394 2333 3445 est

260 3465 367 3542 qui
397 3484 517 3527 non
552 3467 908 3542 profiteatur
949 3484 1018 3528 se
1060 3465 1339 3529 adfuisse
1374 3475 1433 3527 et
1464 3470 1821 3542 suffragium
1863 3472 1941 3528 de
1973 3470 2168 3526 salute
2198 3482 2331 3525 mea

259 3550 518 3612 tulisse?
581 3550 729 3611 Utra
773 3550 970 3624 igitur⁴
1000 3566 1190 3609 causa
1231 3550 1547 3625 popularis
1590 3552 1772 3609 debet
1817 3548 2047 3607 viderie
2105 3547 2163 3601 in
2212 3558 2331 3611 <11¹³
