2514 3928
140 222 252 276 143
812 215 977 275 CAP.
1007 224 1202 276 2—5.
1247 220 1300 281 s.
1330 221 1563 277 6-11.
2103 211 2233 280 441

135 373 332 446 certe.
420 363 578 439 Quid
599 363 758 426 enim
795 374 1125 426 revocante
1156 374 1215 426 et
1242 362 1516 439 receptui
1550 357 1808 426 canente
1843 374 2060 426 senatu
2090 382 2235 440 pro-

140 457 325 524 peret
353 447 685 508 dimicare?
769 449 867 508 lv.
905 447 965 509 9.
1011 447 1167 521 Quid
1197 456 1399 508 autem
1430 447 1548 506 hoc
1582 446 1865 509 iniustius
1898 465 2080 525 quam
2114 466 2235 512 nos

139 530 551 592 inscientibus
581 529 686 601 iis,
720 529 826 606 qui
855 530 1079 592 bellum
1109 539 1358 606 gerunt,
1402 530 1479 589 de
1511 546 1665 603 pace
1698 531 2076 593 decernere?
2117 549 2231 596 nec

141 616 352 678 solum
394 613 824 688 inscientibus,
871 610 984 674 sed
1024 615 1202 675 etiam
1246 613 1492 673 invitis?
1557 615 1651 671 An
1699 628 1817 673 vos
1844 616 1920 673 A.
1954 615 2238 691 Hirtium,

141 695 709 773 praeclarissimum
741 698 1088 773 consulem,
1129 698 1192 757 C.
1225 696 1581 767 Caesarem,
1633 694 1888 756 deorum
1927 697 2239 760 beneficio·

143 788 357 844 natum
406 781 486 840 ad
528 780 681 840 haec
723 789 1029 857 tempora,
1080 797 1340 855 quorum
1382 778 1682 855 epistolas
1724 795 1896 854 spem
1941 779 2236 843 victoriae

141 864 538 925 declarantes
586 865 642 923 in
691 881 873 924 manu
908 872 1117 936 teneo,
1161 879 1378 938 pacem
1409 864 1567 922 velle
1601 862 1912 923 censetis?
1970 863 2232 924 Vincere

139 946 231 1008 illi
277 955 576 1022 expetunt
609 948 908 1023 pacisque
949 946 1371 1009 dulcissimum
1415 955 1476 1007 et
1505 944 1977 1019 pulcherrimum
2009 963 2239 1007 nomen

141 1045 272 1092 non
314 1029 631 1107 pactione,
681 1032 794 1091 sed
835 1030 1089 1096 victoria
1130 1029 1635 1105 concupiverunt.
1724 1029 1924 1103 Quid?
1977 1029 2240 1091 Galliam

145 1130 272 1190 quo
314 1115 556 1175 tandem
604 1113 804 1175 animo
852 1113 1011 1174 hanc
1051 1130 1179 1174 rem
1223 1113 1559 1174 audituram
1603 1112 1871 1187 putatis?
1934 1115 2041 1174 llla
2072 1112 2235 1173 enim

141 1197 330 1259 huius
360 1194 503 1257 belli
535 1198 971 1273 propulsandi,
1014 1195 1506 1269 administrandi,
1547 1194 1887 1257 sustinendi
1926 1196 2226 1273 principa-

145 1292 272 1344 tum
303 1289 485 1342 tenet.
544 1280 735 1341 Gallia
764 1283 834 1341 D.
863 1281 1034 1342 Bruti
1066 1290 1274 1342 nutum
1305 1282 1527 1356 ipsum,
1559 1297 1635 1340 ne
1665 1280 1863 1340 dicam
1892 1280 2239 1356 imperium,

150 1373 363 1426 secuta
392 1365 610 1438 armis,
650 1364 833 1436 viriS,
877 1363 1141 1440 pecunia
1166 1364 1309 1424 belli
1341 1363 1640 1440 principia
1675 1363 1966 1425 firmavitz
2012 1366 2236 1425 eadem

149 1446 491 1510 crudelitati
512 1448 592 1507 M.
612 1448 860 1510 Antonii
887 1464 1065 1509 suum
1091 1456 1277 1509 totum
1310 1464 1537 1523 corpus
1561 1445 1814 1509 obiecit:
1858 1447 2237 1520 exhauritur,

145 1539 454 1605 vastatur,
490 1530 697 1593 uritur.
791 1531 1015 1593 Omnes
1059 1548 1260 1607 aequo
1292 1532 1493 1593 animo
1525 1530 1667 1592 belli
1702 1532 1928 1607 patitur
1955 1530 2238 1606 iniuriaS„

151 1617 296 1677 dum
325 1616 508 1676 modo
539 1617 797 1691 repellat
826 1616 1159 1691 periculum
1193 1615 1520 1676 servitutis
1613 1613 1710 1676 10.
1751 1616 1826 1676 Et
1864 1624 1930 1676 ut
1963 1616 2224 1690 omittam

148 1698 421 1775 reliquas
446 1707 651 1774 partes
675 1698 906 1759 Galliae
923 1732 1011 1745 -
1035 1716 1171 1759 nam
1193 1708 1348 1766 sunt
1376 1714 1590 1760 omnes
1623 1715 1806 1773 pares
1827 1731 1928 1773 —-‚-,
1955 1696 2229 1761 Patavini

150 1782 306 1844 alios
342 1784 768 1858 excluserunt,
800 1781 957 1843 alios
986 1782 1300 1844 eiecerunt
1328 1782 1555 1843 missos
1589 1782 1667 1842 ab
1695 1781 1996 1843 Antonio=
2046 1797 2205 1857 pecu

150 1867 280 1941 nia,
313 1865 631 1939 militibus,
662 1874 739 1939 et,
774 1867 942 1942 quod
970 1868 1233 1928 maxime
1266 1867 1493 1937 deerat,
1523 1865 1725 1940 armis,
1759 1874 2006 1927 nostros
2037 1867 2235 1925 duces

150 1950 532 2014 adiuverunt.
618 1949 921 2012 Fecerunt
945 1950 1107 2012 idem
1136 1949 1389 2027 reliqui,
1433 1950 1536 2026 qui
1578 1950 1887 2025 quondam
1920 1948 1979 2010 in
2012 1949 2229 2010 eadem

151 2050 343 2097 causa
382 2041 556 2105 erant
593 2042 655 2094 et
693 2043 943 2111 propter
982 2035 1309 2096 multorum
1355 2050 1654 2095 annorum
1694 2031 1946 2094 iniurias
1986 2032 2237 2093 alienati

150 2136 187 2180 a
228 2124 447 2179 senatu
490 2117 880 2192 putabantur=
940 2135 1098 2193 quos
1140 2117 1386 2179 minime
1421 2117 1637 2177 mirum
1665 2125 1762 2177 est
1789 2115 2233 2177 communicata

153 2218 294 2262 cum
345 2199 420 2261 iis
447 2216 518 2260 re
541 2200 786 2278 publica
807 2201 1023 2262 fideles
1049 2219 1208 2275 esse,
1247 2202 1353 2278 qui
1374 2201 1560 2263 etiam·
1577 2207 1864 2276 expertes
1890 2198 2022 2261 eius
2045 2200 2239 2260 fidem>

153 2300 329 2346 suam
358 2293 606 2359 semper
640 2284 1085 2359 praestiterunt.
1146 2286 1222 2344 V.
1256 2285 1365 2346 His
1394 2284 1575 2360 igitur
1604 2284 1885 2346 omnibus
1916 2282 2233 2345 victoriam

156 2366 547 2444 sperantibus
587 2366 760 2443 pacis
802 2385 1024 2436 nomen
1065 2369 1447 2443 adferemus,
1489 2368 1549 2428 id
1593 2375 1689 2429 est
1734 2367 2238 2443 desperationem

155 2451 489 2512 victoriae?
606 2501 612 2509 .
655 2460 662 2466 ·

279 2534 375 2599 ll.
414 2535 588 2610 Quid,
626 2535 680 2596 si
711 2551 789 2595 ne
822 2542 1028 2611 potest
1057 2535 1306 2611 quidem
1338 2537 1455 2596 ulla
1481 2551 1623 2595 esse
1649 2543 1814 2610 pax?
1870 2534 2039 2607 Quae
2068 2533 2237 2593 enim

156 2625 252 2680 est
278 2618 560 2680 condicio
597 2619 802 2695 pacis,
844 2620 901 2678 in
942 2636 1063 2694 qua
1097 2619 1183 2691 ci,
1234 2636 1371 2680 cum
1405 2635 1527 2694 quo
1575 2633 1787 2693 pacem
1822 2616 2040 2686 faciam,
2084 2617 2234 2675 nihil

155 2703 410 2764 concedi
435 2710 684 2779 potest?
727 2702 933 2764 Multis
969 2704 1153 2763 rebus
1186 2719 1223 2762 a
1253 2702 1432 2763 nobis
1462 2709 1558 2762 est
1588 2701 1874 2762 invitatus
1906 2700 1985 2758 ad
2015 2714 2236 2774 pacem

153 2786 485 2856 Antonius=
518 2788 738 2847 bellum
777 2794 974 2848 tamen
1008 2784 1231 2848 maluit.
1294 2783 1471 2846 Missi
1502 2783 1679 2859 legati
1713 2790 2092 2860 repugnante
2114 2798 2234 2855 me,

157 2871 268 2931 sed
311 2878 510 2932 tamen
549 2869 742 2930 missi.
829 2870 1042 2931 Delata
1070 2871 1386 2930 mandata:
1433 2885 1551 2929 non
1586 2867 1804 2944 paruit.
1900 2865 2232 2926 Denuntia·

156 2963 279 3015 tum
309 2963 406 3015 est
435 2970 513 3015 ne
535 2955 788 3015 Brutum
820 2954 1148 3023 obsideret,
1178 2971 1215 3013 a
1243 2951 1475 3014 Mutina
1504 2952 1879 3013 discederet:
1912 2966 2232 3026 oppugna-

157 3039 241 3098 vit
270 3037 448 3099 etiam
481 3036 921 3099 vehementius.
976 3038 1051 3098 Et
1078 3038 1159 3097 ad
1189 3054 1326 3097 eum
1361 3038 1594 3112 legatos
1630 3037 1707 3097 de
1735 3051 1887 3112 pace
1909 3033 2238 3100 mittemus,

160 3119 265 3196 qui
313 3119 484 3196 pacis
526 3120 775 3182 nuntios
805 3120 1193 3196 repudiavit?
1243 3120 1851 3181 verecundioremne
1884 3135 2090 3181 coram
2121 3135 2232 3193 pu-

159 3211 354 3266 tamus
380 3204 438 3263 in
474 3205 843 3280 postulando
881 3206 1012 3264 fore
1046 3221 1228 3278 quam
1263 3203 1440 3265 luerit
1472 3213 1629 3279 tum,
1661 3220 1844 3279 quum
1874 3201 2039 3263 misit
2066 3218 2241 3261 man—

160 3291 301 3351 data
338 3293 420 3352 ad
461 3297 785 3352 senatum?
836 3287 1028 3365 Atqui
1074 3297 1194 3348 tum
1237 3305 1312 3348 ea
1361 3288 1632 3362 petebat,
1681 3303 1839 3362 quae
1874 3284 2241 3346 videbantur

160 3373 434 3449 improba
486 3374 765 3447 omnino,
820 3374 934 3434 sed
983 3379 1182 3434 tamen
1225 3371 1433 3446 aliquo
1478 3371 1662 3432 modo
1707 3384 1899 3446 posse
1951 3367 2237 3428 concedia

162 3458 427 3520 nondum
473 3466 609 3519 erat·
642 3456 866 3519 vestris
909 3465 1024 3517 tam
1085 3456 1378 3533 gravibus
1424 3464 1674 3531 tamque
1726 3452 1928 3513 multis
1996 3447 2237 3511 iudiciis
