2514 3928
184 183 270 243 34
798 179 950 241 PRO
978 179 1040 239 P.
1074 164 1340 239 SESTIO
1374 176 1681 239 ORATIO.

186 332 556 411 impertiam,
612 328 968 430 praesertim
1014 346 1198 405 quum
1243 328 1447 390 verbis
1492 327 1793 404 consequi
1837 340 1960 390 non
2008 332 2267 407 possim,

187 421 300 480 sed
334 415 503 494 quod
531 415 843 489 existimo,
891 414 944 475 si
975 413 1220 475 Milonis
1252 429 1503 475 causam
1546 415 1925 475 accusatoris
1957 428 2112 475 voce
2142 419 2264 477 col-

188 503 492 564 laudatam
534 501 834 576 probaro,
880 516 994 560 vos
1030 497 1087 558 in
1123 499 1240 560 hoc
1272 497 1522 558 crimine
1553 514 1762 573 parem
1796 497 1982 559 Sestii
2014 514 2265 560 causam

187 584 644 647 existimaturos
674 606 786 639 -ε
832 581 981 644 adiit
1022 582 1203 658 igitur
1230 583 1296 642 T.
1325 582 1567 642 Annius
1610 581 1688 641 ad
1734 597 1983 642 causam
2024 583 2110 643 rei
2156 600 2262 659 pu-

186 670 383 731 blicae
411 667 532 743 sic,
563 676 628 730 ut
657 668 851 728 civem
879 666 1119 744 patriae
1151 672 1519 742 1ec'uperare
1550 667 1732 726 vellet
1759 674 2056 764 ereptum.
2110 666 2264 728 Sim-

186 757 328 831 plex
380 768 598 826 causa,
657 760 948 813 constans
995 749 1180 823 ratio,
1247 751 1431 825 plena
1488 749 1920 811 consensionis
1975 750 2264 825 omnium,

189 840 370 914 plena
399 835 789 898 concordiae.
847 835 1127 910 collegas
1150 833 1464 895 adiutores
1488 833 1779 895 habebat:
1817 832 2092 896 consulis
2116 837 2263 896 alte·

185 925 313 983 rius
345 938 645 982 summum
678 918 974 993 studium,
1028 918 1277 978 alterius
1306 917 1546 979 animus
1584 932 1779 992 paene
1814 919 2122 994 placatuS,
2180 918 2262 979 de

185 1004 573 1082 praetoribus
597 1020 757 1065 unus
781 1001 1050 1063 alienus·
1082 1010 1335 1063 senatus
1360 1000 1733 1063 incredibills
1761 1019 1797 1061 v
1801 1003 2062 1077 oluntas,
2092 1004 2260 1078 equi-

186 1101 309 1159 tum
336 1078 746 1150 Romanorum
771 1086 953 1148 animi
979 1085 1056 1147 ad
1082 1100 1332 1147 causam
1357 1085 1632 1157 excitati,
1667 1094 1871 1146 erecta
1895 1086 2082 1148 ltalia.
2125 1087 2263 1147 Duo

188 1173 305 1236 soli
335 1181 509 1234 erant
547 1170 733 1248 empti
774 1170 851 1232 ad
895 1170 1384 1248 impediendum.
1444 1170 1549 1246 qui
1581 1170 1631 1230 si
1669 1169 1949 1232 homines
1984 1169 2262 1244 despecti

188 1267 248 1319 et
269 1255 601 1334 contempti
622 1263 848 1318 tantam
870 1264 996 1316 rem
1023 1254 1331 1317 sustinere
1362 1270 1483 1316 non
1513 1253 1874 1331 potuissent,
1914 1271 1985 1316 se
2011 1260 2262 1315 causam

190 1359 372 1417 quam
412 1340 775 1417 susceperat
814 1341 980 1401 nullo
1024 1339 1235 1401 labore
1277 1347 1661 1416 peracturum
1696 1337 1958 1399 videbat.
2023 1338 2264 1414 Agebat

186 1424 576 1501 auctoritate,
625 1425 847 1502 agebat
886 1422 1178 1498 consilio,
1223 1424 1446 1500 agebat
1476 1440 1589 1521 per
1621 1436 1922 1483 summum
1966 1422 2261 1495 ordinem,
2317 1434 2320 1435 ’

188 1514 410 1588 agebat
437 1511 722 1586 exemplo
746 1510 1046 1570 bonorum
1079 1516 1140 1569 et
1169 1509 1410 1570 sortium
1444 1506 1697 1568 civium.
1729 1504 1879 1583 quid
1907 1522 1973 1567 re
1995 1505 2262 1582 publiea,

190 1595 336 1671 quid
368 1606 439 1655 ¹se
471 1593 719 1668 dignum
764 1603 961 1665 esset,
1008 1590 1147 1667 quis
1178 1591 1316 1668 ipse
1347 1599 1543 1665 esset,
1590 1590 1739 1667 quid
1782 1607 2068 1666 sperare,
2112 1590 2259 1667 quid

187 1678 518 1741 maioribus
549 1676 678 1737 suis
708 1676 967 1737 reddere
996 1675 1247 1736 deberet
1282 1637 1745 1751 diligentissime
1777 1674 2099 1750 cogitabat.

354 1761 500 1822 XLI.
544 1754 647 1821 88.
702 1758 859 1820 Huic
899 1758 1178 1835 gravitati
1220 1758 1486 1821 hominis
1531 1758 1776 1820 videbat
1814 1757 1914 1820 ille
1962 1758 2263 1834 gladiator

187 1862 288 1915 se,
323 1843 376 1904 si
406 1844 678 1905 moribus
709 1853 945 1919 ageret,
979 1850 1185 1920 parem
1211 1858 1355 1905 esse
1386 1848 1506 1905 non
1533 1856 1742 1920 posse:
1762 1843 1861 1911 [ad
1894 1846 2147 1917 serrum,
2182 1844 2257 1904 ad

188 1932 412 2004 facem
432 1928 509 1989 ad
540 1927 905 1990 cotidianam
935 1929 1216 2002 caedem,
1255 1928 1566 2002 incendia,
1607 1926 1854 2004 rapinas
1884 1941 1955 1990 se
1986 1943 2123 1989 cum
2155 1944 2257 1988 ex·
2327 1995 2346 2003 „

186 2012 380 2074 ercitu
410 2029 526 2074 suo
552 2011 834 2074 contulit=
871 2012 1115 2074 domum
1148 2029 1536 2089 oppugnare,
1569 2010 1885 2074 itineribus
1916 2029 2257 2085 occurrere,

188 2096 245 2155 vi
290 2097 598 2158 lacessere
632 2106 692 2157 et
724 2105 953 2158 terrere
994 2099 1217 2173 coepit.
1300 2098 1435 2158 Non
1470 2097 1660 2158 movit
1687 2096 1991 2158 hominem
2024 2113 2259 2158 summa

187 2180 482 2255 gravitate
511 2196 873 2256 summaque
902 2181 1273 2255 constantia,
1310 2182 1421 2243 sed
1456 2194 1825 2257 quamquam
1847 2182 2026 2243 dolor
2053 2179 2259 2254 animi,

187 2266 391 2325 innata
423 2263 698 2346 libertam,
747 2272 1027 2341 prompta
1056 2267 1493 2342 excellensque
1527 2265 1716 2327 virtus
1745 2263 2140 2328 fortissimum
2171 2264 2257 2325 vi-

186 2364 319 2408 rum
369 2348 748 2421 hortabatur,
803 2347 864 2409 vi
912 2350 1030 2409 vim
1086 2351 1379 2422 oblatam,
1442 2348 1799 2426 praesertim
1854 2349 2137 2426 saepiuS,
2199 2359 2262 2410 ut

188 2432 494 2507 frangeret
526 2441 585 2495 et
614 2431 937 2506 refutaret,
978 2440 1142 2495 tanta
1173 2433 1511 2494 moderatio
1543 2432 1652 2495 fuit
1685 2431 1979 2507 hominis,
2029 2440 2259 2494 tantum

188 2515 540 2590 consilium,
594 2525 660 2578 ut
697 2514 1036 2578 contineret
1065 2518 1340 2578 dolorem
1383 2533 1587 2594 neque
1631 2517 1846 2579 eadem
1889 2534 1958 2578 se
2002 2533 2070 2577 re
2108 2516 2260 2577 ulci-

187 2608 462 2662 sceretur
493 2605 615 2679 qua
648 2609 819 2663 esset
851 2602 1206 2674 lacessituS,
1238 2603 1349 2663 sed
1379 2601 1544 2663 illum
1576 2610 1664 2663 tot
1697 2601 1814 2661 iam
1848 2599 1908 2662 in
1942 2600 2260 2661 funeribus

184 2685 272 2746 rei
305 2686 586 2762 publicae
626 2688 1031 2748 exsultantem
1065 2700 1138 2746 ac
1176 2685 1606 2762 tripudiantem
1639 2685 1868 2761 legum,
1926 2685 1976 2746 si
2025 2695 2262 2761 posset,

187 2769 422 2844 laqueis
456 2770 914 2846 constringeret.
985 2768 1086 2833 89.
1132 2769 1467 2831 Descendit
1498 2770 1574 2830 ad
1612 2769 2048 2833 accusandum.
2112 2767 2262 2844 Quis

189 2870 475 2929 umquam
516 2859 632 2916 tarn
669 2853 914 2930 proprie
957 2853 1046 2914 rei
1090 2851 1375 2931 publicae
1417 2861 1648 2916 causa?
1690 2853 1871 2915 nullis
1910 2851 2259 2924 inimicitiiS,

194 2936 372 2996 nullis
396 2934 702 3011 praemiis,
725 2937 891 2996 nulla
914 2933 1226 2996 hominum
1241 2933 1658 3011 postulatione
1679 2941 1786 2995 aut
1809 2933 1990 2995 etiam
2015 2933 2251 3010 opinio-

194 3034 269 3077 ne
292 3018 354 3078 id
372 3035 511 3079 eum
534 3033 821 3093 umquam
846 3033 990 3080 esse
1013 3020 1332 3080 facturum.
1398 3019 1596 3080 Fracti
1633 3026 1807 3079 erant
1842 3017 2027 3078 animi
2063 3017 2254 3078 homi-

191 3102 320 3166 nis:
342 3102 460 3163 hoc
487 3101 642 3161 enim
660 3110 992 3163 accusante
1015 3101 1251 3177 pristini
1279 3102 1440 3162 illius
1463 3101 1562 3163 sui
1583 3100 1790 3162 iudicii
1811 3101 2254 3177 turpitudinem

183 3183 589 3258 desperabat·
632 3182 795 3244 Ecce
824 3183 932 3245 tibi
963 3186 1210 3255 consul,
1252 3193 1526 3260 praetor,
1558 3183 1834 3246 tribunus
1863 3183 2067 3261 plebis
2097 3198 2264 3243 nova

183 3266 329 3327 novi
370 3266 615 3343 generis
656 3267 855 3329 edicta
896 3277 1277 3343 proponunt=
1332 3268 1420 3329 Na
1453 3283 1602 3330 atus
1632 3286 1839 3344 Ansrr,
1883 3284 1960 3330 rm
1994 3282 2262 3340 cruz-rua,

180 3364 258 3409 π
308 3366 695 3424 castanon,
751 3366 828 3411 nr.
874 3363 1223 3412 nummum
1264 3367 1493 3413 ommno
1538 3363 1804 3422 curcum
1854 3359 2101 3412 rumcu'u
2143 3366 2267 3411 Aur

176 3448 539 3495 marmorum
598 3451 826 3495 racana
885 3450 1115 3497 ncta-r.
1204 3435 1359 3511 Quid
1416 3445 1625 3513 ageret
1682 3435 1773 3496 vir
1820 3437 1900 3497 ad
1957 3434 2265 3509 virtutem,

2459 3206 2465 3282 'l
