2514 3928
284 183 414 246 266
496 246 500 249 ,
787 179 934 240 PRO
963 180 1044 239 M.
1074 177 1492 239 MARCELLO
1528 177 1836 239 ORATIO.
2295 187 2383 242 42

454 334 500 392 Ι.
532 330 589 393 1.
619 327 894 391 Diuturni
934 327 1190 402 silentii,
1238 337 1444 403 patres
1492 327 1857 404 conscripti,
1897 345 2020 405 quo
2064 345 2230 389 eram
2268 329 2378 390 his

285 414 667 491 temporibus
696 428 880 483 usuS,
911 428 1031 471 non
1064 411 1279 473 timore
1310 410 1536 485 aliquo,
1567 413 1679 472 sed
1710 411 1929 487 partim
1959 411 2190 485 dolore,
2225 427 2377 487 par·

287 498 392 560 tim
423 495 792 557 verecundia
822 496 1004 555 finem
1033 488 1370 556 hodiernus
1399 494 1533 554 dies
1565 495 1776 567 attulit,
1809 493 2097 570 idemque
2125 493 2373 555 initium

293 598 451 656 quae
501 581 716 641 vellem
761 593 1043 654 quaeque
1089 578 1377 638 sentirem
1418 592 1557 638 meo
1602 576 1859 652 pristino
1889 593 2060 639 more
2096 577 2375 638 dicendi.

288 665 534 724 Tantam
565 662 724 724 enim
760 661 1315 734 mansuetudinem,
1360 668 1478 720 tam
1526 659 1872 722 inusitatam
1901 660 2377 735 inauditamque

291 745 699 820 clementiam,
745 753 973 806 tantum
1007 743 1066 802 in
1099 760 1336 804 summa
1364 751 1667 818 potestate
1696 742 1962 805 omnium
2003 759 2202 803 rerum
2232 759 2375 804 mo·

289 832 453 904 dum,
484 838 604 890 tam
633 827 902 903 denique
924 825 1338 888 incredibilem
1369 825 1731 900 sapientiam
1764 844 1838 887 ac
1866 842 2066 902 paene
2090 824 2372 886 divinam

290 913 507 975 tacitus
545 910 874 988 praeterire
905 910 1070 970 nullo
1106 910 1290 969 modo
1324 925 1599 983 possum.
1673 909 1734 969 2.
1765 909 1846 969 Μ.
1876 908 2035 969 enim
2069 909 2372 993 Marcello

289 995 499 1069 vobiS,
534 1002 738 1070 patres
774 990 1137 1067 conscripti,
1180 990 1396 1068 reique
1426 990 1708 1066 publicae
1741 991 2012 1066 reddito,
2044 1008 2165 1053 non
2197 991 2370 1053 illius

291 1080 509 1152 solum,
540 1077 653 1138 sed
682 1075 863 1137 etiam
891 1092 1088 1136 meam
1122 1091 1337 1136 vocem
1388 1085 1454 1139 et
1477 1077 1909 1139 auctoritatem
1939 1073 2119 1136 vobis
2151 1083 2213 1136 et
2272 1074 2370 1135 rei

292 1160 573 1238 publicae
617 1166 1041 1220 conservatam
1084 1175 1158 1219 ac
1198 1159 1536 1220 restitutam
1578 1166 1745 1233 puto.
1844 1159 2136 1219 Dolebam
2177 1158 2369 1231 enim,

292 1253 499 1321 patres
529 1241 892 1319 conscripti,
920 1250 981 1303 ct
1011 1242 1402 1303 vehementer
1428 1242 1712 1316 angebar,
1723 1237 1934 1329 [quum
1961 1234 2260 1325 viderem]
2274 1241 2363 1301 vi-

290 1345 423 1389 rum
452 1328 667 1402 talem,
709 1324 814 1402 qui
854 1325 916 1386 in
958 1327 1173 1386 eadem
1214 1342 1404 1387 causa
1449 1334 1645 1398 esset,
1690 1323 1749 1384 in
1783 1342 1904 1401 qua
1935 1342 2049 1401 ego
2084 1324 2362 1398 fuissem,

291 1410 495 1473 nonin
527 1411 742 1472 eadem
772 1426 915 1471 esse
944 1410 1199 1482 fortuna,
1236 1425 1352 1470 nec
1379 1406 1525 1469 mibi
1545 1409 1922 1483 persuadere
1943 1417 2215 1483 poteram
2245 1425 2361 1470 neu

292 1496 385 1556 fas
415 1511 558 1556 esse
593 1493 898 1554 ducebam¹
918 1491 1150 1553 versari
1170 1509 1269 1553 me
1297 1491 1356 1551 in
1405 1499 1615 1552 nostro
1655 1498 1861 1552 vetere
1908 1489 2209 1553 curriculo
2254 1491 2365 1552 illo

286 1580 529 1638 aemulo
560 1586 746 1652 atque
773 1577 1072 1637 imitatore
1105 1575 1441 1637 studiorum
1470 1590 1542 1634 ac
1575 1575 1848 1635 laborum
1875 1591 2147 1636 meorum
2180 1573 2360 1649 quasi

294 1662 564 1736 quodam
597 1658 767 1721 socio
802 1675 839 1719 a
868 1675 965 1719 me
999 1666 1059 1720 et
1088 1657 1308 1718 comite
1337 1656 1648 1719 distracto.
1734 1658 1893 1733 Ergo
1924 1665 1984 1718 et
2011 1656 2155 1721 mihi
2184 1673 2355 1717 meae

294 1742 587 1820 pristinae
619 1742 781 1803 vitae
810 1740 1344 1813 consuetudinem,
1389 1741 1451 1801 C.
1495 1740 1748 1817 Caesar,
1791 1741 2182 1802 interclusam
2211 1756 2358 1815 apes

291 1825 461 1889 ruisti
496 1835 558 1886 et
587 1823 682 1884 his
715 1824 998 1885 omnibus
1026 1825 1104 1883 ad
1135 1824 1294 1884 bene
1319 1825 1397 1884 de
1427 1822 1591 1884 omni
1626 1839 1693 1884 re
1714 1823 1961 1900 publica
1982 1824 2355 1900 sperandum

291 1908 466 1985 quasi
525 1907 762 1982 signum
809 1906 1059 1983 aliquod
1120 1906 1437 1969 sustulisti.
1539 1907 1600 1970 3.
1645 1908 2018 1970 Intellectum
2059 1915 2156 1969 est
2195 1906 2353 1969 enim

295 1990 436 2052 mihi
469 1989 715 2068 quidem
743 1990 804 2051 in
833 1991 1037 2052 multis
1069 1999 1128 2052 et
1159 1989 1422 2052 maxime
1450 1991 1509 2052 in
1531 2008 1629 2052 me
1658 1990 1816 2066 ipso,
1845 1993 1954 2052 sed
1991 1992 2193 2067 paullo
2216 2000 2354 2053 ante

294 2075 357 2136 in
377 2073 675 2150 omnibuS,
714 2091 899 2149 quum
923 2074 1004 2134 Μ.
1025 2075 1375 2135 Marcellum
1403 2075 1639 2136 senatui
1659 2074 1872 2153 reique
1903 2072 2184 2150 publicae
2211 2090 2354 2136 con-

290 2155 570 2230 cessisti,
617 2161 1102 2219 commemoratis
1141 2158 1495 2232 pracsertim
1528 2156 2004 2230 offensionibu8‚
2050 2166 2110 2219 te
2147 2167 2350 2219 aucto·

291 2240 523 2302 ritatem
568 2239 749 2301 huius
780 2240 1013 2300 ordinis
1037 2240 1510 2316 dignitatemque
1539 2240 1626 2301 rei
1664 2240 1945 2315 publicae
1967 2240 2086 2301 tuis
2116 2242 2210 2300 vel
2242 2242 2349 2301 do-

293 2322 522 2383 loribus
580 2324 674 2383 vel
731 2322 1172 2398 suspitionibus
1228 2325 1546 2385 anteferre.
1657 2324 1761 2384 llle
1802 2322 2047 2399 quidem
2094 2326 2350 2387 fructum

286 2404 488 2466 omnis
520 2414 661 2467 ante
688 2415 861 2466 actae
898 2405 1054 2466 vitae
1084 2406 1381 2471 hodierno
1433 2407 1532 2467 die
1562 2406 1886 2468 maximum
1934 2408 2122 2482 cepit,
2167 2424 2350 2482 quum

214 2486 218 2490 ’
293 2505 529 2550 summo
582 2504 891 2550 consensu
921 2495 1173 2550 senatus
1204 2482 1940 2575 tum[praeterea]iudicio
1991 2499 2092 2552 tuo
2122 2489 2351 2566 gravis-

291 2571 448 2634 simo
477 2583 540 2633 et
570 2571 855 2634 maximo.
940 2571 1033 2632 Ex
1076 2590 1198 2649 quo
1243 2575 1523 2648 prolecto
1549 2571 1831 2648 intelligis
1863 2583 2088 2647 quanta
2123 2573 2181 2633 in
2209 2575 2350 2635 dato

287 2651 591 2718 beneflcio
622 2655 701 2717 sit
733 2658 886 2729 lauS‚
914 2673 1100 2732 quum
1132 2655 1191 2716 ln
1216 2663 1473 2731 accepto
1503 2656 1584 2717 sit
1616 2664 1779 2718 tanta·
1804 2655 2016 2731 gloria.
2074 2657 2180 2718 Est
2207 2672 2351 2718 vero

290 2741 631 2802 fortunatus
664 2738 790 2814 ille,
839 2741 1015 2801 cuius
1043 2756 1122 2801 ex
1151 2741 1346 2801 salute
1377 2756 1498 2800 non
1529 2738 1727 2799 minor
1773 2755 1969 2815 paene
2016 2739 2095 2799 ad
2138 2755 2348 2801 omnes

294 2841 476 2898 quam
508 2824 590 2883 ad
615 2821 816 2898 ipsum
853 2832 1102 2885 ventura
1131 2824 1210 2883 sit
1239 2820 1463 2884 laetitia
1490 2821 1866 2898 perveneriti
1913 2820 1974 2885 4.
2024 2823 2190 2898 quod
2221 2823 2351 2897 qui·

283 2906 429 2966 dem
462 2903 517 2965 ei
541 2905 753 2967 nierito
784 2915 968 2981 atque
998 2904 1226 2982 optimo
1256 2907 1386 2967 iure
1421 2904 1687 2981 contigit.
1759 2905 1907 2980 Quis
1935 2906 2095 2967 enim
2124 2916 2219 2967 est
2250 2907 2348 2967 illo

283 2995 396 3049 aut
432 2986 743 3049 nobilitate
771 2997 876 3050 aut
906 2984 1206 3063 probitate
1233 2996 1339 3049 aut
1366 2989 1726 3063 optimarum
1767 2988 1981 3050 artium
2018 2987 2221 3050 studio
2250 2995 2354 3049 aut

287 3068 638 3130 innocentia
666 3082 770 3132 aut
803 3072 927 3131 ullo
959 3068 1157 3131 laudis
1189 3086 1415 3145 genere
1451 3072 1895 3147 praestantior?

417 3151 762 3213 ll.-Nullius
784 3162 1009 3213 tantum
1041 3151 1266 3214 flumen
1301 3163 1396 3216 est
1425 3154 1664 3230 ingenii,
1713 3154 1934 3216 nullius
1969 3152 2213 3216 dicendi
2251 3164 2352 3214 aut

279 3233 599 3295 scribendi
631 3243 791 3297 tanta
822 3234 954 3308 vis,
999 3243 1163 3297 tanta
1192 3237 1401 3312 copia,
1447 3247 1606 3313 qu‘ae
1648 3255 1769 3300 non
1811 3238 2010 3299 dicam
2036 3252 2351 3310 exornare,

281 3317 402 3376 sed
432 3333 748 3393 enarrare,
778 3318 841 3378 C.
874 3318 1128 3396 Caesar,
1156 3337 1257 3381 res
1289 3328 1423 3382 tuas
1453 3329 1661 3397 gestas
1686 3321 1903 3397 possit.
1986 3317 2211 3381 Tamen
2246 3320 2351 3380 ad-

283 3398 463 3460 firmo
493 3408 554 3461 et
587 3400 709 3464 boc
731 3418 890 3479 pace
915 3401 1114 3466 dicam
1143 3412 1277 3477 tua,
1323 3406 1546 3465 nullam
1580 3403 1639 3465 in
1672 3404 1767 3466 his
1792 3406 2034 3466 laudem
2067 3418 2213 3465 esse
2231 3420 2355 3465 am-
