2514 3928
186 263 308 324 122
572 261 722 322 PRO
768 263 833 321 L.
879 259 1257 322 CORNELIO
1288 259 1547 321 BALBO
1582 257 1886 321 ORATIO.
2208 266 2276 321 24

188 431 370 490 quam
400 412 606 474 multis
650 413 797 473 viris
834 411 1013 473 bonis
1045 420 1230 488 atque
1260 411 1522 475 fortibus
1552 408 1839 474 constitui
1878 411 1980 469 lex
2009 408 2174 470 vitae
2214 417 2275 471 et

186 496 470 559 condicio
485 496 816 558 videretur.
838 496 947 558 Sin
967 504 1168 557 autem
1196 497 1523 557 multorum
1557 494 1770 565 virtuS,
1806 494 2136 569 ingenium,
2164 491 2275 553 hu·

183 579 445 641 manitas
477 597 557 641 ex
586 580 792 640 infimo
825 595 1050 655 genere
1079 588 1137 640 et
1174 580 1453 641 fortunae
1497 580 1693 654 gradu
1734 595 1858 640 non
1906 578 2092 639 modo
2127 575 2275 636 ami·

182 664 356 725 citias
383 671 444 725 et
473 662 562 724 rei
593 662 903 724 familiaris
934 661 1148 739 copias
1182 671 1517 725 consecuta
1538 671 1651 735 est,
1692 663 1801 723 sed
1828 677 2121 722 summam
2148 661 2272 720 lau·

184 748 354 822 dem,
382 747 688 822 honores,
739 746 1023 822 gloriam,
1056 747 1437 823 dignitatem,
1478 763 1600 807 non
1632 745 1899 821 intelligo
1932 761 2041 805 cur
2070 743 2274 819 potius

184 831 413 891 invidia
459 829 760 892 violatura
802 830 1084 892 virtutem
1122 831 1190 890 L.
1223 830 1485 891 Cornelii
1528 846 1710 905 quam
1752 827 2034 905 aequitas
2069 835 2274 888 vestra

192 916 496 990 pudorem
529 914 663 976 eius
696 913 977 975 adiutura
1015 913 1311 975 videatur.
1406 913 1506 976 19.
1535 915 1780 1009 ltaque,
1815 913 1984 988 quod
2012 911 2275 973 maxime

188 998 522 1074 petendum
558 1006 684 1072 est,
729 1013 767 1056 a
794 996 974 1058 vobis
1005 996 1236 1060 idcirco
1273 1015 1395 1059 non
1434 1005 1606 1073 peto,
1641 996 1906 1070 iudices,
1949 1012 2027 1055 ne
2062 996 2140 1055 de
2170 1011 2274 1054 ve-

189 1090 315 1142 stra
359 1079 664 1156 sapientia
705 1088 891 1155 atque
936 1080 1015 1141 de
1057 1088 1264 1142 vestra
1311 1081 1682 1143 humanitate
1726 1079 2004 1140 dubitare
2047 1078 2273 1139 videar.

184 1167 292 1227 Est
332 1173 539 1226 autem
581 1164 911 1240 petendum
956 1180 1033 1225 ne
1077 1164 1331 1225 oderitis
1371 1164 1712 1240 ingenium,
1762 1181 1839 1224 ne
1883 1161 2112 1223 inimici
2141 1161 2272 1223 sitis

185 1248 523 1310 industriae
547 1295 562 1323 ,
598 1265 676 1308 ne
708 1246 1136 1309 humanitatem
1175 1247 1672 1325 opprimendam,
1703 1263 1781 1308 ne
1815 1245 2094 1307 virtutem
2128 1262 2272 1321 poe-

187 1332 470 1393 niendam
509 1331 757 1408 putetis.
811 1333 970 1393 Illud
1012 1342 1178 1409 peto,
1212 1341 1293 1406 ut,
1328 1332 1381 1393 si
1414 1348 1665 1393 causam
1700 1330 1897 1406 ipsam
1931 1346 2043 1405 per
2072 1345 2143 1389 se
2172 1329 2272 1389 fir·

184 1433 342 1477 mam
389 1433 534 1476 esse
575 1425 639 1479 et
681 1415 960 1478 stabilem
1001 1416 1299 1490 videritis,
1360 1414 1624 1477 hominis
1677 1413 1877 1491 ipsius
1919 1420 2274 1474 ornamenta

184 1500 539 1561 adiumento
574 1516 804 1563 causae
841 1499 1046 1576 potius
1080 1517 1264 1575 quam
1298 1498 1731 1575 impedimento
1763 1513 1905 1559 esse
1936 1496 2175 1558 malitis.

310 1585 468 1644 Vlll.
498 1584 800 1657 Nascitur,
835 1583 1104 1657 iudiceS,
1148 1600 1341 1644 causa
1375 1582 1642 1644 Cornelii
1688 1599 1766 1642 ex
1799 1599 1873 1642 ea
1901 1583 2056 1655 lege,
2092 1596 2274 1656 quam

182 1668 249 1727 L.
288 1668 519 1728 Gellius
552 1667 656 1727 Cn.
688 1667 1007 1729 Cornelius
1054 1683 1131 1726 ex
1168 1675 1421 1728 senatus
1469 1665 1770 1727 sententia
1809 1666 2103 1727 tulerunt=
2149 1679 2272 1740 qua

184 1751 320 1825 lege
351 1751 634 1810 videmus
668 1751 818 1811 satis
859 1766 1003 1811 esse
1027 1748 1240 1824 sancti,
1275 1758 1340 1811 ut
1362 1750 1533 1811 cives
1556 1748 1817 1810 Romani
1848 1749 1970 1809 sint
2002 1747 2076 1822 ii,
2110 1763 2270 1823 quos

187 1834 296 1896 Cn.
332 1832 662 1908 Pompeius
696 1834 774 1893 de
806 1831 1048 1894 consilii
1079 1832 1383 1894 sententia
1434 1833 1780 1910 singillatim
1811 1831 2053 1893 civitate
2083 1831 2271 1892 dona·

188 1915 360 1978 verit.
426 1917 730 1979 Donatum
763 1933 908 1978 esse
934 1917 1003 1977 L.
1035 1916 1381 1980 Cornelium
1413 1933 1713 1995 praesens
1745 1914 2075 1993 Pompeius
2109 1913 2273 1990 dicit,

189 2000 459 2061 indicant
502 1997 788 2076 publicae
835 2000 1106 2073 tabulae,
1150 2011 1478 2064 accusator
1527 2003 1775 2073 fatetur,
1818 2000 1931 2061 sed
1971 2008 2156 2075 negat
2193 2015 2274 2060 ex

186 2085 503 2145 loederato
541 2085 774 2160 populo
830 2101 1201 2161 quemquam
1244 2086 1555 2162 potuisse,
1600 2084 1719 2145 nisi
1755 2084 1809 2145 is
1841 2084 2110 2160 populus
2139 2083 2273 2144 fuu-

186 2170 305 2228 dus
340 2170 538 2229 factus
567 2176 766 2242 esset,
811 2167 869 2228 in
913 2168 1071 2229 hanc
1102 2169 1406 2231 civitatem
1441 2169 1670 2230 venire.
1756 2167 1860 2230 20.
1905 2167 1952 2228 Ο
1996 2167 2270 2243 praecla-

191 2267 324 2311 rum
358 2252 750 2327 interpretem
774 2252 938 2324 iuriS,
972 2260 1282 2314 auctorem
1311 2252 1705 2328 antiquitatis,
1739 2260 2149 2314 correctorem
2183 2259 2272 2311 at—

190 2351 310 2410 que
326 2336 794 2396 emendatorem
827 2345 1074 2397 nostra-e
1103 2336 1394 2398 civitatis!
1431 2336 1537 2412 qui
1570 2335 1729 2397 hanc
1770 2352 2036 2412 poenam
2060 2334 2271 2396 foede-

180 2418 350 2478 ribus
382 2417 678 2491 ascribat,
720 2427 787 2480 ut
827 2420 1095 2481 omnium
1129 2421 1535 2494 praemiorum
1565 2420 2132 2494 beneficiorumque
2160 2434 2269 2477 no·

183 2509 447 2562 strorum
496 2511 786 2578 expertes
831 2502 1016 2564 faciat
1059 2504 1431 2567 foederatos
1525 2504 1682 2578 Quid
1725 2502 1884 2565 enim
1919 2501 2117 2580 potuit
2147 2500 2269 2561 dici

183 2584 525 2660 imperitius
576 2601 759 2661 quam
803 2587 1158 2648 foederatos
1201 2588 1475 2664 populos
1519 2588 1652 2648 fieri
1683 2588 1909 2649 fundos
1941 2590 2272 2662 oportere?

181 2668 329 2729 Nam
355 2668 419 2730 id
442 2685 566 2729 non
605 2669 802 2746 magis
827 2678 921 2731 est
950 2671 1265 2747 proprium
1299 2672 1753 2736 foederatorum
1783 2687 1963 2746 quam
1997 2668 2267 2730 omnium

182 2751 528 2814 liberorum.
610 2754 735 2814 Sed
768 2762 956 2814 totum
990 2754 1142 2829 hoc,
1173 2754 1430 2827 iudiceS‚
1466 2754 1525 2814 in
1563 2770 1637 2813 ea
1666 2753 1778 2815 suit
1813 2753 2081 2830 positum
2111 2768 2270 2813 sem-

182 2852 293 2909 per
318 2836 556 2898 ratione
589 2846 773 2913 atque
805 2839 1137 2912 sententia,
1167 2846 1261 2912 ut,
1309 2855 1492 2913 quum
1524 2836 1813 2899 iussisset
1842 2838 2112 2914 populus
2145 2835 2272 2896 Ro-

182 2934 400 2979 manus
432 2919 694 2994 aliquid,
739 2922 793 2980 si
820 2921 884 2981 id
914 2920 1286 2984 ascivissent
1313 2922 1469 2983 socii
1497 2922 1709 2998 populi
1742 2938 1817 2982 ac
1850 2916 2076 2993 Latini,
2126 2927 2187 2980 et
2214 2914 2271 2978 si

181 3016 254 3060 ea
281 3002 412 3072 lex,
448 3020 632 3076 quam
662 3021 780 3065 nos
807 3004 1203 3077 haberemus,
1253 3006 1470 3066 eadem
1512 3005 1571 3066 in
1606 3007 1839 3080 populo
1875 3004 2085 3081 aliquo
2116 3011 2269 3064 tam-

183 3101 367 3159 quam
391 3085 449 3144 in
479 3086 669 3147 fundo
699 3088 1069 3163 resedisset,
1112 3096 1179 3149 ut
1220 3097 1346 3150 tum
1376 3090 1512 3164 lege
1540 3089 1756 3151 eadem
1791 3089 1846 3149 is
1877 3090 2149 3166 populus
2180 3094 2267 3147 te-

182 3177 457 3243 neretur,
499 3187 624 3231 non
666 3179 733 3231 ut
760 3171 839 3231 de
870 3180 1080 3233 nostro
1110 3172 1242 3233 iure
1271 3172 1504 3247 aliquid
1536 3171 2022 3245 deminueretur,
2058 3171 2171 3232 sed
2206 3177 2270 3231 ut

180 3250 264 3310 illi
297 3254 508 3328 populi
545 3260 650 3313 aut
683 3254 814 3314 iure
849 3272 959 3326 eo,
1006 3255 1172 3331 quod
1201 3273 1239 3315 a
1268 3256 1449 3317 nobis
1481 3264 1652 3317 esset
1686 3255 2114 3329 constitutum,
2160 3260 2268 3314 aut

180 3335 390 3410 aliquo
424 3338 750 3398 commodo
781 3347 885 3400 aut
910 3339 1214 3399 beneficio
1240 3348 1573 3401 uterentur.
1619 3338 1723 3401 21.
1754 3338 1911 3400 Tulit
1940 3338 2107 3415 apud
2139 3353 2263 3397 ma·

180 3416 347 3479 iores
379 3429 626 3482 nostros
661 3421 953 3497 legem-C.
981 3420 1201 3483 Furius
1233 3423 1312 3483 de
1347 3421 1759 3496 testamentis,
1791 3423 1926 3485 tulit
1956 3422 2025 3496 Q.
2057 3424 2271 3482 Voco-

180 3502 320 3562 nius
351 3501 429 3563 de
460 3504 778 3565 mulierum
804 3505 1269 3581 'hereditatibus
1297 3506 1771 3567 innumerabiles
1801 3506 1959 3567 aliae
1987 3507 2159 3582 leges
2187 3504 2271 3564 de

2491 726 2499 813 l

2489 1822 2499 1959 1

2489 1990 2497 2128 l
