<?xml version="1.0" encoding="UTF-8"?>
<!DOCTYPE html PUBLIC "-//W3C//DTD XHTML 1.0 Transitional//EN"
    "http://www.w3.org/TR/xhtml1/DTD/xhtml1-transitional.dtd">
<html xmlns="http://www.w3.org/1999/xhtml" xml:lang="en" lang="en">
 <head>
  <title>
</title>
<meta http-equiv="Content-Type" content="text/html;charset=utf-8" />
  <meta name='ocr-system' content='tesseract 3.04.00' />
  <meta name='ocr-capabilities' content='ocr_page ocr_carea ocr_par ocr_line ocrx_word'/>
</head>
<body>
  <div class='ocr_page' id='page_1' title='image "./scriptaquaemans02cicegoog_0181.png"; bbox 0 0 2514 3928; ppageno 0'>
   <div class='ocr_carea' id='block_1_1' title="bbox 260 220 2342 290">
    <p class='ocr_par' dir='ltr' id='par_1_1' title="bbox 260 220 2342 290">
     <span class='ocr_line' id='line_1_1' title="bbox 260 220 2342 290; baseline 0.005 -10"><span class='ocrx_word' id='word_1_1' title='bbox 260 229 330 284; x_wconf 79' lang='lat'><strong>25</strong></span> <span class='ocrx_word' id='word_1_2' title='bbox 939 220 1107 281; x_wconf 88' lang='lat' dir='ltr'>CAP.</span> <span class='ocrx_word' id='word_1_3' title='bbox 1136 229 1168 284; x_wconf 86' lang='lat'>7</span> <span class='ocrx_word' id='word_1_4' title='bbox 1186 235 1321 284; x_wconf 83' lang='lat'><strong>—9.</strong></span> <span class='ocrx_word' id='word_1_5' title='bbox 1364 235 1416 290; x_wconf 76' lang='lat' dir='ltr'><strong>s.</strong></span> <span class='ocrx_word' id='word_1_6' title='bbox 1447 231 1707 286; x_wconf 79' lang='lat'>18—24.</span> <span class='ocrx_word' id='word_1_7' title='bbox 2221 227 2342 289; x_wconf 84' lang='lat'><strong>123</strong></span> 
     </span>
    </p>
   </div>
   <div class='ocr_carea' id='block_1_2' title="bbox 210 370 2345 3548">
    <p class='ocr_par' dir='ltr' id='par_1_2' title="bbox 210 370 2345 3548">
     <span class='ocr_line' id='line_1_2' title="bbox 210 370 2345 454; baseline 0.004 -22"><span class='ocrx_word' id='word_1_8' title='bbox 210 382 235 399; x_wconf 89' lang='lat'><strong>·</strong></span> <span class='ocrx_word' id='word_1_9' title='bbox 256 370 423 432; x_wconf 83' lang='lat' dir='ltr'><strong>civili</strong></span> <span class='ocrx_word' id='word_1_10' title='bbox 452 370 584 432; x_wconf 84' lang='lat' dir='ltr'><strong>iure</strong></span> <span class='ocrx_word' id='word_1_11' title='bbox 607 378 751 434; x_wconf 88' lang='lat' dir='ltr'><strong>sunt</strong></span> <span class='ocrx_word' id='word_1_12' title='bbox 781 373 968 432; x_wconf 82' lang='lat' dir='ltr'><strong>latae=</strong></span> <span class='ocrx_word' id='word_1_13' title='bbox 1001 389 1158 449; x_wconf 88' lang='lat' dir='ltr'><strong>quas</strong></span> <span class='ocrx_word' id='word_1_14' title='bbox 1192 372 1390 434; x_wconf 81' lang='lat' dir='ltr'><strong>Latini</strong></span> <span class='ocrx_word' id='word_1_15' title='bbox 1411 375 1755 450; x_wconf 76' lang='lat' dir='ltr'><strong>voluerunt,</strong></span> <span class='ocrx_word' id='word_1_16' title='bbox 1786 375 2169 439; x_wconf 82' lang='lat' dir='ltr'><strong>asciverunt:</strong></span> <span class='ocrx_word' id='word_1_17' title='bbox 2204 377 2345 454; x_wconf 88' lang='lat' dir='ltr'><strong>ipsa</strong></span> 
     </span>
     <span class='ocr_line' id='line_1_3' title="bbox 255 455 2342 538; baseline 0.004 -23"><span class='ocrx_word' id='word_1_18' title='bbox 255 455 529 532; x_wconf 89' lang='lat' dir='ltr'><strong>denique</strong></span> <span class='ocrx_word' id='word_1_19' title='bbox 557 455 737 530; x_wconf 82' lang='lat' dir='ltr'><strong>lulia,</strong></span> <span class='ocrx_word' id='word_1_20' title='bbox 764 472 886 530; x_wconf 88' lang='lat' dir='ltr'><strong>qua</strong></span> <span class='ocrx_word' id='word_1_21' title='bbox 915 457 1052 532; x_wconf 83' lang='lat' dir='ltr'><strong>lege</strong></span> <span class='ocrx_word' id='word_1_22' title='bbox 1083 456 1301 518; x_wconf 85' lang='lat' dir='ltr'><strong>civitas</strong></span> <span class='ocrx_word' id='word_1_23' title='bbox 1336 466 1431 519; x_wconf 82' lang='lat' dir='ltr'><strong>est</strong></span> <span class='ocrx_word' id='word_1_24' title='bbox 1462 458 1650 519; x_wconf 87' lang='lat' dir='ltr'><strong>sociis</strong></span> <span class='ocrx_word' id='word_1_25' title='bbox 1679 468 1741 520; x_wconf 88' lang='lat' dir='ltr'><strong>et</strong></span> <span class='ocrx_word' id='word_1_26' title='bbox 1774 460 2003 521; x_wconf 88' lang='lat' dir='ltr'><strong>Latinis</strong></span> <span class='ocrx_word' id='word_1_27' title='bbox 2035 461 2204 537; x_wconf 88' lang='lat' dir='ltr'><strong>data,</strong></span> <span class='ocrx_word' id='word_1_28' title='bbox 2239 463 2342 538; x_wconf 87' lang='lat' dir='ltr'><strong>qui</strong></span> 
     </span>
     <span class='ocr_line' id='line_1_4' title="bbox 255 538 2342 621; baseline 0.004 -22"><span class='ocrx_word' id='word_1_29' title='bbox 255 539 431 600; x_wconf 82' lang='lat' dir='ltr'><strong>fundi</strong></span> <span class='ocrx_word' id='word_1_30' title='bbox 460 538 676 616; x_wconf 90' lang='lat' dir='ltr'><strong>populi</strong></span> <span class='ocrx_word' id='word_1_31' title='bbox 706 539 847 601; x_wconf 80' lang='lat' dir='ltr'><strong>sacti</strong></span> <span class='ocrx_word' id='word_1_32' title='bbox 877 557 1000 601; x_wconf 91' lang='lat' dir='ltr'><strong>non</strong></span> <span class='ocrx_word' id='word_1_33' title='bbox 1031 549 1263 616; x_wconf 86' lang='lat' dir='ltr'><strong>essent,</strong></span> <span class='ocrx_word' id='word_1_34' title='bbox 1295 539 1597 603; x_wconf 85' lang='lat' dir='ltr'><strong>civitatem</strong></span> <span class='ocrx_word' id='word_1_35' title='bbox 1630 558 1749 603; x_wconf 91' lang='lat' dir='ltr'><strong>non</strong></span> <span class='ocrx_word' id='word_1_36' title='bbox 1774 543 2089 606; x_wconf 84' lang='lat' dir='ltr'><strong>haberent.</strong></span> <span class='ocrx_word' id='word_1_37' title='bbox 2131 546 2197 604; x_wconf 91' lang='lat' dir='ltr'><strong>In</strong></span> <span class='ocrx_word' id='word_1_38' title='bbox 2220 563 2342 621; x_wconf 93' lang='lat' dir='ltr'><strong>quo</strong></span> 
     </span>
     <span class='ocr_line' id='line_1_5' title="bbox 253 623 2343 705; baseline 0.002 -22"><span class='ocrx_word' id='word_1_39' title='bbox 253 639 479 698; x_wconf 83' lang='lat' dir='ltr'><strong>magna</strong></span> <span class='ocrx_word' id='word_1_40' title='bbox 504 623 815 686; x_wconf 86' lang='lat' dir='ltr'><strong>contentio</strong></span> <span class='ocrx_word' id='word_1_41' title='bbox 840 624 1328 686; x_wconf 80' lang='lat' dir='ltr'><strong>Heracliensium</strong></span> <span class='ocrx_word' id='word_1_42' title='bbox 1353 633 1413 685; x_wconf 88' lang='lat' dir='ltr'><strong>et</strong></span> <span class='ocrx_word' id='word_1_43' title='bbox 1433 624 1969 701; x_wconf 77' lang='lat' dir='ltr'>Neapolitanorum</span> <span class='ocrx_word' id='word_1_44' title='bbox 1996 627 2122 702; x_wconf 81' lang='lat' dir='ltr'><strong>ruit,</strong></span> <span class='ocrx_word' id='word_1_45' title='bbox 2158 646 2343 705; x_wconf 86' lang='lat' dir='ltr'><strong>quum</strong></span> 
     </span>
     <span class='ocr_line' id='line_1_6' title="bbox 252 705 2345 782; baseline 0.002 -16"><span class='ocrx_word' id='word_1_46' title='bbox 252 723 478 782; x_wconf 87' lang='lat' dir='ltr'><strong>magna</strong></span> <span class='ocrx_word' id='word_1_47' title='bbox 520 723 666 782; x_wconf 91' lang='lat' dir='ltr'><strong>pars</strong></span> <span class='ocrx_word' id='word_1_48' title='bbox 688 705 774 768; x_wconf 77' lang='lat' dir='ltr'><strong>&#39;in</strong></span> <span class='ocrx_word' id='word_1_49' title='bbox 821 706 896 768; x_wconf 91' lang='lat' dir='ltr'><strong>iis</strong></span> <span class='ocrx_word' id='word_1_50' title='bbox 942 708 1291 775; x_wconf 86' lang='lat' dir='ltr'><strong>civitatibus</strong></span> <span class='ocrx_word' id='word_1_51' title='bbox 1323 709 1592 770; x_wconf 77' lang='lat' dir='ltr'><strong>foederis</strong></span> <span class='ocrx_word' id='word_1_52' title='bbox 1626 710 1721 769; x_wconf 89' lang='lat' dir='ltr'><strong>sui</strong></span> <span class='ocrx_word' id='word_1_53' title='bbox 1749 710 2086 772; x_wconf 87' lang='lat' dir='ltr'><strong>libertatem</strong></span> <span class='ocrx_word' id='word_1_54' title='bbox 2118 711 2345 773; x_wconf 84' lang='lat' dir='ltr'><strong>civitati</strong></span> 
     </span>
     <span class='ocr_line' id='line_1_7' title="bbox 253 790 2345 866; baseline 0.002 -15"><span class='ocrx_word' id='word_1_55' title='bbox 253 791 604 853; x_wconf 78' lang='lat' dir='ltr'><strong>anteferret.</strong></span> <span class='ocrx_word' id='word_1_56' title='bbox 691 790 1008 854; x_wconf 88' lang='lat' dir='ltr'><strong>Postremo</strong></span> <span class='ocrx_word' id='word_1_57' title='bbox 1039 792 1194 855; x_wconf 89' lang='lat' dir='ltr'><strong>haec</strong></span> <span class='ocrx_word' id='word_1_58' title='bbox 1229 792 1324 852; x_wconf 87' lang='lat' dir='ltr'><strong>vis</strong></span> <span class='ocrx_word' id='word_1_59' title='bbox 1358 802 1454 863; x_wconf 89' lang='lat' dir='ltr'><strong>est</strong></span> <span class='ocrx_word' id='word_1_60' title='bbox 1481 792 1659 854; x_wconf 91' lang='lat' dir='ltr'><strong>istius</strong></span> <span class='ocrx_word' id='word_1_61' title='bbox 1688 801 1751 855; x_wconf 88' lang='lat' dir='ltr'><strong>et</strong></span> <span class='ocrx_word' id='word_1_62' title='bbox 1783 793 1932 855; x_wconf 91' lang='lat' dir='ltr'><strong>iuris</strong></span> <span class='ocrx_word' id='word_1_63' title='bbox 1962 802 2024 855; x_wconf 88' lang='lat' dir='ltr'><strong>et</strong></span> <span class='ocrx_word' id='word_1_64' title='bbox 2054 794 2242 866; x_wconf 86' lang='lat' dir='ltr'><strong>verbi,</strong></span> <span class='ocrx_word' id='word_1_65' title='bbox 2278 803 2345 855; x_wconf 89' lang='lat' dir='ltr'><strong>ut</strong></span> 
     </span>
     <span class='ocr_line' id='line_1_8' title="bbox 253 874 2345 952; baseline 0.001 -18"><span class='ocrx_word' id='word_1_66' title='bbox 253 874 428 935; x_wconf 81' lang='lat' dir='ltr'><strong>fundi</strong></span> <span class='ocrx_word' id='word_1_67' title='bbox 463 875 673 950; x_wconf 88' lang='lat' dir='ltr'><strong>populi</strong></span> <span class='ocrx_word' id='word_1_68' title='bbox 707 875 1010 938; x_wconf 88' lang='lat' dir='ltr'><strong>beneficio</strong></span> <span class='ocrx_word' id='word_1_69' title='bbox 1041 886 1274 949; x_wconf 91' lang='lat' dir='ltr'><strong>nostro,</strong></span> <span class='ocrx_word' id='word_1_70' title='bbox 1306 893 1427 938; x_wconf 92' lang='lat' dir='ltr'><strong>non</strong></span> <span class='ocrx_word' id='word_1_71' title='bbox 1461 893 1575 939; x_wconf 91' lang='lat' dir='ltr'><strong>suo</strong></span> <span class='ocrx_word' id='word_1_72' title='bbox 1605 878 1738 938; x_wconf 89' lang='lat' dir='ltr'><strong>iure</strong></span> <span class='ocrx_word' id='word_1_73' title='bbox 1772 877 1940 938; x_wconf 83' lang='lat' dir='ltr'><strong>fiant.</strong></span> <span class='ocrx_word' id='word_1_74' title='bbox 2010 877 2113 939; x_wconf 79' lang='lat'><strong>22.</strong></span> <span class='ocrx_word' id='word_1_75' title='bbox 2150 877 2345 952; x_wconf 81' lang='lat' dir='ltr'><strong>Quum</strong></span> 
     </span>
     <span class='ocr_line' id='line_1_9' title="bbox 253 957 2344 1036; baseline 0 -17"><span class='ocrx_word' id='word_1_76' title='bbox 253 957 485 1034; x_wconf 90' lang='lat' dir='ltr'><strong>aliquid</strong></span> <span class='ocrx_word' id='word_1_77' title='bbox 521 961 794 1035; x_wconf 88' lang='lat' dir='ltr'><strong>populus</strong></span> <span class='ocrx_word' id='word_1_78' title='bbox 823 961 1137 1022; x_wconf 90' lang='lat' dir='ltr'><strong>Romanus</strong></span> <span class='ocrx_word' id='word_1_79' title='bbox 1174 959 1383 1034; x_wconf 83' lang='lat' dir='ltr'><strong>iussit,</strong></span> <span class='ocrx_word' id='word_1_80' title='bbox 1414 960 1478 1020; x_wconf 91' lang='lat' dir='ltr'><strong>id</strong></span> <span class='ocrx_word' id='word_1_81' title='bbox 1507 959 1562 1022; x_wconf 90' lang='lat' dir='ltr'><strong>si</strong></span> <span class='ocrx_word' id='word_1_82' title='bbox 1591 968 1689 1022; x_wconf 88' lang='lat' dir='ltr'><strong>est</strong></span> <span class='ocrx_word' id='word_1_83' title='bbox 1721 962 1856 1021; x_wconf 89' lang='lat' dir='ltr'><strong>eius</strong></span> <span class='ocrx_word' id='word_1_84' title='bbox 1888 960 2073 1033; x_wconf 90' lang='lat' dir='ltr'><strong>modi,</strong></span> <span class='ocrx_word' id='word_1_85' title='bbox 2112 969 2179 1023; x_wconf 88' lang='lat' dir='ltr'><strong>ut</strong></span> <span class='ocrx_word' id='word_1_86' title='bbox 2213 961 2344 1036; x_wconf 85' lang='lat' dir='ltr'><strong>qui-</strong></span> 
     </span>
     <span class='ocr_line' id='line_1_10' title="bbox 251 1042 2345 1120; baseline 0.001 -18"><span class='ocrx_word' id='word_1_87' title='bbox 251 1043 516 1103; x_wconf 88' lang='lat' dir='ltr'><strong>busdam</strong></span> <span class='ocrx_word' id='word_1_88' title='bbox 562 1043 807 1119; x_wconf 90' lang='lat' dir='ltr'><strong>populis</strong></span> <span class='ocrx_word' id='word_1_89' title='bbox 853 1045 986 1105; x_wconf 89' lang='lat' dir='ltr'><strong>sive</strong></span> <span class='ocrx_word' id='word_1_90' title='bbox 1030 1042 1361 1106; x_wconf 78' lang='lat' dir='ltr'><strong>foederatis</strong></span> <span class='ocrx_word' id='word_1_91' title='bbox 1421 1044 1558 1105; x_wconf 88' lang='lat' dir='ltr'><strong>sive</strong></span> <span class='ocrx_word' id='word_1_92' title='bbox 1600 1042 1810 1106; x_wconf 88' lang='lat' dir='ltr'><strong>liberis</strong></span> <span class='ocrx_word' id='word_1_93' title='bbox 1872 1045 2345 1120; x_wconf 89' lang='lat' dir='ltr'><strong>permittendum</strong></span> 
     </span>
     <span class='ocr_line' id='line_1_11' title="bbox 254 1125 2344 1202; baseline 0.001 -16"><span class='ocrx_word' id='word_1_94' title='bbox 254 1142 402 1186; x_wconf 88' lang='lat' dir='ltr'><strong>esse</strong></span> <span class='ocrx_word' id='word_1_95' title='bbox 435 1125 749 1200; x_wconf 88' lang='lat' dir='ltr'><strong>videatur,</strong></span> <span class='ocrx_word' id='word_1_96' title='bbox 789 1135 856 1186; x_wconf 88' lang='lat' dir='ltr'><strong>ut</strong></span> <span class='ocrx_word' id='word_1_97' title='bbox 897 1136 1164 1191; x_wconf 85' lang='lat' dir='ltr'><strong>statuant</strong></span> <span class='ocrx_word' id='word_1_98' title='bbox 1203 1126 1324 1202; x_wconf 90' lang='lat' dir='ltr'><strong>ipsi</strong></span> <span class='ocrx_word' id='word_1_99' title='bbox 1359 1143 1479 1188; x_wconf 95' lang='lat' dir='ltr'><strong>non</strong></span> <span class='ocrx_word' id='word_1_100' title='bbox 1513 1129 1590 1189; x_wconf 92' lang='lat' dir='ltr'><strong>de</strong></span> <span class='ocrx_word' id='word_1_101' title='bbox 1626 1127 1887 1201; x_wconf 79' lang='lat' dir='ltr'><strong>nostriS,</strong></span> <span class='ocrx_word' id='word_1_102' title='bbox 1941 1129 2056 1189; x_wconf 89' lang='lat' dir='ltr'><strong>sed</strong></span> <span class='ocrx_word' id='word_1_103' title='bbox 2104 1129 2181 1189; x_wconf 91' lang='lat' dir='ltr'><strong>de</strong></span> <span class='ocrx_word' id='word_1_104' title='bbox 2213 1127 2344 1189; x_wconf 90' lang='lat' dir='ltr'><strong>suis</strong></span> 
     </span>
     <span class='ocr_line' id='line_1_12' title="bbox 256 1209 2343 1285; baseline 0.001 -16"><span class='ocrx_word' id='word_1_105' title='bbox 256 1210 465 1283; x_wconf 77' lang='lat' dir='ltr'><strong>rebuS,</strong></span> <span class='ocrx_word' id='word_1_106' title='bbox 499 1226 623 1285; x_wconf 92' lang='lat' dir='ltr'><strong>quo</strong></span> <span class='ocrx_word' id='word_1_107' title='bbox 653 1209 785 1270; x_wconf 87' lang='lat' dir='ltr'><strong>iure</strong></span> <span class='ocrx_word' id='word_1_108' title='bbox 819 1209 904 1269; x_wconf 87' lang='lat' dir='ltr'><strong>uti</strong></span> <span class='ocrx_word' id='word_1_109' title='bbox 939 1210 1153 1284; x_wconf 88' lang='lat' dir='ltr'><strong>velint,</strong></span> <span class='ocrx_word' id='word_1_110' title='bbox 1201 1218 1325 1270; x_wconf 91' lang='lat' dir='ltr'><strong>tum</strong></span> <span class='ocrx_word' id='word_1_111' title='bbox 1356 1218 1552 1272; x_wconf 88' lang='lat' dir='ltr'><strong>utrum</strong></span> <span class='ocrx_word' id='word_1_112' title='bbox 1581 1212 1750 1272; x_wconf 76' lang='lat' dir='ltr'><strong>fundi</strong></span> <span class='ocrx_word' id='word_1_113' title='bbox 1783 1210 1927 1272; x_wconf 80' lang='lat' dir='ltr'><strong>sacti</strong></span> <span class='ocrx_word' id='word_1_114' title='bbox 1957 1211 2080 1274; x_wconf 88' lang='lat' dir='ltr'><strong>sint</strong></span> <span class='ocrx_word' id='word_1_115' title='bbox 2103 1229 2190 1273; x_wconf 83' lang='lat' dir='ltr'><strong>an</strong></span> <span class='ocrx_word' id='word_1_116' title='bbox 2220 1229 2343 1272; x_wconf 92' lang='lat' dir='ltr'><strong>non</strong></span> 
     </span>
     <span class='ocr_line' id='line_1_13' title="bbox 263 1292 2342 1371; baseline 0 -16"><span class='ocrx_word' id='word_1_117' title='bbox 263 1293 685 1366; x_wconf 83' lang='lat' dir='ltr'><strong>quaerendum</strong></span> <span class='ocrx_word' id='word_1_118' title='bbox 715 1307 858 1352; x_wconf 88' lang='lat' dir='ltr'><strong>esse</strong></span> <span class='ocrx_word' id='word_1_119' title='bbox 887 1292 1152 1353; x_wconf 79' lang='lat' dir='ltr'><strong>videtur:</strong></span> <span class='ocrx_word' id='word_1_120' title='bbox 1207 1293 1287 1352; x_wconf 92' lang='lat' dir='ltr'><strong>de</strong></span> <span class='ocrx_word' id='word_1_121' title='bbox 1310 1302 1521 1354; x_wconf 89' lang='lat' dir='ltr'><strong>nostra</strong></span> <span class='ocrx_word' id='word_1_122' title='bbox 1551 1311 1696 1357; x_wconf 85' lang='lat' dir='ltr'><strong>vero</strong></span> <span class='ocrx_word' id='word_1_123' title='bbox 1724 1312 1792 1355; x_wconf 91' lang='lat' dir='ltr'><strong>re</strong></span> <span class='ocrx_word' id='word_1_124' title='bbox 1824 1294 2085 1371; x_wconf 89' lang='lat' dir='ltr'><strong>publica,</strong></span> <span class='ocrx_word' id='word_1_125' title='bbox 2122 1297 2200 1356; x_wconf 94' lang='lat' dir='ltr'><strong>de</strong></span> <span class='ocrx_word' id='word_1_126' title='bbox 2234 1312 2342 1356; x_wconf 91' lang='lat' dir='ltr'><strong>no-</strong></span> 
     </span>
     <span class='ocr_line' id='line_1_14' title="bbox 258 1374 2343 1450; baseline 0.002 -14"><span class='ocrx_word' id='word_1_127' title='bbox 258 1384 388 1436; x_wconf 88' lang='lat' dir='ltr'><strong>stro</strong></span> <span class='ocrx_word' id='word_1_128' title='bbox 420 1374 706 1449; x_wconf 88' lang='lat' dir='ltr'><strong>imperio,</strong></span> <span class='ocrx_word' id='word_1_129' title='bbox 743 1375 820 1434; x_wconf 91' lang='lat' dir='ltr'><strong>de</strong></span> <span class='ocrx_word' id='word_1_130' title='bbox 850 1374 1078 1437; x_wconf 90' lang='lat' dir='ltr'><strong>nostris</strong></span> <span class='ocrx_word' id='word_1_131' title='bbox 1111 1374 1325 1447; x_wconf 82' lang='lat' dir='ltr'><strong>bellis,</strong></span> <span class='ocrx_word' id='word_1_132' title='bbox 1364 1375 1442 1436; x_wconf 94' lang='lat' dir='ltr'><strong>de</strong></span> <span class='ocrx_word' id='word_1_133' title='bbox 1469 1376 1743 1450; x_wconf 89' lang='lat' dir='ltr'><strong>victoria,</strong></span> <span class='ocrx_word' id='word_1_134' title='bbox 1778 1379 1855 1438; x_wconf 91' lang='lat' dir='ltr'><strong>de</strong></span> <span class='ocrx_word' id='word_1_135' title='bbox 1887 1381 2085 1441; x_wconf 87' lang='lat' dir='ltr'><strong>salute</strong></span> <span class='ocrx_word' id='word_1_136' title='bbox 2118 1379 2343 1440; x_wconf 78' lang='lat' dir='ltr'><strong>fundos</strong></span> 
     </span>
     <span class='ocr_line' id='line_1_15' title="bbox 255 1458 2343 1536; baseline 0.001 -15"><span class='ocrx_word' id='word_1_137' title='bbox 255 1459 531 1535; x_wconf 87' lang='lat' dir='ltr'><strong>populos</strong></span> <span class='ocrx_word' id='word_1_138' title='bbox 558 1458 691 1519; x_wconf 82' lang='lat' dir='ltr'><strong>fieri</strong></span> <span class='ocrx_word' id='word_1_139' title='bbox 721 1459 1063 1520; x_wconf 91' lang='lat' dir='ltr'><strong>noluerunt.</strong></span> <span class='ocrx_word' id='word_1_140' title='bbox 1140 1460 1239 1519; x_wconf 91' lang='lat' dir='ltr'><strong>lX.</strong></span> <span class='ocrx_word' id='word_1_141' title='bbox 1273 1459 1480 1534; x_wconf 82' lang='lat' dir='ltr'><strong>Atqui,</strong></span> <span class='ocrx_word' id='word_1_142' title='bbox 1511 1459 1565 1520; x_wconf 90' lang='lat' dir='ltr'><strong>si</strong></span> <span class='ocrx_word' id='word_1_143' title='bbox 1595 1460 2061 1536; x_wconf 82' lang='lat' dir='ltr'><strong>imperatoribus</strong></span> <span class='ocrx_word' id='word_1_144' title='bbox 2096 1465 2343 1536; x_wconf 80' lang='lat' dir='ltr'><strong>nostriS‚</strong></span> 
     </span>
     <span class='ocr_line' id='line_1_16' title="bbox 253 1542 2341 1622; baseline 0.002 -20"><span class='ocrx_word' id='word_1_145' title='bbox 253 1542 310 1602; x_wconf 90' lang='lat' dir='ltr'><strong>si</strong></span> <span class='ocrx_word' id='word_1_146' title='bbox 344 1542 599 1615; x_wconf 83' lang='lat' dir='ltr'><strong>senatui,</strong></span> <span class='ocrx_word' id='word_1_147' title='bbox 635 1543 689 1603; x_wconf 89' lang='lat' dir='ltr'><strong>si</strong></span> <span class='ocrx_word' id='word_1_148' title='bbox 720 1543 953 1618; x_wconf 89' lang='lat' dir='ltr'><strong>populo</strong></span> <span class='ocrx_word' id='word_1_149' title='bbox 981 1543 1261 1605; x_wconf 88' lang='lat' dir='ltr'><strong>Romano</strong></span> <span class='ocrx_word' id='word_1_150' title='bbox 1283 1558 1404 1605; x_wconf 90' lang='lat' dir='ltr'><strong>non</strong></span> <span class='ocrx_word' id='word_1_151' title='bbox 1437 1543 1659 1618; x_wconf 87' lang='lat' dir='ltr'><strong>licebit,</strong></span> <span class='ocrx_word' id='word_1_152' title='bbox 1693 1545 2026 1620; x_wconf 86' lang='lat' dir='ltr'><strong>propositis</strong></span> <span class='ocrx_word' id='word_1_153' title='bbox 2052 1546 2341 1622; x_wconf 89' lang='lat' dir='ltr'><strong>praemiis</strong></span> 
     </span>
     <span class='ocr_line' id='line_1_17' title="bbox 251 1626 2343 1703; baseline 0 -15"><span class='ocrx_word' id='word_1_154' title='bbox 251 1626 477 1688; x_wconf 90' lang='lat' dir='ltr'><strong>elicere</strong></span> <span class='ocrx_word' id='word_1_155' title='bbox 507 1644 586 1688; x_wconf 89' lang='lat' dir='ltr'><strong>ex</strong></span> <span class='ocrx_word' id='word_1_156' title='bbox 618 1626 965 1689; x_wconf 89' lang='lat' dir='ltr'><strong>civitatibus</strong></span> <span class='ocrx_word' id='word_1_157' title='bbox 1008 1626 1317 1690; x_wconf 88' lang='lat' dir='ltr'><strong>sociorum</strong></span> <span class='ocrx_word' id='word_1_158' title='bbox 1363 1635 1548 1703; x_wconf 87' lang='lat' dir='ltr'><strong>atque</strong></span> <span class='ocrx_word' id='word_1_159' title='bbox 1576 1628 1911 1690; x_wconf 88' lang='lat' dir='ltr'><strong>amicorum</strong></span> <span class='ocrx_word' id='word_1_160' title='bbox 1946 1630 2343 1691; x_wconf 78' lang='lat' dir='ltr'><strong>fortissimum</strong></span> 
     </span>
     <span class='ocr_line' id='line_1_18' title="bbox 246 1711 2342 1788; baseline 0.001 -17"><span class='ocrx_word' id='word_1_161' title='bbox 246 1719 438 1786; x_wconf 89' lang='lat' dir='ltr'><strong>atque</strong></span> <span class='ocrx_word' id='word_1_162' title='bbox 470 1711 1094 1787; x_wconf 83' lang='lat' dir='ltr'><strong>optimum·quemque</strong></span> <span class='ocrx_word' id='word_1_163' title='bbox 1138 1713 1213 1772; x_wconf 91' lang='lat' dir='ltr'><strong>ad</strong></span> <span class='ocrx_word' id='word_1_164' title='bbox 1256 1712 1580 1773; x_wconf 88' lang='lat' dir='ltr'><strong>subeunda</strong></span> <span class='ocrx_word' id='word_1_165' title='bbox 1617 1729 1735 1788; x_wconf 89' lang='lat' dir='ltr'><strong>pro</strong></span> <span class='ocrx_word' id='word_1_166' title='bbox 1766 1714 1963 1774; x_wconf 88' lang='lat' dir='ltr'><strong>salute</strong></span> <span class='ocrx_word' id='word_1_167' title='bbox 1993 1723 2203 1775; x_wconf 87' lang='lat' dir='ltr'><strong>nostra</strong></span> <span class='ocrx_word' id='word_1_168' title='bbox 2240 1729 2342 1788; x_wconf 93' lang='lat' dir='ltr'><strong>pe-</strong></span> 
     </span>
     <span class='ocr_line' id='line_1_19' title="bbox 247 1795 2343 1873; baseline 0.001 -20"><span class='ocrx_word' id='word_1_169' title='bbox 247 1795 459 1869; x_wconf 88' lang='lat' dir='ltr'><strong>ricula,</strong></span> <span class='ocrx_word' id='word_1_170' title='bbox 485 1811 720 1857; x_wconf 87' lang='lat' dir='ltr'><strong>summa</strong></span> <span class='ocrx_word' id='word_1_171' title='bbox 740 1795 993 1858; x_wconf 88' lang='lat' dir='ltr'><strong>utilitate</strong></span> <span class='ocrx_word' id='word_1_172' title='bbox 1017 1813 1090 1857; x_wconf 87' lang='lat' dir='ltr'><strong>ac</strong></span> <span class='ocrx_word' id='word_1_173' title='bbox 1113 1795 1377 1857; x_wconf 88' lang='lat' dir='ltr'><strong>maximo</strong></span> <span class='ocrx_word' id='word_1_174' title='bbox 1402 1813 1595 1871; x_wconf 80' lang='lat' dir='ltr'><strong>saepe</strong></span> <span class='ocrx_word' id='word_1_175' title='bbox 1626 1795 1934 1873; x_wconf 84' lang='lat' dir='ltr'><strong>praesidio</strong></span> <span class='ocrx_word' id='word_1_176' title='bbox 1976 1796 2343 1872; x_wconf 81' lang='lat' dir='ltr'><strong>periculosis</strong></span> 
     </span>
     <span class='ocr_line' id='line_1_20' title="bbox 246 1879 2343 1956; baseline -0 -16"><span class='ocrx_word' id='word_1_177' title='bbox 246 1891 437 1954; x_wconf 87' lang='lat' dir='ltr'><strong>atque</strong></span> <span class='ocrx_word' id='word_1_178' title='bbox 464 1880 706 1956; x_wconf 87' lang='lat' dir='ltr'><strong>asperis</strong></span> <span class='ocrx_word' id='word_1_179' title='bbox 738 1881 1114 1956; x_wconf 82' lang='lat' dir='ltr'><strong>temporibus</strong></span> <span class='ocrx_word' id='word_1_180' title='bbox 1151 1881 1483 1941; x_wconf 88' lang='lat' dir='ltr'><strong>carendum</strong></span> <span class='ocrx_word' id='word_1_181' title='bbox 1519 1881 1698 1942; x_wconf 92' lang='lat' dir='ltr'><strong>nobis</strong></span> <span class='ocrx_word' id='word_1_182' title='bbox 1729 1880 1863 1942; x_wconf 87' lang='lat' dir='ltr'><strong>erit.</strong></span> <span class='ocrx_word' id='word_1_183' title='bbox 1925 1879 2029 1940; x_wconf 82' lang='lat'><strong>23.</strong></span> <span class='ocrx_word' id='word_1_184' title='bbox 2073 1880 2199 1942; x_wconf 86' lang='lat' dir='ltr'><strong>Sed</strong></span> <span class='ocrx_word' id='word_1_185' title='bbox 2231 1897 2343 1955; x_wconf 89' lang='lat' dir='ltr'><strong>per</strong></span> 
     </span>
     <span class='ocr_line' id='line_1_21' title="bbox 249 1962 2344 2046; baseline 0 -21"><span class='ocrx_word' id='word_1_186' title='bbox 249 1964 407 2025; x_wconf 89' lang='lat' dir='ltr'><strong>deos</strong></span> <span class='ocrx_word' id='word_1_187' title='bbox 437 1962 844 2026; x_wconf 79' lang='lat' dir='ltr'><strong>immortales!</strong></span> <span class='ocrx_word' id='word_1_188' title='bbox 881 1981 1040 2040; x_wconf 86' lang='lat' dir='ltr'><strong>quae</strong></span> <span class='ocrx_word' id='word_1_189' title='bbox 1076 1973 1173 2026; x_wconf 89' lang='lat' dir='ltr'><strong>est</strong></span> <span class='ocrx_word' id='word_1_190' title='bbox 1192 1964 1312 2025; x_wconf 88' lang='lat' dir='ltr'><strong>ista</strong></span> <span class='ocrx_word' id='word_1_191' title='bbox 1338 1964 1623 2036; x_wconf 85' lang='lat' dir='ltr'><strong>societas,</strong></span> <span class='ocrx_word' id='word_1_192' title='bbox 1660 1981 1822 2046; x_wconf 77' lang='lat' dir='ltr'><strong>quae</strong></span> <span class='ocrx_word' id='word_1_193' title='bbox 1855 1962 2139 2039; x_wconf 88' lang='lat' dir='ltr'><strong>amicitia,</strong></span> <span class='ocrx_word' id='word_1_194' title='bbox 2173 1963 2344 2040; x_wconf 89' lang='lat' dir='ltr'><strong>quod</strong></span> 
     </span>
     <span class='ocr_line' id='line_1_22' title="bbox 254 2046 2340 2125; baseline 0 -18"><span class='ocrx_word' id='word_1_195' title='bbox 254 2049 508 2121; x_wconf 73' lang='lat' dir='ltr'><strong>foeduS‚</strong></span> <span class='ocrx_word' id='word_1_196' title='bbox 548 2057 616 2110; x_wconf 87' lang='lat' dir='ltr'><strong>ut</strong></span> <span class='ocrx_word' id='word_1_197' title='bbox 654 2056 759 2109; x_wconf 89' lang='lat' dir='ltr'><strong>aut</strong></span> <span class='ocrx_word' id='word_1_198' title='bbox 790 2057 1001 2109; x_wconf 88' lang='lat' dir='ltr'><strong>nostra</strong></span> <span class='ocrx_word' id='word_1_199' title='bbox 1031 2046 1247 2107; x_wconf 84' lang='lat' dir='ltr'><strong>civitas</strong></span> <span class='ocrx_word' id='word_1_200' title='bbox 1294 2055 1500 2108; x_wconf 83' lang='lat' dir='ltr'><strong>careat</strong></span> <span class='ocrx_word' id='word_1_201' title='bbox 1536 2047 1598 2107; x_wconf 87' lang='lat' dir='ltr'><strong>in</strong></span> <span class='ocrx_word' id='word_1_202' title='bbox 1633 2048 1764 2109; x_wconf 91' lang='lat' dir='ltr'><strong>suis</strong></span> <span class='ocrx_word' id='word_1_203' title='bbox 1796 2047 2090 2125; x_wconf 87' lang='lat' dir='ltr'><strong>periculis</strong></span> <span class='ocrx_word' id='word_1_204' title='bbox 2122 2047 2340 2108; x_wconf 88' lang='lat' dir='ltr'><strong>Massi-</strong></span> 
     </span>
     <span class='ocr_line' id='line_1_23' title="bbox 244 2129 2339 2208; baseline -0 -17"><span class='ocrx_word' id='word_1_205' title='bbox 244 2131 429 2192; x_wconf 87' lang='lat' dir='ltr'><strong>liensi</strong></span> <span class='ocrx_word' id='word_1_206' title='bbox 459 2140 940 2208; x_wconf 85' lang='lat' dir='ltr'><strong>propugnatore,</strong></span> <span class='ocrx_word' id='word_1_207' title='bbox 978 2138 1182 2190; x_wconf 88' lang='lat' dir='ltr'><strong>careat</strong></span> <span class='ocrx_word' id='word_1_208' title='bbox 1212 2129 1548 2200; x_wconf 87' lang='lat' dir='ltr'><strong>Gaditano,</strong></span> <span class='ocrx_word' id='word_1_209' title='bbox 1585 2139 1788 2193; x_wconf 88' lang='lat' dir='ltr'><strong>careat</strong></span> <span class='ocrx_word' id='word_1_210' title='bbox 1820 2131 2180 2207; x_wconf 88' lang='lat' dir='ltr'><strong>Saguntino,</strong></span> <span class='ocrx_word' id='word_1_211' title='bbox 2218 2139 2339 2203; x_wconf 85' lang='lat' dir='ltr'><strong>aut,</strong></span> 
     </span>
     <span class='ocr_line' id='line_1_24' title="bbox 249 2212 2337 2291; baseline -0 -16"><span class='ocrx_word' id='word_1_212' title='bbox 249 2215 305 2275; x_wconf 89' lang='lat' dir='ltr'><strong>si</strong></span> <span class='ocrx_word' id='word_1_213' title='bbox 338 2216 477 2290; x_wconf 92' lang='lat' dir='ltr'><strong>quis</strong></span> <span class='ocrx_word' id='word_1_214' title='bbox 510 2232 589 2276; x_wconf 84' lang='lat' dir='ltr'><strong>ex</strong></span> <span class='ocrx_word' id='word_1_215' title='bbox 617 2215 714 2276; x_wconf 88' lang='lat' dir='ltr'><strong>his</strong></span> <span class='ocrx_word' id='word_1_216' title='bbox 746 2214 997 2291; x_wconf 90' lang='lat' dir='ltr'><strong>populis</strong></span> <span class='ocrx_word' id='word_1_217' title='bbox 1039 2213 1119 2275; x_wconf 83' lang='lat' dir='ltr'><strong>sit</strong></span> <span class='ocrx_word' id='word_1_218' title='bbox 1159 2222 1413 2275; x_wconf 82' lang='lat' dir='ltr'><strong>exortus</strong></span> <span class='ocrx_word' id='word_1_219' title='bbox 1462 2212 1567 2289; x_wconf 89' lang='lat' dir='ltr'><strong>qui</strong></span> <span class='ocrx_word' id='word_1_220' title='bbox 1596 2223 1844 2276; x_wconf 88' lang='lat' dir='ltr'><strong>nostros</strong></span> <span class='ocrx_word' id='word_1_221' title='bbox 1887 2216 2080 2276; x_wconf 90' lang='lat' dir='ltr'><strong>duces</strong></span> <span class='ocrx_word' id='word_1_222' title='bbox 2109 2213 2337 2276; x_wconf 83' lang='lat' dir='ltr'><strong>auxilio</strong></span> 
     </span>
     <span class='ocr_line' id='line_1_25' title="bbox 249 2296 2339 2374; baseline 0 -17"><span class='ocrx_word' id='word_1_223' title='bbox 249 2298 512 2373; x_wconf 82' lang='lat' dir='ltr'><strong>laboriS,</strong></span> <span class='ocrx_word' id='word_1_224' title='bbox 543 2308 921 2360; x_wconf 84' lang='lat' dir='ltr'><strong>commeatus</strong></span> <span class='ocrx_word' id='word_1_225' title='bbox 963 2297 1239 2374; x_wconf 89' lang='lat' dir='ltr'><strong>periculo</strong></span> <span class='ocrx_word' id='word_1_226' title='bbox 1278 2314 1393 2359; x_wconf 90' lang='lat' dir='ltr'><strong>suo</strong></span> <span class='ocrx_word' id='word_1_227' title='bbox 1422 2296 1674 2371; x_wconf 87' lang='lat' dir='ltr'><strong>iuverit,</strong></span> <span class='ocrx_word' id='word_1_228' title='bbox 1720 2297 1824 2373; x_wconf 87' lang='lat' dir='ltr'><strong>qui</strong></span> <span class='ocrx_word' id='word_1_229' title='bbox 1855 2316 1993 2360; x_wconf 89' lang='lat' dir='ltr'><strong>cum</strong></span> <span class='ocrx_word' id='word_1_230' title='bbox 2017 2298 2198 2360; x_wconf 87' lang='lat' dir='ltr'><strong>hoste</strong></span> <span class='ocrx_word' id='word_1_231' title='bbox 2231 2314 2339 2358; x_wconf 94' lang='lat' dir='ltr'><strong>no-</strong></span> 
     </span>
     <span class='ocr_line' id='line_1_26' title="bbox 248 2381 2339 2458; baseline -0 -16"><span class='ocrx_word' id='word_1_232' title='bbox 248 2391 378 2444; x_wconf 87' lang='lat' dir='ltr'><strong>stro</strong></span> <span class='ocrx_word' id='word_1_233' title='bbox 411 2381 755 2444; x_wconf 90' lang='lat' dir='ltr'><strong>comminus</strong></span> <span class='ocrx_word' id='word_1_234' title='bbox 785 2382 844 2443; x_wconf 93' lang='lat' dir='ltr'><strong>in</strong></span> <span class='ocrx_word' id='word_1_235' title='bbox 875 2381 1008 2443; x_wconf 87' lang='lat' dir='ltr'><strong>acie</strong></span> <span class='ocrx_word' id='word_1_236' title='bbox 1036 2398 1226 2457; x_wconf 88' lang='lat' dir='ltr'><strong>saepe</strong></span> <span class='ocrx_word' id='word_1_237' title='bbox 1257 2381 1563 2458; x_wconf 85' lang='lat' dir='ltr'><strong>pugnarit,</strong></span> <span class='ocrx_word' id='word_1_238' title='bbox 1608 2381 1712 2458; x_wconf 89' lang='lat' dir='ltr'><strong>qui</strong></span> <span class='ocrx_word' id='word_1_239' title='bbox 1742 2398 1812 2443; x_wconf 88' lang='lat' dir='ltr'><strong>se</strong></span> <span class='ocrx_word' id='word_1_240' title='bbox 1842 2399 2032 2458; x_wconf 83' lang='lat' dir='ltr'><strong>saepe</strong></span> <span class='ocrx_word' id='word_1_241' title='bbox 2062 2382 2201 2444; x_wconf 77' lang='lat' dir='ltr'><strong>tefis</strong></span> <span class='ocrx_word' id='word_1_242' title='bbox 2230 2382 2339 2442; x_wconf 90' lang='lat' dir='ltr'><strong>ho·</strong></span> 
     </span>
     <span class='ocr_line' id='line_1_27' title="bbox 250 2465 2337 2543; baseline -0.001 -17"><span class='ocrx_word' id='word_1_243' title='bbox 250 2465 454 2540; x_wconf 82' lang='lat' dir='ltr'><strong>stium,</strong></span> <span class='ocrx_word' id='word_1_244' title='bbox 488 2468 592 2543; x_wconf 91' lang='lat' dir='ltr'><strong>qui</strong></span> <span class='ocrx_word' id='word_1_245' title='bbox 620 2466 992 2528; x_wconf 88' lang='lat' dir='ltr'><strong>dimicationi</strong></span> <span class='ocrx_word' id='word_1_246' title='bbox 1024 2466 1274 2541; x_wconf 86' lang='lat' dir='ltr'><strong>capitis,</strong></span> <span class='ocrx_word' id='word_1_247' title='bbox 1307 2467 1409 2541; x_wconf 88' lang='lat' dir='ltr'><strong>qui</strong></span> <span class='ocrx_word' id='word_1_248' title='bbox 1441 2467 1620 2529; x_wconf 91' lang='lat' dir='ltr'><strong>morti</strong></span> <span class='ocrx_word' id='word_1_249' title='bbox 1650 2465 1975 2541; x_wconf 87' lang='lat' dir='ltr'><strong>obiecerit,</strong></span> <span class='ocrx_word' id='word_1_250' title='bbox 2002 2468 2165 2527; x_wconf 90' lang='lat' dir='ltr'><strong>nulla</strong></span> <span class='ocrx_word' id='word_1_251' title='bbox 2196 2481 2337 2525; x_wconf 90' lang='lat' dir='ltr'><strong>con·</strong></span> 
     </span>
     <span class='ocr_line' id='line_1_28' title="bbox 252 2548 2336 2625; baseline -0.001 -17"><span class='ocrx_word' id='word_1_252' title='bbox 252 2549 497 2611; x_wconf 90' lang='lat' dir='ltr'><strong>dicione</strong></span> <span class='ocrx_word' id='word_1_253' title='bbox 539 2551 719 2611; x_wconf 88' lang='lat' dir='ltr'><strong>huius</strong></span> <span class='ocrx_word' id='word_1_254' title='bbox 764 2550 1024 2612; x_wconf 88' lang='lat' dir='ltr'><strong>civitatis</strong></span> <span class='ocrx_word' id='word_1_255' title='bbox 1067 2549 1355 2625; x_wconf 89' lang='lat' dir='ltr'><strong>praemiis</strong></span> <span class='ocrx_word' id='word_1_256' title='bbox 1399 2550 1583 2610; x_wconf 82' lang='lat' dir='ltr'><strong>adfici</strong></span> <span class='ocrx_word' id='word_1_257' title='bbox 1628 2550 1872 2625; x_wconf 71' lang='lat' dir='ltr'><strong>possit?</strong></span> <span class='ocrx_word' id='word_1_258' title='bbox 1928 2548 2030 2611; x_wconf 77' lang='lat'><strong>24.</strong></span> <span class='ocrx_word' id='word_1_259' title='bbox 2101 2550 2336 2610; x_wconf 88' lang='lat' dir='ltr'><strong>Etenim</strong></span> 
     </span>
     <span class='ocr_line' id='line_1_29' title="bbox 250 2631 2338 2710; baseline -0.002 -17"><span class='ocrx_word' id='word_1_260' title='bbox 250 2632 309 2693; x_wconf 91' lang='lat' dir='ltr'><strong>in</strong></span> <span class='ocrx_word' id='word_1_261' title='bbox 351 2635 645 2710; x_wconf 89' lang='lat' dir='ltr'><strong>populum</strong></span> <span class='ocrx_word' id='word_1_262' title='bbox 668 2636 1013 2697; x_wconf 89' lang='lat' dir='ltr'><strong>Romanum</strong></span> <span class='ocrx_word' id='word_1_263' title='bbox 1042 2648 1233 2708; x_wconf 84' lang='lat' dir='ltr'><strong>grave</strong></span> <span class='ocrx_word' id='word_1_264' title='bbox 1266 2641 1390 2705; x_wconf 88' lang='lat' dir='ltr'><strong>est,</strong></span> <span class='ocrx_word' id='word_1_265' title='bbox 1420 2649 1543 2693; x_wconf 91' lang='lat' dir='ltr'><strong>non</strong></span> <span class='ocrx_word' id='word_1_266' title='bbox 1575 2649 1766 2708; x_wconf 90' lang='lat' dir='ltr'><strong>posse</strong></span> <span class='ocrx_word' id='word_1_267' title='bbox 1796 2634 1881 2694; x_wconf 88' lang='lat' dir='ltr'><strong>uti</strong></span> <span class='ocrx_word' id='word_1_268' title='bbox 1911 2631 2103 2693; x_wconf 89' lang='lat' dir='ltr'><strong>sociis</strong></span> <span class='ocrx_word' id='word_1_269' title='bbox 2135 2632 2338 2691; x_wconf 85' lang='lat' dir='ltr'><strong>excel-</strong></span> 
     </span>
     <span class='ocr_line' id='line_1_30' title="bbox 249 2713 2338 2794; baseline 0 -19"><span class='ocrx_word' id='word_1_270' title='bbox 249 2717 395 2777; x_wconf 89' lang='lat' dir='ltr'><strong>lenti</strong></span> <span class='ocrx_word' id='word_1_271' title='bbox 422 2716 642 2781; x_wconf 82' lang='lat' dir='ltr'><strong>virtute</strong></span> <span class='ocrx_word' id='word_1_272' title='bbox 676 2717 998 2794; x_wconf 84' lang='lat' dir='ltr'><strong>praeditiS‚</strong></span> <span class='ocrx_word' id='word_1_273' title='bbox 1048 2718 1153 2793; x_wconf 91' lang='lat' dir='ltr'><strong>qui</strong></span> <span class='ocrx_word' id='word_1_274' title='bbox 1197 2716 1386 2778; x_wconf 88' lang='lat' dir='ltr'><strong>velint</strong></span> <span class='ocrx_word' id='word_1_275' title='bbox 1426 2731 1565 2776; x_wconf 93' lang='lat' dir='ltr'><strong>cum</strong></span> <span class='ocrx_word' id='word_1_276' title='bbox 1612 2715 1899 2791; x_wconf 78' lang='lat' dir='ltr'><strong>pericufis</strong></span> <span class='ocrx_word' id='word_1_277' title='bbox 1946 2713 2173 2775; x_wconf 90' lang='lat' dir='ltr'><strong>nostris</strong></span> <span class='ocrx_word' id='word_1_278' title='bbox 2221 2731 2338 2777; x_wconf 87' lang='lat' dir='ltr'><strong>sua</strong></span> 
     </span>
     <span class='ocr_line' id='line_1_31' title="bbox 250 2798 2328 2876; baseline -0 -15"><span class='ocrx_word' id='word_1_279' title='bbox 250 2802 734 2864; x_wconf 79' lang='lat' dir='ltr'><strong>communicare=</strong></span> <span class='ocrx_word' id='word_1_280' title='bbox 771 2803 830 2861; x_wconf 89' lang='lat' dir='ltr'><strong>in</strong></span> <span class='ocrx_word' id='word_1_281' title='bbox 864 2800 1074 2863; x_wconf 87' lang='lat' dir='ltr'><strong>socios</strong></span> <span class='ocrx_word' id='word_1_282' title='bbox 1110 2816 1259 2861; x_wconf 87' lang='lat' dir='ltr'><strong>vero</strong></span> <span class='ocrx_word' id='word_1_283' title='bbox 1293 2800 1468 2876; x_wconf 89' lang='lat' dir='ltr'><strong>ipsos</strong></span> <span class='ocrx_word' id='word_1_284' title='bbox 1502 2807 1561 2859; x_wconf 89' lang='lat' dir='ltr'><strong>et</strong></span> <span class='ocrx_word' id='word_1_285' title='bbox 1589 2799 1647 2858; x_wconf 91' lang='lat' dir='ltr'><strong>in</strong></span> <span class='ocrx_word' id='word_1_286' title='bbox 1683 2814 1815 2870; x_wconf 83' lang='lat' dir='ltr'><strong>eoS,</strong></span> <span class='ocrx_word' id='word_1_287' title='bbox 1848 2798 1928 2857; x_wconf 92' lang='lat' dir='ltr'><strong>de</strong></span> <span class='ocrx_word' id='word_1_288' title='bbox 1964 2798 2189 2873; x_wconf 87' lang='lat' dir='ltr'><strong>quibus</strong></span> <span class='ocrx_word' id='word_1_289' title='bbox 2213 2798 2328 2875; x_wconf 81' lang='lat' dir='ltr'><strong>agi-</strong></span> 
     </span>
     <span class='ocr_line' id='line_1_32' title="bbox 251 2881 2336 2960; baseline -0.001 -15"><span class='ocrx_word' id='word_1_290' title='bbox 251 2902 417 2960; x_wconf 77' lang='lat' dir='ltr'><strong>mu8‚</strong></span> <span class='ocrx_word' id='word_1_291' title='bbox 462 2887 816 2949; x_wconf 78' lang='lat' dir='ltr'><strong>foederatos</strong></span> <span class='ocrx_word' id='word_1_292' title='bbox 854 2884 1218 2946; x_wconf 89' lang='lat' dir='ltr'><strong>iniuriosum</strong></span> <span class='ocrx_word' id='word_1_293' title='bbox 1261 2893 1322 2945; x_wconf 88' lang='lat' dir='ltr'><strong>et</strong></span> <span class='ocrx_word' id='word_1_294' title='bbox 1360 2881 1867 2946; x_wconf 88' lang='lat' dir='ltr'><strong>contumeliosum</strong></span> <span class='ocrx_word' id='word_1_295' title='bbox 1909 2891 2005 2943; x_wconf 88' lang='lat' dir='ltr'><strong>est</strong></span> <span class='ocrx_word' id='word_1_296' title='bbox 2037 2881 2131 2945; x_wconf 90' lang='lat' dir='ltr'><strong>his</strong></span> <span class='ocrx_word' id='word_1_297' title='bbox 2162 2899 2336 2960; x_wconf 89' lang='lat' dir='ltr'><strong>prae-</strong></span> 
     </span>
     <span class='ocr_line' id='line_1_33' title="bbox 251 2964 2337 3032; baseline -0.001 -4"><span class='ocrx_word' id='word_1_298' title='bbox 251 2969 387 3028; x_wconf 90' lang='lat' dir='ltr'><strong>miis</strong></span> <span class='ocrx_word' id='word_1_299' title='bbox 412 2978 473 3032; x_wconf 92' lang='lat' dir='ltr'><strong>et</strong></span> <span class='ocrx_word' id='word_1_300' title='bbox 494 2969 591 3031; x_wconf 89' lang='lat' dir='ltr'><strong>his</strong></span> <span class='ocrx_word' id='word_1_301' title='bbox 614 2968 954 3031; x_wconf 89' lang='lat' dir='ltr'><strong>honoribus</strong></span> <span class='ocrx_word' id='word_1_302' title='bbox 979 2971 1272 3030; x_wconf 88' lang='lat' dir='ltr'><strong>exclusos</strong></span> <span class='ocrx_word' id='word_1_303' title='bbox 1296 2985 1441 3030; x_wconf 89' lang='lat' dir='ltr'><strong>esse</strong></span> <span class='ocrx_word' id='word_1_304' title='bbox 1462 2964 1861 3029; x_wconf 89' lang='lat' dir='ltr'><strong>fidelissimos</strong></span> <span class='ocrx_word' id='word_1_305' title='bbox 1885 2974 1946 3028; x_wconf 88' lang='lat' dir='ltr'><strong>et</strong></span> <span class='ocrx_word' id='word_1_306' title='bbox 1969 2966 2337 3029; x_wconf 85' lang='lat' dir='ltr'><strong>coniunctis·</strong></span> 
     </span>
     <span class='ocr_line' id='line_1_34' title="bbox 252 3051 2337 3129; baseline -0.002 -15"><span class='ocrx_word' id='word_1_307' title='bbox 252 3053 445 3114; x_wconf 82' lang='lat' dir='ltr'><strong>simo&#39;s</strong></span> <span class='ocrx_word' id='word_1_308' title='bbox 475 3053 715 3127; x_wconf 81' lang='lat' dir='ltr'><strong>socioS,</strong></span> <span class='ocrx_word' id='word_1_309' title='bbox 762 3070 923 3128; x_wconf 87' lang='lat' dir='ltr'><strong>quae</strong></span> <span class='ocrx_word' id='word_1_310' title='bbox 970 3061 1216 3128; x_wconf 88' lang='lat' dir='ltr'><strong>pateant</strong></span> <span class='ocrx_word' id='word_1_311' title='bbox 1257 3051 1704 3129; x_wconf 82' lang='lat' dir='ltr'><strong>stipendiariis,</strong></span> <span class='ocrx_word' id='word_1_312' title='bbox 1743 3059 1994 3127; x_wconf 85' lang='lat' dir='ltr'><strong>pateant</strong></span> <span class='ocrx_word' id='word_1_313' title='bbox 2036 3051 2337 3122; x_wconf 80' lang='lat' dir='ltr'><strong>hostibuS,</strong></span> 
     </span>
     <span class='ocr_line' id='line_1_35' title="bbox 254 3132 2332 3220; baseline -0.002 -23"><span class='ocrx_word' id='word_1_314' title='bbox 254 3145 498 3211; x_wconf 86' lang='lat' dir='ltr'><strong>pateant</strong></span> <span class='ocrx_word' id='word_1_315' title='bbox 528 3153 718 3214; x_wconf 86' lang='lat' dir='ltr'><strong>saepe</strong></span> <span class='ocrx_word' id='word_1_316' title='bbox 750 3135 970 3199; x_wconf 89' lang='lat' dir='ltr'><strong>servis.</strong></span> <span class='ocrx_word' id='word_1_317' title='bbox 1055 3136 1206 3197; x_wconf 82' lang='lat' dir='ltr'><strong>Nam</strong></span> <span class='ocrx_word' id='word_1_318' title='bbox 1239 3145 1301 3197; x_wconf 90' lang='lat' dir='ltr'><strong>et</strong></span> <span class='ocrx_word' id='word_1_319' title='bbox 1330 3134 1767 3212; x_wconf 86' lang='lat' dir='ltr'><strong>stipendiarios</strong></span> <span class='ocrx_word' id='word_1_320' title='bbox 1796 3152 1875 3196; x_wconf 89' lang='lat' dir='ltr'><strong>ex</strong></span> <span class='ocrx_word' id='word_1_321' title='bbox 1904 3135 2146 3220; x_wconf 82' lang='lat' dir='ltr'><strong>Africa,</strong></span> <span class='ocrx_word' id='word_1_322' title='bbox 2180 3132 2332 3193; x_wconf 90' lang='lat' dir='ltr'><strong>Sici-</strong></span> 
     </span>
     <span class='ocr_line' id='line_1_36' title="bbox 252 3216 2336 3296; baseline -0.002 -18"><span class='ocrx_word' id='word_1_323' title='bbox 252 3220 364 3295; x_wconf 89' lang='lat' dir='ltr'><strong>lia,</strong></span> <span class='ocrx_word' id='word_1_324' title='bbox 393 3220 707 3295; x_wconf 87' lang='lat' dir='ltr'><strong>Sardinia,</strong></span> <span class='ocrx_word' id='word_1_325' title='bbox 783 3221 1004 3294; x_wconf 84' lang='lat' dir='ltr'><strong>ceteris</strong></span> <span class='ocrx_word' id='word_1_326' title='bbox 1040 3218 1377 3296; x_wconf 87' lang='lat' dir='ltr'><strong>provinciis</strong></span> <span class='ocrx_word' id='word_1_327' title='bbox 1419 3222 1642 3281; x_wconf 89' lang='lat' dir='ltr'><strong>multos</strong></span> <span class='ocrx_word' id='word_1_328' title='bbox 1672 3218 1916 3280; x_wconf 86' lang='lat' dir='ltr'><strong>civitate</strong></span> <span class='ocrx_word' id='word_1_329' title='bbox 1953 3219 2219 3279; x_wconf 85' lang='lat' dir='ltr'><strong>donatos</strong></span> <span class='ocrx_word' id='word_1_330' title='bbox 2250 3216 2336 3274; x_wconf 88' lang='lat' dir='ltr'><strong>vi-</strong></span> 
     </span>
     <span class='ocr_line' id='line_1_37' title="bbox 253 3300 2337 3382; baseline -0.003 -19"><span class='ocrx_word' id='word_1_331' title='bbox 253 3304 485 3378; x_wconf 87' lang='lat' dir='ltr'><strong>demus,</strong></span> <span class='ocrx_word' id='word_1_332' title='bbox 517 3312 592 3379; x_wconf 90' lang='lat' dir='ltr'><strong>et,</strong></span> <span class='ocrx_word' id='word_1_333' title='bbox 628 3304 732 3382; x_wconf 90' lang='lat' dir='ltr'><strong>qui</strong></span> <span class='ocrx_word' id='word_1_334' title='bbox 760 3305 976 3366; x_wconf 88' lang='lat' dir='ltr'><strong>hostes</strong></span> <span class='ocrx_word' id='word_1_335' title='bbox 1011 3305 1094 3365; x_wconf 90' lang='lat' dir='ltr'><strong>ad</strong></span> <span class='ocrx_word' id='word_1_336' title='bbox 1123 3310 1373 3365; x_wconf 90' lang='lat' dir='ltr'><strong>nostros</strong></span> <span class='ocrx_word' id='word_1_337' title='bbox 1396 3303 1797 3379; x_wconf 87' lang='lat' dir='ltr'><strong>imperatores</strong></span> <span class='ocrx_word' id='word_1_338' title='bbox 1831 3300 2249 3376; x_wconf 77' lang='lat' dir='ltr'><strong>perfugissent</strong></span> <span class='ocrx_word' id='word_1_339' title='bbox 2276 3304 2337 3357; x_wconf 84' lang='lat' dir='ltr'><strong>et</strong></span> 
     </span>
     <span class='ocr_line' id='line_1_38' title="bbox 254 3381 2335 3464; baseline -0.006 -18"><span class='ocrx_word' id='word_1_340' title='bbox 254 3403 470 3463; x_wconf 79' lang='lat' dir='ltr'><strong>magno</strong></span> <span class='ocrx_word' id='word_1_341' title='bbox 493 3388 634 3450; x_wconf 89' lang='lat' dir='ltr'><strong>usui</strong></span> <span class='ocrx_word' id='word_1_342' title='bbox 656 3388 744 3449; x_wconf 83' lang='lat' dir='ltr'><strong>rei</strong></span> <span class='ocrx_word' id='word_1_343' title='bbox 769 3388 1052 3464; x_wconf 89' lang='lat' dir='ltr'><strong>publicae</strong></span> <span class='ocrx_word' id='word_1_344' title='bbox 1081 3396 1329 3449; x_wconf 87' lang='lat' dir='ltr'><strong>nostrae</strong></span> <span class='ocrx_word' id='word_1_345' title='bbox 1360 3386 1637 3457; x_wconf 78' lang='lat' dir='ltr'><strong>fuissent,</strong></span> <span class='ocrx_word' id='word_1_346' title='bbox 1670 3384 1899 3448; x_wconf 89' lang='lat' dir='ltr'><strong>scimus</strong></span> <span class='ocrx_word' id='word_1_347' title='bbox 1925 3381 2167 3441; x_wconf 88' lang='lat' dir='ltr'><strong>civitate</strong></span> <span class='ocrx_word' id='word_1_348' title='bbox 2191 3393 2335 3438; x_wconf 90' lang='lat' dir='ltr'><strong>esse</strong></span> 
     </span>
     <span class='ocr_line' id='line_1_39' title="bbox 255 3458 2335 3548; baseline -0.01 -18"><span class='ocrx_word' id='word_1_349' title='bbox 255 3471 543 3533; x_wconf 83' lang='lat' dir='ltr'><strong>donatos=</strong></span> <span class='ocrx_word' id='word_1_350' title='bbox 574 3488 792 3535; x_wconf 86' lang='lat' dir='ltr'><strong>servos</strong></span> <span class='ocrx_word' id='word_1_351' title='bbox 815 3471 1100 3548; x_wconf 90' lang='lat' dir='ltr'><strong>denique,</strong></span> <span class='ocrx_word' id='word_1_352' title='bbox 1120 3488 1381 3547; x_wconf 87' lang='lat' dir='ltr'><strong>quorum</strong></span> <span class='ocrx_word' id='word_1_353' title='bbox 1396 3469 1515 3544; x_wconf 89' lang='lat' dir='ltr'><strong>ius,</strong></span> <span class='ocrx_word' id='word_1_354' title='bbox 1541 3468 1803 3537; x_wconf 80' lang='lat' dir='ltr'><strong>fortuna,</strong></span> <span class='ocrx_word' id='word_1_355' title='bbox 1827 3461 2109 3524; x_wconf 86' lang='lat' dir='ltr'><strong>condicio</strong></span> <span class='ocrx_word' id='word_1_356' title='bbox 2128 3458 2335 3515; x_wconf 83' lang='lat' dir='ltr'><strong>infima</strong></span> 
     </span>
    </p>
   </div>
  </div>
 </body>
</html>
