2514 3928
38 210 138 264 101
564 246 567 249 ι
675 202 841 261 CAP.
874 209 1140 264 27-—30-
1180 207 1232 269 s.
1263 210 1332 266 67
1351 211 1529 266 -72
1998 203 2130 265 199

29 369 180 414 esse
220 352 388 413 illum
436 369 615 413 suum
647 361 708 412 et
743 352 1005 412 familiae
1050 355 1251 432 [suae]
1288 353 1708 414 nobilissimae
1750 352 1974 414 dicere.
2022 351 2126 417 70.

30 437 167 511 Quo
203 437 341 496 loco
374 451 604 508 quaero
647 451 724 494 ex
756 444 815 496 te
846 452 989 496 uum
1030 434 1093 496 id
1122 435 1180 494 in
1206 435 1433 498 iudicio
1465 437 1677 498 Calidii
1706 445 1917 512 puteS,
1950 439 2120 512 quod

28 537 152 594 ego
189 519 250 578 in
281 516 511 577 Plancii
538 517 726 589 facin,
771 527 877 579 aut
896 518 1206 579 Metellum
1233 519 1434 592 Pium,
1479 521 1533 580 si
1562 522 1795 581 Romae
1837 537 1982 582 esse
2009 539 2121 597 po-

27 602 275 674 tuisset,
304 609 409 661 aut
434 609 662 677 patrem
686 601 837 674 eius,
864 603 916 662 si
943 601 1220 677 vixisset,
1243 619 1367 663 non
1393 602 1584 663 fuisse
1608 604 1926 665 facturum.
1968 605 2122 665 Nam

32 684 257 760 Opimii
288 684 532 760 quidem
568 683 878 746 calamitas
920 683 1145 746 utinam
1189 701 1268 746 ex
1308 684 1620 746 hominum
1647 687 1941 748 memoria
1975 705 2120 763 pos-

35 779 134 830 set
168 767 376 828 evelli!
418 769 658 829 Vulnus
689 769 835 829 illud
870 768 960 829 rei
987 768 1302 844 publicae,
1343 770 1619 830 dedecus
1647 768 1829 830 huius
1858 770 2121 845 imperii,

31 851 345 926 turpitudo
378 852 589 926 populi
615 852 890 925 Romani,
923 868 1044 914 non
1081 852 1375 914 iudicium
1398 854 1741 929 putandum
1768 861 1881 915 est.
1926 853 2120 926 Quam

34 935 200 996 enim
228 935 311 994 illi
342 935 611 1009 iudices,
658 937 711 996 si
748 936 984 998 iudices
1015 945 1077 998 et
1116 953 1238 997 non
1284 936 1630 1013 parricidae
1661 937 1895 1012 patriae
1924 936 2122 998 nomi-

41 1019 228 1079 nandi
260 1019 430 1095 sunt,
466 1019 811 1094 graviorem
844 1027 1172 1095 potuerunt
1196 1021 1287 1082 rei
1317 1019 1600 1096 publicae
1630 1019 1910 1096 infligere
1942 1036 2119 1082 secu-

33 1104 177 1177 rim,
210 1119 392 1177 quam
438 1119 625 1178 quum
656 1103 823 1163 illum
855 1120 890 1163 e
931 1103 1175 1165 civitate
1211 1103 1541 1178 eiecerunt,
1573 1104 1677 1178 qui
1711 1114 1958 1179 praetor
1985 1105 2120 1165 fini·

29 1187 198 1258 time,
237 1187 453 1246 consul
483 1185 825 1247 domestico
860 1186 1022 1246 bello
1055 1202 1186 1246 rem
1217 1187 1521 1260 publicam
1551 1187 1877 1248 liberarat?
1906 1185 2007 1248 71.
2040 1193 2121 1249 At

33 1269 195 1329 enim
242 1268 423 1328 nimis
466 1284 582 1342 ego
627 1283 912 1342 magnum
936 1267 1303 1328 beneficium
1330 1269 1560 1328 Plancii
1598 1269 1756 1329 facio
1791 1279 1879 1344 et,
1908 1281 1974 1331 ut
2005 1271 2117 1344 aiS,

34 1353 100 1412 id
137 1350 345 1411 verbis
375 1365 717 1424 exaggero=
769 1350 948 1425 quasi
977 1366 1126 1410 vero
1153 1366 1251 1410 me
1278 1358 1385 1411 tuo
1414 1350 1704 1417 arbitratu
1733 1360 1793 1412 et
1825 1369 1949 1412 non
1980 1369 2118 1413 meo

28 1444 270 1513 gratum
297 1451 440 1494 esse
484 1441 784 1508 oporteat.
873 1434 1047 1508 Quod
1080 1432 1260 1494 istius
1288 1442 1518 1494 tantum
1548 1433 1855 1506 meritum,
1887 1434 2123 1509 inquit?

34 1523 130 1580 An
172 1517 315 1592 quia
354 1526 413 1578 te
441 1534 562 1578 non
594 1516 935 1591 iugulavit?
971 1519 1161 1577 Immo
1191 1533 1373 1588 vero,
1420 1518 1563 1592 quia
1604 1516 1862 1591 iugulari
1893 1534 2119 1592 passus

37 1620 161 1664 non
195 1610 308 1662 est.
369 1601 498 1674 Quo
538 1601 781 1675 quidem
815 1608 878 1662 tu
909 1601 1066 1675 loco,
1101 1600 1294 1674 Cassi,
1325 1599 1505 1661 etiam
1542 1599 1816 1676 purgasti
1837 1601 2121 1662 inimicos

33 1702 212 1748 meos
259 1701 561 1760 meaeque
607 1683 766 1745 vitae
810 1686 1009 1745 nullas
1067 1685 1145 1744 ab
1184 1685 1304 1745 illis
1346 1683 1605 1745 insidias
1653 1683 1846 1745 fuisse
1891 1684 2122 1746 dixisti.

32 1769 244 1831 Posuit
288 1771 406 1830 hoc
449 1768 611 1830 idem
650 1767 1020 1829 Laterensis.
1108 1767 1298 1841 Quam
1342 1768 1421 1828 ob
1466 1784 1594 1827 rem
1626 1769 1833 1842 paullo
1866 1777 2010 1844 post
2041 1769 2119 1828 de

36 1853 155 1915 isto
202 1855 378 1927 plura
411 1853 644 1912 dicam:
683 1853 761 1912 de
794 1862 854 1913 te
884 1860 1113 1914 tantum
1139 1851 1420 1927 require,
1460 1859 1658 1912 utrum
1693 1860 1873 1926 putes
1908 1851 2116 1913 odium

35 1935 96 1996 in
130 1953 228 1996 me
258 1937 565 1997 mediocre
593 1935 972 1997 inimicorum
1003 1935 1198 1997 fuisse
1236 1970 1313 1982 —
1360 1936 1528 2009 quod
1558 1936 1669 1997 fuit
1696 1936 1957 1998 ullorum
1986 1952 2115 1998 um-

34 2036 223 2093 quam
269 2020 660 2079 barbarorum
702 2028 822 2079 tam
854 2020 1113 2080 immane
1154 2036 1227 2080 ac
1269 2027 1416 2099 tam,
1438 2021 1684 2081 crudele
1729 2020 1791 2079 in
1837 2020 2120 2082 hostem?

35 2137 142 2175 --‚
196 2118 273 2160 an
322 2102 514 2162 fuisse
555 2102 613 2161 in
655 2101 731 2161 iis
763 2102 1026 2178 aliquem
1068 2112 1172 2165 aut
1202 2105 1399 2163 famae
1443 2115 1668 2166 metum
1711 2112 1815 2164 aut
1856 2120 2114 2179 poenae,

37 2201 301 2261 quorum
338 2183 543 2245 vidisti
572 2194 697 2246 toto
728 2185 830 2246 illo
860 2203 1021 2248 anno
1058 2189 1284 2248 serrum
1315 2186 1373 2247 in
1413 2188 1564 2261 soro,
1597 2188 1903 2247 flammam
1921 2186 1981 2246 in
2007 2188 2113 2247 de·

38 2270 263 2343 lubris,
297 2268 415 2328 vim
451 2270 509 2327 in
538 2276 664 2331 tota
699 2270 847 2330 urbe
875 2271 1153 2331 versari?
1183 2272 1311 2330 Nisi
1345 2273 1500 2332 sorte
1531 2270 1849 2332 existimas
1881 2287 1993 2332 eos
2024 2270 2117 2331 id-

32 2353 203 2414 circo
235 2353 397 2414 vitae
428 2369 601 2413 meae
636 2352 1023 2429 pepercisse,
1067 2356 1235 2429 'quod
1280 2355 1357 2414 de
1395 2355 1597 2416 reditu
1619 2374 1757 2417 meo
1782 2354 2115 2417 nihiltime·

33 2445 188 2497 rent.
233 2437 310 2497 Et
339 2452 703 2513 quemquam
737 2446 914 2513 putas
946 2438 1140 2499 'ruisse
1174 2447 1295 2499 tam
1328 2440 1657 2499 excordem
1698 2438 1803 2514 qui
1836 2438 1993 2498 vivis
2017 2437 2115 2497 his

37 2521 235 2581 stante
267 2521 418 2581 urbe
451 2529 510 2581 ct
539 2520 706 2581 curia
734 2522 1228 2592 rediturumme,
1264 2519 1318 2579 si
1348 2521 1650 2593 viverem,
1684 2538 1804 2581 non
1840 2528 2120 2596 putaret?

36 2604 226 2678 Quam
252 2604 330 2665 ob
355 2621 481 2664 rem
506 2622 623 2665 non
657 2604 849 2665 debes
880 2606 934 2664 is
969 2605 1152 2666 homo
1186 2611 1247 2664 et
1278 2604 1331 2663 is
1362 2604 1513 2664 civis
1537 2604 1908 2680 ‘praedicare
1930 2602 2120 2662 vitam

36 2704 264 2761 meam,
308 2705 465 2762 quae
514 2688 802 2748 fidelitate
835 2687 1167 2747 amicoium
1200 2695 1564 2747 conservata
1592 2687 1698 2758 sit,
1735 2684 2123 2746 inimicorum

34 2770 296 2831 molesti·
301 2788 321 2829 ι
349 2789 467 2831 nou
504 2788 647 2832 esse
684 2774 1033 2846 appetitam.

161 2853 341 2913 XXX.
379 2852 478 2917 72.
516 2856 937 2929 Respondebo
968 2855 1075 2915 tibi
1105 2869 1297 2927 nunc,
1330 2852 1715 2926 LaterensiS,
1752 2852 1954 2914 minus
1991 2855 2111 2916 for-

34 2949 206 2999 tasse
229 2938 636 3011 vehementer,
669 2955 849 3013 quam
875 2939 1069 2999 abste
1093 2955 1228 2999 sum
1253 2943 1650 3013 provocatuS,
1693 2938 1806 2999 sed
1836 2940 2114 3013 profecto

34 3038 152 3082 nec
184 3022 571 3084 considerate
604 3021 802 3082 minus
839 3038 954 3081 nec
980 3022 1182 3082 minus
1230 3022 1445 3083 amice.
1532 3020 1680 3082 Nam
1714 3023 1969 3096 primum
2002 3022 2117 3083 suit

35 3104 183 3166 illud
213 3106 511 3181 asperius,
541 3122 639 3164 me
671 3120 830 3180 quae
859 3106 938 3164 de
959 3105 1203 3166 Plancio
1237 3105 1505 3166 dicerem
1531 3106 1767 3167 mentiri
1787 3113 1849 3166 et
1875 3114 2115 3180 tempo-

34 3188 120 3248 ris
163 3205 352 3249 causa
392 3191 641 3264 fingere.
732 3188 980 3249 Scilicet
1021 3189 1223 3251 homo·
1249 3189 1501 3265 sapiens
1542 3190 1887 3264 excogitavi
1931 3204 2116 3263 quam

32 3272 117 3331 ob
159 3290 287 3332 rem
331 3271 574 3333 viderer
621 3271 902 3352 maximis
934 3272 1499 3333 beneficiivinculis
1519 3272 1880 3340 obstrictus,
1928 3286 2113 3343 quum

32 3354 190 3415 liber
220 3372 430 3417 essem
469 3364 530 3416 et
570 3353 827 3417 solutus.
918 3356 1074 3429 Quid
1112 3356 1315 3416 enim?
1351 3354 1497 3416 mihi
1539 3357 1617 3415 ad
1662 3351 2113 3413 defendendum

30 3437 341 3501 Plancium
372 3457 587 3516 parum
614 3441 866 3515 multae,
921 3456 1134 3515 parum
1175 3440 1372 3500 iustae
1404 3434 1892 3499 necessitudines
1939 3434 2121 3489 arant

2383 1548 2514 1639 'til
2380 1058 2514 1498 [l‘li'ssl'fl'lil'fss

2379 1638 2510 1747 ¹11³.ae

2367 2249 2512 2900 ἐζῑΞί-ζὲὲῖῗὶίζῐῖὲὶῐ
2373 2195 2476 2223 ῑ
2375 2030 2484 2125 'ui
2376 1751 2504 1968 ’ῐῆῒῡή
