2514 3928
224 233 352 301 ³⁰8
536 236 613 294 [N
646 234 726 292 Μ.
755 231 1156 294 Ani-omum
1186 230 1471 292 ossA‘rio
1505 228 1930 290 ΡιιιιιΡΡιοΑ
1957 195 2008 288 ιζ
2239 240 2311 293 ιο

227 404 384 449 mus.
469 386 693 447 Forum
724 383 1071 461 saepietur·
1103 399 1318 445 omnes
1356 384 1715 445 claudentur
1740 379 1975 442 aditus=
2007 380 2219 442 armati
2241 382 2303 441 in

228 469 556 568 praesidiis
602 467 804 529 multiS
834 468 988 530 locis
1021 468 1500 529 collocabuntur.
1591 464 1692 527 26
1739 464 1893 539 Quid
1922 472 2093 525 tum?
2127 463 2306 539 Quod

230 555 311 615 ita
337 553 452 616 erit
477 562 746 628 gestum,
794 552 857 613 id
892 554 988 611 lex
1018 550 1159 626 erit,
1202 558 1264 612 et
1294 552 1352 611 in
1384 567 1493 611 aes
1524 547 1711 610 incidi
1739 547 2060 622 iubebitis,
2093 550 2303 620 credo,

231 638 332 699 illa
362 637 657 713 legitima·
690 651 982 697 consum-,s
1012 650 1279 694 poputum
1309 651 1447 694 man
1476 648 1876 693 aoeAannm·
1902 664 1986 676 —-
2013 631 2237 693 hocine
2268 649 2307 693 a

234 721 562 783 maioribus
585 719 941 795 accepimus
965 717 1063 780 ius
1081 718 1382 794 rogandi?
1408 752 1490 763 -—
1536 732 1906 785 rorutusoua
1936 732 2075 776 man
2089 733 2305 778 sc1vrr.

238 806 340 881 Qui
374 806 687 881 populus?
725 804 859 865 isne
877 851 893 878 ,
926 804 1028 879 qui
1058 807 1350 865 exclusus
1372 811 1513 865 est?
1540 802 1673 877 Quo
1703 801 1875 862 iure?
1901 817 1977 861 an
2004 817 2097 873 eo,
2135 802 2305 876 quod

238 890 288 950 vi
329 899 390 950 et
418 889 603 950 armis
634 904 815 948 omne
844 889 1144 948 sublatum
1175 895 1313 949 est?
1351 891 1556 963 Atque
1587 887 1744 950 haec
1785 884 1922 948 dico
1957 886 2038 945 de
2068 884 2306 957 futuris,

231 973 397 1048 quod
428 981 523 1034 est
553 970 883 1032 amicorum
914 980 1054 1032 ante
1082 972 1288 1032 dicere
1313 988 1403 1045 ea,
1434 988 1593 1047 quae
1625 968 1799 1032 vitari
1833 967 2101 1045 possint=
2146 984 2308 1044 quae

230 1059 281 1117 si
318 1058 477 1116 facta
512 1071 631 1115 non
669 1064 863 1129 erunt,
897 1056 1203 1116 refelletur
1226 1054 1420 1117 oratio
1451 1071 1606 1116 mea.
1671 1055 1926 1129 Loquor
1957 1052 2036 1113 de
2064 1051 2305 1127 legibus

229 1137 658 1216 promulgatis,
706 1139 785 1199 de
821 1139 1044 1214 quibus
1074 1148 1170 1201 est
1195 1138 1494 1214 integrum
1527 1136 1721 1200 vobis.
1811 1138 2177 1197 Demonstro
2209 1136 2304 1195 vi-

228 1222 338 1282 tia=
368 1221 576 1282 tollite.
661 1222 970 1283 Denuntio
1008 1221 1147 1294 vim,
1180 1240 1378 1283 arma:
1402 1230 1733 1283 removete.

353 1305 451 1368 XI.
481 1303 582 1369 27.
618 1305 805 1366 Irasci
838 1306 1083 1383 quidem
1121 1322 1235 1368 vos
1261 1305 1425 1380 mihi,
1454 1305 1789 1376 Dolabella,
1826 1322 1936 1381 pro
1968 1321 2033 1364 re
2063 1305 2305 1381 publica

228 1389 451 1450 dicenti
481 1405 602 1449 non
635 1391 955 1467 oportebit.
1000 1390 1376 1466 Quamquam
1408 1399 1464 1452 te
1499 1388 1743 1466 quidem
1773 1388 1834 1449 id
1866 1389 2158 1450 facturum
2182 1406 2303 1450 non

227 1474 516 1536 arbitror:
603 1475 745 1536 novi
777 1473 1120 1537 facilitatem
1152 1483 1343 1535 tuam:
1388 1475 1679 1549 collegam
1707 1480 1875 1534 tuum
1904 1473 2072 1533 aiunt
2103 1472 2163 1532 in
2187 1472 2307 1533 hac

229 1576 342 1618 sua
367 1560 627 1635 fortuna,
653 1574 812 1635 quae
826 1559 988 1620 bona
1011 1557 1130 1634 ipsi
1156 1557 1411 1629 videtur,
1433 1557 1596 1633 mibi,
1621 1572 1697 1616 ne
1712 1555 1961 1633 gravius
1987 1555 2302 1632 quippiam

229 1643 460 1717 dicam,
490 1658 744 1705 avorum
772 1648 834 1703 et
859 1639 1147 1703 avunculi
1174 1641 1273 1702 sui
1297 1643 1679 1703 consulatum
1709 1641 1761 1701 si
1792 1639 2150 1712 imitaretur,
2182 1640 2305 1700 for·

229 1725 492 1786 tunatior
523 1726 839 1786 videretur
863 1759 958 1796 —‚
990 1725 1102 1785 sed
1129 1739 1269 1784 eum
1293 1725 1650 1786 iracundum
1675 1724 1859 1785 audio
1882 1740 2025 1784 esse
2060 1725 2298 1784 factum.

226 1807 427 1869 Video
458 1816 658 1869 autem
684 1824 866 1884 quam
897 1809 978 1869 sit
1009 1807 1291 1870 odiosum
1322 1808 1547 1869 habere
1571 1808 1850 1868 eumdem
1880 1806 2094 1867 iratum
2126 1815 2188 1868 et
2208 1824 2304 1867 ar-

229 1900 471 1966 matum,
509 1908 694 1967 quum
721 1900 885 1953 tanta
915 1893 1272 1968 praesertim
1301 1891 1639 1968 gladiorum
1672 1890 1750 1952 sit
1775 1889 2122 1966 impunitas.
2179 1890 2302 1952 Sed

230 1991 565 2051 proponam
613 1976 741 2050 iuS,
783 1984 847 2037 ut
876 1976 1126 2052 opinor,
1159 1993 1453 2052 aequum:
1500 1976 1666 2052 quod
1694 1976 1775 2035 Μ.
1803 1974 2135 2036 Antonium
2178 1993 2304 2037 non

228 2059 489 2142 arbitror
516 2059 989 2136 repudiaturum.
1032 2061 1180 2135 Ego,
1215 2060 1269 2122 si
1300 2059 1448 2136 quid
1477 2058 1536 2119 in
1573 2059 1755 2120 vitam
1789 2058 1924 2119 eius
1954 2059 2141 2120 autin
2176 2076 2305 2119 mo-

227 2160 328 2203 res
365 2160 499 2204 cum
532 2143 895 2205 contumelia
930 2143 1160 2216 dixero,
1193 2161 1316 2217 quo
1342 2144 1544 2205 minus
1570 2143 1714 2203 mihi
1743 2142 2196 2203 inimicissimus
2229 2142 2308 2204 sit

229 2244 350 2287 non
384 2226 720 2287 recusabo:
767 2227 861 2287 sin
887 2228 1401 2288 ‘consuetudinem
1436 2225 1861 2304 meam,[quam
1883 2225 1941 2285 in
1971 2243 2039 2286 re
2063 2226 2308 2301 publica

231 2325 473 2383 semper
515 2309 749 2391 habui‚]
774 2319 1057 2384 tenuero,
1084 2310 1147 2370 id
1178 2319 1302 2385 est,
1347 2309 1399 2372 si
1428 2311 1616 2372 libere
1648 2327 1807 2385 quae
1831 2312 2083 2371 sentiam
2120 2311 2199 2370 de
2234 2326 2303 2370 re

228 2390 476 2468 publica
499 2391 734 2468 dixero,
767 2393 1025 2468 primum
1051 2394 1354 2469 deprecor
1380 2411 1456 2455 ne
1480 2394 1804 2456 irascatur:
1834 2392 2076 2469 deinde,
2108 2392 2162 2453 si
2184 2393 2306 2454 hoc

227 2491 351 2535 non
384 2476 663 2552 impetro,
692 2485 837 2553 peto
871 2486 938 2538 ut
970 2477 1058 2538 sic
1088 2478 1403 2548 irascatur,
1437 2487 1503 2540 ut
1532 2477 1671 2539 civi.
1755 2477 1961 2539 Armis
1990 2484 2218 2550 utatur,
2252 2478 2306 2537 si

227 2557 311 2620 ita
334 2576 596 2621 necesse
628 2569 740 2636 est,
769 2569 835 2622 ut
864 2560 1025 2633 dicit,
1057 2560 1152 2622 sui
1185 2561 1552 2623 defendendi
1584 2578 1802 2622 causaz
1833 2560 1927 2633 iis,
1966 2560 2070 2635 qui
2099 2575 2211 2636 pro
2236 2575 2310 2620 re

229 2643 474 2719 publica
518 2661 677 2719 quae
723 2644 878 2720 ipsis
914 2645 1048 2705 visa
1081 2653 1260 2706 erunt
1289 2643 1585 2719 dixerint,
1628 2644 1747 2706 ista
1776 2660 1943 2704 arma
1986 2659 2066 2703 ne
2117 2659 2299 2705 noce·

228 2736 350 2788 ant.
440 2729 595 2802 Quid
639 2729 755 2791 hac
794 2728 1206 2805 postulatione
1250 2727 1370 2788 dici
1421 2737 1625 2803 potest
1653 2729 1956 2804 aequius?
1995 2727 2097 2790 28.
2127 2726 2309 2801 Quod

228 2811 314 2884 si,
364 2821 431 2873 ut
458 2811 602 2873 mihi
630 2830 666 2873 a
696 2813 1063 2888 quibusdam
1095 2814 1225 2874 eius
1264 2810 1656 2873 familiaribus
1687 2812 1910 2874 dictum
1941 2820 2063 2886 est,
2107 2812 2310 2872 omnis

228 2910 399 2970 eum,
437 2911 596 2970 quae
642 2896 899 2958 babetur
938 2905 1151 2958 contra
1195 2898 1566 2957 voluntatem
1595 2895 1761 2968 eiuS,
1808 2896 1999 2956 oratio
2039 2894 2312 2971 graviter

229 2977 503 3050 offendit,
536 2978 716 3039 etiam
745 2979 800 3040 si
829 2982 993 3040 nulla
1022 2979 1182 3041 inest
1206 2979 1587 3053 contumelia,
1621 2980 1883 3041 feremus
1919 2979 2095 3039 amici
2131 2987 2311 3039 natu-

231 3075 376 3120 ram.
448 3059 571 3120 Sed
600 3062 781 3122 iidem
812 3062 897 3123 illi
926 3062 1009 3122 ita
1041 3079 1277 3123 mecum
1311 3064 1670 3139 loquuntur:
1704 3064 1837 3124 Non
1867 3062 2031 3123 idem
2059 3062 2167 3122 tibi
2197 3063 2310 3122 ad-

234 3142 502 3203 versario
534 3143 814 3205 Caesaris
848 3144 1052 3206 licebit
1082 3148 1250 3219 quod
1284 3146 1491 3208 Pisoni
1523 3164 1772 3221 socer-0,
1803 3155 1863 3207 et
1892 3145 2072 3207 simul
2094 3146 2311 3206 admo-

232 3234 373 3287 nent
403 3224 721 3301 quiddam,
766 3228 934 3302 quod
958 3227 1341 3305 cavebimuS,
1384 3246 1500 3291 nec
1542 3229 1657 3292 erit
1683 3231 1899 3292 iustior
1931 3229 1992 3290 in
2025 3235 2312 3290 senatum

228 3324 348 3368 non
394 3307 679 3369 veniendi
726 3309 918 3371 morbi
964 3327 1153 3372 causa
1195 3329 1377 3387 quam
1418 3315 1647 3376 morus.
1745 3310 2002 3374 xl1.29.
2035 3311 2159 3373 Sed
2193 3329 2312 3388 per

229 3390 384 3451 deos
424 3390 836 3454 immortales!
879 3394 962 3455 Te
1003 3395 1160 3455 enim
1206 3394 1482 3471 intuens,
1518 3397 1860 3474 Dolabella,
1884 3395 2013 3478 [qui
2052 3412 2122 3457 es
2154 3395 2309 3457 mihi

230 3473 627 3557 carissimus,]
650 3492 768 3536 non
805 3493 1058 3554 possum
1089 3478 1409 3552 utriusque
1432 3490 1705 3542 vestrum
1723 3497 1992 3542 errorem
2020 3480 2313 3541 reticere.
