2514 3928
838 172 1000 231 CAP.
1038 179 1300 235 15—17.
1345 178 1394 238 5.
1428 181 1693 235 34—40.
2229 177 2321 239 1⁵

226 324 473 386 tribuno
505 323 733 400 plebiS‚
784 322 1075 400 vigilante
1110 325 1357 384 homine
1387 333 1447 386 et
1474 324 1534 385 in
1567 342 1757 386 causa
1789 326 2069 402 populari
2100 325 2154 388 si
2183 346 2315 390 non

226 407 577 481 moderate,
606 417 669 469 at
696 416 860 468 certe
890 407 1269 484 populariter
1295 408 1798 484 abstinenterque
1830 420 2097 485 versato.
2160 411 2308 472 Ces-

228 493 338 566 sit,
384 507 464 551 ne
494 499 601 552 aut
640 490 836 552 victus
871 507 910 551 a
941 491 1199 553 fortibus
1236 490 1383 553 viris
1416 509 1553 553 cum
1585 492 1893 554 dedecore
1922 496 2170 556 caderet
2203 506 2310 559 aut

229 575 426 636 victor
458 574 662 636 multis
702 584 761 636 et
803 574 1062 637 fortibus
1099 575 1339 637 civibus
1379 592 1507 636 rem
1537 576 1845 651 publicam
1875 578 2138 640 orbaret.
2200 576 2309 641 38.

225 659 427 720 Meam
450 675 699 721 causam
722 668 973 721 senatus
1000 661 1222 735 palam,
1257 670 1547 735 equester
1569 660 1721 722 ordo
1745 660 2057 734 acerrime,
2085 672 2310 724 cuncta

226 742 398 805 Italia
441 742 716 818 publice,
769 760 987 804 omnes
1035 744 1180 804 boni
1223 743 1471 820 proprie
1523 743 1832 820 enixeque
1881 754 2311 822 susceperant.

226 828 347 886 Eas
371 842 474 887 res
498 843 833 902 gesseram,
867 844 1123 903 quarum
1146 844 1269 888 non
1293 844 1453 889 unus
1477 837 1710 902 auctor,
1747 829 1862 889 sed
1885 829 2012 888 dux
2038 829 2314 888 omnium

227 910 554 972 voluntatis
586 909 871 985 fuissem,
909 927 1194 987 quaeque
1223 928 1345 974 non
1376 912 1560 974 modo
1595 912 1675 972 ad
1705 912 2075 987 singularem
2108 929 2314 973 meam

227 994 513 1069 gloriam,
547 995 660 1054 sed
685 996 766 1054 ad
780 1011 1170 1057 communem
1199 1004 1460 1057 satutem
1480 997 1747 1058 omnium
1771 995 1994 1058 civium
2019 1005 2079 1056 et
2109 1013 2316 1072 prope

227 1078 494 1153 gentium
516 1077 919 1153 pertinerent=
944 1094 1020 1137 ea
1034 1077 1400 1140 condicione
1420 1096 1754 1155 gesseram,
1778 1088 1843 1141 ut
1862 1097 2061 1142 meum
2078 1082 2312 1141 factum

229 1178 478 1236 semper
500 1160 722 1220 ‘omnes
754 1161 1067 1234 praestare
1098 1160 1377 1236 tuerique
1406 1163 1718 1223 deberent.

397 1244 587 1302 xvu.
627 1243 771 1301 Erat
802 1249 1006 1302 autem
1040 1242 1184 1302 mihi
1214 1244 1520 1303 contentio
1552 1262 1674 1303 non
1704 1262 1839 1306 cum
1869 1248 2098 1309 victore
2128 1265 2310 1309 exer-

232 1327 390 1399 citu,
429 1326 544 1386 sed
567 1341 704 1385 cum
725 1324 945 1399 ‚operis
970 1324 1291 1385 conductis
1315 1335 1376 1385 et
1397 1326 1474 1385 ad
1500 1325 1899 1401 diripiendam
1926 1329 2136 1390 urbem
2160 1348 2314 1392 con·

232 1408 463 1471 citatisz
497 1408 798 1469 habebam
820 1407 1126 1469 inimicum
1155 1425 1273 1468 non
1301 1409 1359 1468 C.
1385 1408 1670 1481 Marium,
1713 1419 2001 1471 terrorem
2022 1412 2315 1488 hostium,

228 1510 404 1570 spem
448 1488 920 1568 subsidiumque
947 1491 1224 1568 patriae,
1279 1494 1391 1552 sed
1442 1488 1565 1553 duo
1621 1493 1970 1569 importuna
2013 1496 2317 1571 prodigia,

230 1595 389 1655 quos
413 1583 680 1653 egestaS,
715 1593 875 1652 quos
898 1575 1060 1637 aeris
1085 1575 1266 1637 alieni
1287 1576 1660 1651 magnitudo,
1697 1594 1856 1653 quos
1878 1577 2115 1651 levitaS,
2149 1597 2315 1654 quos

229 1661 588 1738 improbitas
612 1660 852 1721 tribuno
878 1658 1077 1735 plebis
1104 1661 1469 1722 constrictos
1493 1662 1840 1722 addixerat:
1885 1659 1985 1723 39.
2022 1679 2138 1723 nec
2162 1663 2307 1724 mihi

229 1754 359 1806 erat
397 1761 500 1806 res
536 1761 674 1805 cum
706 1742 1061 1816 Saturnino,
1111 1743 1246 1819 qui,
1291 1745 1460 1820 quod
1501 1762 1539 1805 a
1573 1760 1642 1805 se
1679 1755 2008 1821 quaestore
2038 1745 2311 1808 Ostiensi

231 1845 342 1904 per
363 1827 755 1905 ignominiam
782 1828 863 1888 ad
884 1826 1223 1905 principem
1244 1838 1307 1890 et
1326 1835 1577 1889 senatus
1601 1836 1661 1888 et
1684 1828 1943 1890 civitatis
1958 1877 1974 1905 ,
2007 1830 2088 1890 M.
2113 1830 2310 1892 Scau-

230 1929 394 1986 rum,
463 1927 595 1972 rem
643 1911 1094 1973 frumentariam
1144 1915 1422 1974 tralatam
1475 1913 1744 1992 sciebat,
1807 1913 2083 1975 dolorem
2123 1931 2308 1976 suum

235 2012 456 2070 magna
481 1993 866 2056 contentione
890 1994 1070 2056 animi
1098 1993 1616 2072 persequebatur,
1648 1997 1761 2057 sed
1789 2013 1925 2059 cum
1957 2015 2311 2060 scurrarum

231 2078 627 2154 locupletium
670 2086 903 2153 scorto,
951 2095 1087 2140 cum
1130 2077 1366 2140 sororis
1413 2081 1720 2153 adultero,
1768 2096 1905 2141 cum
1952 2091 2307 2158 stuprorum

129 2227 139 2238 ‚
231 2164 586 2235 sacerdote,
635 2177 771 2223 cum
812 2163 1121 2236 venefico,
1168 2158 1307 2224 cum
1347 2163 1831 2234 testamentario,
1878 2181 2015 2226 cum
2059 2163 2302 2234 sicario,

231 2264 367 2307 cum
412 2249 673 2307 latrone:
732 2262 891 2321 quos
930 2245 1209 2308 homines
1251 2246 1336 2330 si,
1390 2245 1455 2306 id
1493 2248 1661 2322 quod
1703 2247 1881 2309 facile
1913 2250 2073 2309 sactu
2103 2248 2214 2310 suit
2243 2257 2303 2309 et

232 2330 400 2404 quod
441 2329 572 2390 fieri
618 2330 826 2408 debuit
866 2331 1159 2406 quodque
1198 2347 1237 2391 a
1271 2346 1367 2390 me
1414 2329 1623 2404 optimi
1670 2339 1732 2392 et
1776 2331 2088 2393 fortissimi
2132 2331 2308 2393 cives

232 2412 612 2487 flagitabant,
660 2412 720 2472 vi
754 2414 1062 2489 armisque
1105 2429 1533 2489 superassem,
1585 2431 1704 2475 non
1748 2416 2007 2476 verebar
2040 2432 2118 2476 ne
2162 2413 2312 2490 quis

231 2507 333 2557 aut
372 2495 490 2556 vim
534 2495 593 2557 vi
622 2497 946 2572 depulsam
992 2497 1471 2572 reprehenderet
1512 2506 1617 2558 aut
1656 2498 2032 2573 perditorum
2075 2497 2310 2559 civium

234 2582 327 2640 vel
363 2579 572 2655 potius
603 2580 1077 2641 domesticorum
1107 2579 1374 2641 hostium
1403 2589 1654 2642 mortem
1678 2590 1995 2642 maereret.
2051 2579 2174 2641 Sed
2207 2596 2312 2639 me

230 2664 331 2723 illa
361 2671 715 2732 moverunt:
764 2663 1045 2724 omnibus
1076 2663 1135 2724 in
1170 2663 1556 2725 contionibus
1588 2664 1690 2725 illa
1718 2664 1874 2724 suria
1903 2664 2203 2724 clamabat
2231 2680 2313 2724 se

233 2763 394 2823 quae
435 2749 664 2807 faceret
701 2756 912 2808 contra
951 2748 1206 2827 salutem
1235 2764 1432 2808 meam
1464 2750 1667 2809 faeere
1706 2756 1956 2808 auctore
1987 2746 2091 2807 Cn.
2125 2748 2298 2809 Porn-

233 2830 405 2907 peio,
436 2830 774 2891 clarissimo
808 2830 937 2892 viro
968 2830 1238 2906 mihique
1270 2840 1330 2893 et
1356 2848 1519 2893 nunc
1548 2840 1609 2893 et
1632 2830 1838 2907 quoad
1867 2830 2035 2892 licuit
2061 2831 2312 2892 amieis-

230 2914 407 2977 simo.
470 2913 875 2986 MfcrassuS,
923 2931 1185 2991 quocum
1228 2914 1374 2975 mihi
1409 2931 1623 2977 omnes
1658 2922 1831 2975 erant
1863 2914 2165 2976 amicitiae
2197 2930 2311 2973 ne·-

233 2996 672 3071 cessitudines,
725 2998 816 3058 vir
858 2998 1250 3072 fortissimus,
1302 2999 1379 3059 ab
1422 2999 1638 3060 eadem
1681 2997 1784 3059 illa
1823 3007 1999 3073 peste
2034 2996 2309 3074 infestis-

232 3081 425 3143 simus
461 3097 604 3142 esse
645 3080 798 3142 meis
840 3082 1097 3143 fortunis
1141 3082 1622 3158 praedicabatur.
1711 3081 1774 3141 C.
1815 3082 2069 3152 Caesar,
2121 3078 2226 3155 qui
2264 3096 2308 3138 a·

231 3181 327 3225 me
368 3166 535 3227 nullo
578 3181 714 3225 meo
765 3166 979 3227 merito
1028 3164 1267 3227 alienus
1313 3182 1457 3226 esse
1500 3163 1789 3234 debebat,
1846 3162 2305 3223 inimicissimus

230 3263 373 3310 esse
406 3264 579 3322 meae
613 3249 792 3310 saluti
825 3251 904 3310 ab
937 3248 1156 3310 eodem
1187 3246 1510 3310 cotidianis
1546 3245 1933 3308 contionibus
1965 3244 2311 3304 dicebatur„

229 3330 331 3394 40.
360 3331 471 3393 His
493 3348 564 3392 se
586 3332 779 3393 tribus
802 3331 1155 3393 auctoribus
1179 3333 1236 3391 in
1266 3328 1538 3390 consiliis
1560 3326 1897 3401 capiendis,
1921 3322 2308 3383 adiutoribus

230 3414 287 3476 in
321 3432 388 3477 re
418 3415 688 3491 gerenda
717 3431 861 3477 esse
890 3430 1146 3475 usurum
1174 3411 1443 3474 diceban
1492 3426 1571 3469 ex
1607 3406 1830 3480 quibus
1864 3417 2048 3459 unum
2076 3398 2264 3451 haber
2265 3407 2313 3445 θ
