2514 3928
149 290 223 345 29
807 286 976 347 CAP.
1009 234 1243 348 18-ss-21.
1272 295 1325 356 s.
1356 294 1594 347 44—51.
1700 241 1707 246 ¹
2113 288 2240 354 327

147 452 271 526 Qui
309 459 436 512 tum
473 450 615 512 inde
646 451 880 515 reditus
922 461 1029 514 aut
1057 452 1311 529 qualis?
1354 454 1527 531 prius
1570 456 1628 516 in
1674 456 1942 517 ultimam
1981 457 2233 519 Galliam

148 552 234 595 ex
277 539 578 611 Aegypto
639 553 824 612 quam
875 538 1144 598 domum.
1253 538 1422 611 Quae
1471 548 1678 601 autem
1722 543 1987 602 domus?
2044 542 2232 603 Suam

145 619 318 682 enim
355 619 620 695 quisque
649 621 896 681 domum
927 629 1052 681 tum
1087 622 1401 682 obtinebat
1427 638 1629 696 neque
1659 630 1789 682 erat
1819 640 2080 698 usquam
2104 629 2227 685 tua.

145 706 413 765 Domum
454 702 638 765 dico?
673 701 826 777 Quid
873 713 1002 764 erat
1041 705 1101 764 in
1140 704 1318 766 terris
1350 703 1455 766 ubi
1487 703 1545 764 in
1579 714 1680 766 tuo
1712 705 1930 779 pedem
1960 723 2227 782 poneres

147 794 403 863 praeter
443 803 629 847 unum
658 786 1020 859 Misenum,·
1040 788 1207 862 quod
1249 805 1386 849 cum
1417 788 1604 849 sociis
1635 794 1941 863 tamquam
1975 789 2226 865 Sisapo·

146 886 291 930 nem
323 870 617 930 tenebas?
642 871 770 931 XX.
800 869 899 930 49.
929 870 1167 932 Venisti
1197 888 1232 931 e
1263 871 1452 931 Gallia
1487 871 1563 931 ad
1598 879 1986 946 quaesturam
2019 881 2228 947 peten-

147 955 315 1013 dam.
386 953 565 1014 Audc
594 953 801 1015 dicere
840 962 896 1014 te
928 953 1096 1029 prius
1126 955 1205 1015 ad
1236 964 1548 1030 parentem
1574 962 1740 1015 tuam
1767 954 2015 1015 venisse
2045 972 2225 1029 quam
2254 957 2265 965 ‘

151 1038 238 1097 ad
261 1052 376 1097 me.
463 1040 844 1113 Acceperam
889 1036 1007 1097 iam
1038 1047 1177 1099 ante
1207 1038 1487 1099 Caesaris
1520 1037 1768 1110 litteras,
1801 1046 1864 1097 ut
1897 1037 2043 1097 mihi
2077 1038 2227 1099 satis

151 1120 289 1180 fieri
324 1129 566 1195 paterer
594 1137 631 1180 a
660 1129 737 1181 te.
807 1122 1021 1196 Itaque
1058 1137 1137 1180 ne
1161 1122 1330 1197 loqui
1361 1120 1604 1196 quidem
1638 1137 1772 1182 sum
1802 1129 1860 1182 te
1893 1138 2119 1197 passus
2150 1121 2229 1182 de

144 1202 360 1278 gratia.
456 1204 679 1265 Postea
718 1220 853 1264 sum
898 1206 1097 1265 cultus
1133 1213 1287 1276 ate,
1329 1212 1392 1265 tu
1419 1222 1456 1265 a
1487 1222 1581 1265 me
1613 1205 1978 1269 observatus
2014 1205 2073 1265 in
2121 1221 2229 1280 pe-

146 1286 359 1347 titione
410 1294 802 1362 quaesturae.
911 1285 1043 1360 Quo
1088 1287 1334 1362 quidem
1379 1296 1650 1363 ternpore
1688 1288 1750 1345 P.
1803 1287 2076 1349 Clodium
2118 1305 2225 1363 ap·

148 1371 451 1445 probante
482 1371 713 1446 populo
738 1372 1016 1430 Romano
1054 1368 1115 1429 in
1144 1370 1279 1431 foro
1308 1386 1376 1450 es
1403 1379 1665 1430 conatus·
1683 1370 1984 1443 occidere,
2013 1388 2225 1446 quum-

150 1470 274 1529 que
310 1468 446 1512 eam
475 1470 602 1513 rem
632 1460 735 1513 tua
766 1461 987 1529 sponte
1020 1469 1343 1525 conarere,
1390 1470 1511 1514 non
1542 1452 1809 1527 impulsu
1838 1469 1995 1528 meo,
2031 1464 2226 1514 tamen

93 1590 116 1595 -
146 1535 231 1597 ita
263 1535 696 1611 praedicabaS,
745 1544 804 1598 te
850 1553 976 1597 non
1023 1536 1404 1610 existimare,
1446 1536 1562 1596 nisi
1595 1534 1759 1596 illum
1793 1535 2227 1610 interfecisses,

146 1637 443 1696 umquam
473 1619 621 1680 mihi
652 1637 765 1695 pro
799 1619 915 1681 tuis
945 1620 1004 1680 in
1038 1635 1134 1680 mc
1167 1619 1398 1679 iniuriis
1431 1619 1581 1680 satis
1611 1634 1753 1679 esse
1784 1620 2100 1680 facturum.
2158 1621 2223 1679 ln

147 1720 275 1777 quo
302 1703 570 1764 demiror
602 1721 711 1765 cur
739 1703 1028 1764 Milonem
1070 1702 1339 1778 impulsu
1381 1720 1517 1764 meo
1549 1718 1676 1761 rem
1707 1701 1869 1761 illam
1889 1701 2107 1777 egisse
2138 1702 2223 1762 di-

148 1803 275 1859 caS,
311 1805 496 1862 quum
532 1796 588 1847 te
617 1789 775 1848 ultro
806 1786 949 1847 mihi
984 1786 1143 1847 idem
1173 1787 1322 1847 illud
1354 1787 1726 1846 deferentem
1753 1801 2080 1860 numquam
2113 1785 2226 1846 sim

147 1869 527 1932 adhortatus.
591 1871 986 1946 Quamquam,
1015 1870 1069 1930 si
1098 1870 1157 1929 in
1189 1887 1265 1931 eo
1306 1885 1757 1944 perseverares,
1796 1870 1876 1929 ad
1904 1878 2068 1930 tuam
2097 1870 2225 1944 glo-

152 1952 299 2013 riam
328 1971 456 2015 rem
485 1953 645 2015 illam
675 1954 885 2016 referri
918 1954 1216 2015 malebam
1251 1971 1432 2029 quam
1463 1954 1543 2014 ad
1573 1969 1770 2013 meam
1807 1952 2081 2029 gratiam.
2120 1948 2222 2015 50.

150 2036 453 2110 Quaestor
494 2054 561 2098 es
605 2040 832 2099 factusz
878 2037 1101 2099 deinde
1146 2037 1433 2111 continuo
1479 2037 1614 2098 sine
1644 2046 1894 2098 senatus
1926 2038 2225 2110 eonsu¹t⁰‚

150 2121 287 2179 sine
318 2129 501 2192 sorte,
533 2120 666 2181 sine
691 2123 826 2196 lege
859 2122 938 2181 ad
968 2123 1291 2181 Caesarem
1324 2120 1662 2182 cucurristi.
1752 2121 1818 2180 Id
1850 2119 2010 2180 enim
2039 2136 2226 2180 unum
2291 2152 2296 2156 ·

153 2205 212 2262 in
243 2203 417 2263 terris
449 2203 769 2278 egestatiS,
806 2204 967 2265 acris
998 2204 1206 2276 alieni,
1240 2203 1546 2278 nequitiae
1576 2203 1830 2280 perditis
1858 2202 2016 2264 vitae
2043 2203 2225 2263 ratio-

148 2286 334 2348 nibus
384 2286 722 2362 perfugium
774 2304 918 2361 esse
960 2289 1250 2348 ducebas,
1338 2288 1424 2348 lbi
1457 2296 1512 2348 te
1544 2304 1728 2362 quum
1761 2297 1820 2347 et
1854 2286 2014 2346 illius
2046 2286 2225 2361 largi·

151 2370 416 2431 tionibus
445 2371 639 2432 ettuis
665 2370 897 2446 rapinis
916 2370 1325 2446 explevisses,
1354 2371 1406 2430 si
1424 2371 1541 2432 hoc
1568 2378 1663 2430 est
1687 2371 1938 2446 explere
1968 2369 2229 2428 haurire

152 2452 316 2528 quod
344 2452 541 2515 statim
567 2454 867 2527 effundaS,
902 2453 1202 2515 advolasti
1232 2470 1422 2529 egens
1454 2454 1533 2513 ad
1563 2453 1945 2528 tribunatum,
1974 2460 2040 2512 ut
2064 2452 2124 2511 in
2150 2466 2224 2510 eo

154 2537 525 2612 magistratu,
563 2537 616 2597 si
651 2553 894 2613 posseS,
923 2537 1039 2597 viri
1071 2536 1155 2598 tui
1185 2536 1400 2598 similis
1430 2553 1626 2597 esses.

273 2620 429 2683 XXI.
464 2620 744 2695 Accipite
768 2636 960 2694 nunc,
993 2637 1259 2697 quaeso,
1297 2637 1418 2681 non
1445 2637 1547 2694 ea,
1589 2637 1746 2696 quae
1775 2620 1912 2696 ipse
1942 2616 2004 2678 in
2036 2633 2106 2678 se
2138 2624 2221 2676 at-

156 2719 275 2779 que
320 2702 378 2763 in
423 2702 832 2765 domesticum
870 2704 1147 2765 dedecus
1190 2704 1430 2779 impure
1463 2715 1524 2767 et
1555 2707 2065 2780 intemperanter,
2113 2698 2226 2758 sed

155 2801 311 2860 quae
356 2785 413 2845 in
460 2802 575 2846 nos
620 2786 1021 2860 fortunasque
1055 2792 1329 2856 nostras,
1376 2785 1440 2845 id
1477 2786 1657 2846 estin
1704 2784 2054 2845 universam
2097 2797 2223 2840 rem

153 2868 486 2944 publicam,
536 2867 719 2944 impie
760 2885 834 2930 ac
870 2867 1102 2928 nefarie
1145 2868 1374 2941 fecerit.
1461 2868 1556 2928 Ab
1596 2866 1776 2928 huius
1799 2866 1957 2926 enim
1990 2866 2225 2926 scelere

152 2951 415 3013 omnium
460 2953 756 3014 malorum
808 2950 1169 3028 principium
1222 2960 1426 3012 natum
1470 2936 1806 3026 reperietis.
1907 2948 2007 3011 51.
2054 2950 2224 3021 Nam,

154 3052 339 3110 quum
381 3036 449 3096 L.
482 3035 734 3096 Lentulo
766 3035 1141 3096 C.Marcello
1189 3034 1546 3097 consulibus
1591 3033 1885 3095 Kalendis
1927 3030 2223 3093 Ianuariis

156 3119 449 3180 labentem
480 3126 542 3180 et
564 3134 759 3195 prope
783 3120 1102 3179 cadentem
1131 3134 1259 3179 rem
1292 3119 1597 3194 publicam
1638 3117 1849 3178 fulcire
1896 3114 2229 3193 cuperetis,

157 3201 395 3277 ipsique
432 3202 493 3263 C.
530 3198 809 3274 Caesari,
854 3201 908 3262 si
937 3219 1088 3262 sana
1116 3210 1318 3263 mente
1353 3209 1549 3275 esset,
1596 3203 1919 3263 consulere
1967 3199 2223 3269 velletiS,

160 3294 296 3349 tum,
323 3285 437 3347 iste
481 3285 788 3346 venditum
835 3294 1020 3362 atque
1053 3287 1499 3361 emancipatum
1542 3285 1907 3346 tribunatum
1950 3280 2222 3344 consiliis

159 3368 369 3429 vestris
386 3367 1096 3447 opposuitcerviccsque
1121 3386 1271 3430 suas
1295 3369 1349 3427 ei
1377 3369 1634 3429 subiecit
1663 3367 1884 3440 securi,
1911 3383 2032 3441 qua
2054 3361 2222 3422 multi

157 3449 484 3514 minoribus
525 3451 582 3512 in
619 3452 888 3528 peccatis
938 3451 1310 3513 occiderunt.
1397 3453 1462 3510 ln
1500 3460 1576 3522 te,
1604 3449 1687 3509 M.
1716 3451 1976 3518 Antoni,
2023 3448 2082 3504 id
2115 3445 2218 3501 de·

159 3533 341 3594 crcvit
386 3541 633 3597 senatus
679 3535 1015 3610 etquidem
1057 3534 1409 3608 incolumiS,
1455 3533 1727 3593 nondum
1768 3539 1855 3592 tot
1893 3524 2223 3589 luminibus
