2514 3928
191 170 367 211 xxxvx
663 152 1053 206 PROOEMIUM
1090 149 1420 203 EDI'I'IONIS
1457 149 1824 204 SEOUNDAE.

192 304 298 344 tera
320 294 478 357 igitur
499 305 680 341 manus
705 290 1070 349 cod.Parisini,
1091 291 1173 339 cui
1192 288 1439 340 accedunt
1463 288 1614 341 codd.
1634 286 2010 338 Gemblacensis
2039 294 2088 336 et
2105 285 2289 338 Erfur-

192 363 372 418 teusis,
410 359 508 408 hoc
542 371 747 420 quoque
781 357 909 415 loco,
949 368 1003 406 ut
1037 357 1207 407 multis
1232 356 1347 406 aliis
1374 356 1519 420 locis,
1557 370 1730 404 verum
1755 354 1981 406 tradidit.
2019 353 2074 416 5.
2097 355 2145 404 5.
2184 352 2289 405 Ge-

194 436 310 479 tera
354 440 448 491 pro
484 424 716 476 Ceterum
760 439 824 474 ex
868 424 1009 474 libris
1056 438 1188 473 nunc
1232 423 1460 488 reposui.
1531 420 1655 486 Cap.
1680 425 1729 475 3.
1764 422 1814 482 ἓ.
1839 422 1889 474 6.
1924 435 2060 470 nunc
2094 420 2289 486 scripsi

193 495 256 544 de
291 493 461 544 Orellii
497 492 808 542 coniectura:
867 507 1036 556 poena
1068 493 1136 541 sit
1176 493 1315 541 nulla
1358 491 1459 541 nisi
1496 490 1682 554 famae.
1740 490 1811 548 si,
1857 487 1995 551 quod
2041 501 2136 553 pro
2183 488 2290 539 nisi

194 564 246 610 in
291 561 432 610 libris
478 559 717 619 habetur,
770 558 917 608 facile
971 557 1243 610 oblitterari
1288 558 1469 622 potuit.
1542 557 1588 617 ἓ.
1622 559 1669 606 ’1.
1721 556 1928 608 'citiusne
1980 557 2167 605 crimen
2217 554 2288 605 de

192 643 307 677 mea
352 629 638 678 coniectura
684 636 788 686 est,
832 627 887 676 in
920 625 1061 675 libris
1097 634 1186 675 ant
1216 625 1364 675 lacius
1396 627 1605 683 crimen,
1653 633 1709 673 ut
1742 625 1793 674 in
1830 622 1943 673 cod.
1978 621 2214 673 Parisino
2252 636 2287 671 a

194 711 271 761 pr.
310 711 374 743 m.
423 703 510 744 aut
552 695 755 744 huiusce
806 694 1016 751 crimen,
1061 704 1119 742 ut
1152 693 1204 741 in
1240 692 1355 742 cod.
1390 692 1625 742 Parisino
1669 690 1733 739 ab
1766 690 1924 740 altera
1957 703 2114 738 manu
2145 698 2196 739 et
2227 689 2285 738 in

194 763 310 814 cod.
348 761 711 813 Gemblacensi.
782 759 903 825 Cap.
945 761 995 811 4.
1050 760 1097 820 5.
1140 761 1188 811 8.
1242 759 1296 808 ἰιι
1348 759 1461 810 loco
1506 760 1632 809 satis
1676 757 1831 808 dubio
1885 771 2020 807 nunc
2061 756 2127 806 de
2166 769 2283 805 meo

194 831 402 894 scripsi:
463 830 520 879 id
550 844 651 879 non
682 829 838 881 sotum
871 828 1085 884 licuisse.
1120 828 1219 877 sed
1249 828 1399 879 etiam
1438 828 1666 878 decuisse
1704 825 1978 889 fateamur.
2049 824 2104 871 In
2137 822 2282 872 libris

195 897 300 945 sere
343 898 570 946 decuisse
612 922 677 931 --
726 896 955 947 debuisse
999 895 1247 959 scriptum
1292 903 1384 944 est.
1458 892 1671 944 Orellius
1717 893 1915 943 licuisse
1950 915 2019 928 —-
2052 890 2283 941 debuisse

196 965 486 1028 scripserat.
561 962 614 1024 5.
641 963 718 1012 10.
757 977 784 1010 e
818 961 959 1010 libris
995 975 1135 1025 nunc⁵
1163 976 1329 1011 nonne
1365 960 1539 1012 vobis?
1597 960 1734 1010 edidi
1768 973 1863 1024 pro
1901 972 1981 1022 eo,
2019 958 2158 1020 quod
2192 971 2284 1008 su-

194 1032 394 1095 periore
429 1039 656 1093 tempore
689 1029 994 1093 scripseram
1029 1042 1128 1079 non
1161 1025 1373 1093 [etiam]
1404 1027 1576 1079 vobis?
1645 1025 1767 1092 Cap.
1792 1030 1839 1078 5.
1880 1025 1932 1089 5.
1961 1027 2040 1075 12.
2094 1023 2283 1088 scripsi

195 1099 296 1147 iam
331 1097 572 1145 librorum
611 1094 836 1145 omnium
871 1095 1190 1145 anctoritate:
1253 1094 1409 1155 Quam
1444 1095 1632 1145 Graeci
1672 1096 1893 1147 homines
1936 1094 2157 1157 spectati
2185 1091 2287 1141 vir-i

194 1167 461 1214 noluerunt
502 1164 745 1227 religione
780 1174 902 1222 etc..
948 1162 1019 1212 ita
1066 1172 1118 1210 ut
1160 1162 1351 1211 Baiteri
1399 1163 1856 1226 interpunctionem
1908 1161 2188 1224 acciperem
2232 1167 2285 1207 et

194 1234 463 1282 noluerunt
498 1244 591 1295 pro
627 1230 878 1281 noluerint
914 1243 1229 1294 reponerem.
1301 1228 1474 1279 Potest
1515 1230 1649 1278 enim
1683 1229 1783 1278 hoc
1816 1226 2094 1278 membrum
2128 1224 2281 1274 etiam

194 1299 610 1349 condicionaliter
655 1297 833 1347 efferri.
902 1297 949 1357 ἓ.
988 1299 1066 1347 13.
1115 1312 1262 1362 quum
1303 1298 1457 1348 animi
1495 1311 1591 1362 pro
1635 1303 1733 1348 tum
1766 1297 1920 1347 animi
1953 1296 2052 1343 iam
2088 1291 2283 1342 obtule-

195 1376 313 1415 runt
343 1365 578 1416 meliores
627 1365 740 1415 libri
784 1364 940 1426 idque
983 1364 1331 1428 recipiendum
1376 1364 1487 1414 fuit.
1560 1362 1685 1428 Cap.
1711 1365 1760 1413 6.
1800 1363 1849 1426 5.
1877 1364 1957 1412 14.
1994 1360 2152 1411 miror
2183 1358 2284 1408 cri-

194 1434 323 1483 ticos
376 1443 516 1483 tanto
577 1447 731 1498 opere
782 1433 834 1480 in
889 1431 1079 1481 verbis:
1142 1430 1301 1492 Quasi
1346 1447 1467 1482 vero
1517 1432 1673 1482 levius
1722 1432 1790 1481 sit
1833 1438 1927 1482 etc.
1988 1426 2279 1487 offendisse,

195 1516 325 1563 quae
369 1510 419 1550 et
462 1500 604 1552 libris
653 1499 885 1549 omnibus
933 1495 1297 1547 confirmantur
1340 1510 1389 1547 et
1429 1499 1707 1548 sententiae
1739 1499 1964 1548 maxime
1996 1507 2285 1544 accommo-

195 1568 314 1618 data
358 1577 495 1618 sunt.
565 1566 699 1615 Dicit
743 1576 912 1615 orator
955 1563 1077 1613 hoc:
1138 1562 1295 1622 Quasi
1339 1579 1458 1615 vero
1504 1566 1750 1615 maiorem
1803 1564 2054 1615 levitatem
2097 1561 2287 1628 prodat

200 1633 664 1698 (Leiehtfertiffeit
695 1632 858 1695 seiae)
894 1631 1250 1695 imperatorem
1286 1631 1451 1682 iacere
1484 1633 1696 1695 aliquid,
1741 1631 1881 1695 quod
1922 1631 2052 1682 sciat
2083 1642 2187 1677 non
2221 1625 2286 1676 li-

196 1715 328 1765 cere„
364 1713 517 1762 quam
555 1699 759 1748 omnino
797 1711 898 1746 non
934 1698 1064 1746 scire
1098 1698 1223 1760 quid
1256 1697 1418 1750 liceat.
1471 1697 1580 1757 Qua
1615 1714 1738 1748 voce
1778 1707 1955 1764 aperte
1986 1697 2088 1747 boc
2120 1695 2285 1760 signi-

195 1766 390 1825 fleatur,
436 1780 538 1816 non
574 1769 744 1815 minus
779 1765 997 1814 levitatis
1030 1765 1236 1829 signum
1274 1781 1406 1826 esse,
1450 1769 1495 1816 si
1539 1768 1656 1831 quis
1691 1769 1967 1831 imperator
2001 1765 2111 1814 eius
2144 1762 2287 1814 modi

196 1833 390 1895 aliquid
434 1833 643 1896 nesciat,
680 1847 833 1895 quam
870 1833 915 1882 si
952 1832 1119 1881 sciens
1156 1842 1332 1883 contra
1371 1832 1541 1887 faciat.
1611 1833 1926 1898 Quamquam
1962 1834 2032 1884 ita
2064 1834 2221 1884 levius
2251 1845 2285 1881 a

197 1900 436 1950 Cicerone
479 1900 580 1950 dici
623 1900 857 1966 potuisse
900 1900 1009 1950 luce
1051 1900 1234 1951 clarius
1270 1901 1469 1951 videtur
1509 1916 1649 1962 esse,
1696 1912 1862 1953 tamen
1899 1916 2073 1952 eorum
2108 1915 2283 1962 causa,

197 1970 286 2030 qui
329 1976 468 2018 tanto
517 1983 670 2033 opere
722 1968 786 2018 de
834 1968 1047 2018 veritate
1097 1968 1384 2033 scripturae
1441 1969 1823 2031 dubitaverunt,
1876 1970 2182 2036 persimilem
2227 1966 2283 2021 G.

198 2034 428 2086 Caesaris
464 2035 632 2085 locum
667 2050 924 2101 apponam
961 2037 1025 2086 de
1059 2035 1171 2089 beu.
1213 2036 1341 2087 Gall.
1389 2037 1454 2086 V.
1491 2037 1574 2096 28,
1614 2040 1661 2089 ’1.
1701 2045 1962 2102 postremo
2007 2039 2131 2104 quid
2172 2051 2285 2089 esse

195 2104 352 2153 levius
393 2110 481 2154 aut
525 2104 724 2167 turpius
768 2119 912 2168 quam
955 2110 1167 2154 auctore
1208 2103 1352 2155 hoste
1386 2106 1451 2156 de
1483 2107 1680 2156 summis
1713 2106 1863 2156 rebus
1896 2121 2084 2170 capere
2119 2104 2285 2155 consi-

196 2171 344 2220 liam?
415 2169 463 2232 5.
490 2171 570 2220 16.
617 2171 720 2220 iam
764 2186 793 2220 e
833 2170 974 2220 libris
1017 2172 1259 2221 communi
1297 2173 1453 2222 saluti
1503 2186 1598 2237 pro
1642 2174 1907 2226 comunis
1948 2174 2128 2225 salutis
2169 2185 2286 2221 cum

196 2238 375 2287 ceteris
423 2237 608 2287 criticis
661 2253 717 2288 re
757 2238 871 2287 osui
916 2248 965 2286 et
1008 2238 1179 2302 paullo
1224 2248 1372 2301 post,
1420 2248 1476 2288 ut
1520 2241 1624 2288 iam
1668 2241 1721 2289 in
1766 2239 2288 2303 editione.superiore

195 2303 431 2363 feceram,
468 2314 673 2354 auctore
708 2252 982 2354 (gai-atomo
1018 2305 1286 2370 rescripsi:
1337 2322 1477 2373 quern
1522 2310 1742 2371 populus
1775 2308 2026 2359 Romanus
2058 2304 2287 2370 inlaudi-

197 2372 265 2422 tis
313 2370 618 2436 honoribus]
659 2372 1094 2437 sinqularibusque
1137 2374 1456 2432 decorasset,
1511 2383 1568 2424 ut
1608 2389 1711 2424 uno
1757 2374 1899 2433 loco,
1945 2388 2047 2424 non
2082 2373 2284 2424 duobus

195 2437 392 2501 aliquid
437 2440 692 2489 excidisse
732 2447 995 2504 appareat.
1066 2438 1318 2505 Deinceps
1362 2455 1457 2506 pro
1501 2457 1588 2493 res
1632 2443 1740 2493 eius
1777 2449 1955 2507 gestae
1994 2440 2290 2506 sempiterni

196 2507 409 2557 nominis
449 2509 618 2571 gloria
661 2509 971 2565 niterentur,
1017 2520 1152 2555 nunc
1194 2509 1408 2573 scripsi:
1468 2524 1553 2560 res
1597 2514 1704 2560 eius
1742 2517 1922 2575 aeetae
1954 2524 2000 2562 s.
2035 2525 2085 2562 n.
2118 2508 2289 2573 alm-ia

195 2575 519 2626 nitescerent.
587 2575 643 2624 In
689 2573 833 2624 libris
879 2575 1013 2623 enim
1057 2584 1147 2624 aut
1189 2577 1472 2626 niterentur
1517 2577 1726 2641 legitur,
1773 2587 1831 2627 ut
1868 2578 1921 2626 in
1957 2575 2108 2628 codd.
2142 2574 2289 2625 Pari-

197 2642 344 2700 sin0,
390 2639 766 2702 Gemblacensi.
813 2641 1125 2701 Erfurtensi,
1171 2654 1261 2692 aut
1303 2645 1596 2694 interissent
1630 2644 1707 2693 vel
1748 2645 2082 2703 interessent,
2138 2653 2192 2693 ut
2212 2643 2289 2693 in

195 2709 344 2761 codd.
384 2708 762 2760 oxoniensibus
799 2709 858 2760 Η.
914 2719 963 2758 et
997 2706 1032 2757 S
1068 2716 1131 2772 ψ.
1203 2708 1380 2773 Neque
1424 2725 1542 2760 vero
1588 2711 1755 2761 solum
1799 2714 1962 2762 nitere
1996 2712 2065 2761 ita
2099 2710 2290 2760 dictum

197 2784 290 2834 est,
328 2790 500 2825 verum
537 2777 689 2826 etiam
723 2778 973 2828 nitescere
1009 2778 1179 2842 aliqua
1210 2793 1288 2836 re,
1327 2788 1381 2827 ut
1413 2779 1487 2829 ad
1517 2779 1747 2830 Herenn.
1793 2778 1875 2829 111.
1923 2780 2005 2837 16,
2042 2779 2126 2831 29.
2161 2776 2289 2827 dici-

196 2851 303 2891 tur:
361 2848 420 2892 ut
450 2844 666 2907 inqenio,
704 2846 965 2902 doctrina,
1004 2849 1373 2907 praeceptione
1406 2851 1594 2896 nattam
1627 2849 1857 2897 nitescat.
1928 2845 2157 2907 Denique
2190 2858 2288 2910 pro

197 2915 424 2972 experta
457 2916 518 2959 at
583 2926 612 2961 e
644 2917 920 2976 perspecta
955 2911 1055 2960 iam
1080 2912 1144 2961 de
1167 2911 1350 2962 Halmii
1375 2914 1664 2964 coniectura
1697 2918 1804 2965 visa
1828 2920 1980 2979 atque
2014 2919 2292 2977 perspecta

197 2976 426 3040 reposui.
568 2992 619 3042 p.
646 2980 693 3027 'i-
724 2978 777 3037 ἕ.
805 2979 884 3031 18.
926 2978 1137 3035 deberet
1160 3004 1223 3015 -
1247 2986 1417 3030 essent
1439 2981 1713 3044 adficiendi
1734 3006 1798 3017 -
1820 2982 2081 3031 videretur
2103 2993 2292 3045 magna

199 3056 265 3091 ex
299 3051 444 3107 parte
476 3044 629 3094 etiam
664 3044 1021 3095 adiuvantibus
1057 3046 1197 3097 libris
1234 3049 1416 3111 scripsi
1454 3062 1549 3112 pro
1584 3048 1734 3100 debet
1773 3072 1838 3087 -—
1878 3053 1996 3098 sunt

199 3134 264 3145 ·--
300 3110 515 3162 videtur.
586 3109 708 3175 Gap.
734 3113 784 3163 8.
820 3111 868 3173 5.
896 3115 976 3163 19.
1013 3114 1171 3164 miror
1203 3129 1359 3176 quam
1392 3129 1491 3179 ego
1526 3116 1628 3164 iam
1669 3116 1749 3165 bis
1787 3115 2010 3164 omnium
2048 3115 2293 3164 librorum

200 3177 498 3226 anctoritate
541 3178 676 3228 edidi
722 3182 1054 3245 scripturam:
1116 3198 1215 3247 qua
1259 3186 1366 3247 teqe
1412 3184 1630 3234 videmiae
1670 3184 1800 3233 satis
1850 3197 1961 3232 esse
2011 3183 2205 3241 sancti,
2259 3195 2293 3232 a

200 3242 340 3292 nullo
377 3244 549 3294 critico
587 3260 688 3296 non
725 3248 878 3299 modo
922 3261 1024 3298 non
1071 3251 1485 3315 comprobatam,
1530 3264 1704 3299 verum
1749 3265 1814 3300 ne
1848 3248 2141 3299 adnotatam
2176 3250 2294 3313 qni·-

200 3309 318 3358 dem
353 3325 484 3372 esse,
521 3328 830 3376 quamquam
873 3315 938 3365 de
982 3317 1193 3366 veritate
1237 3318 1345 3367 eius
1392 3316 1677 3381 scripturae
1717 3317 1939 3367 dubitari
1983 3331 2142 3382 posse
2186 3330 2295 3368 non
