2514 3928
210 156 401 196 nvxu
680 132 1066 188 PROOEMIUM
1102 132 1253 184 EDIT
1256 129 1428 183 10le
1465 128 1836 183 SECUNDAE.

212 278 416 328 ardore
452 272 655 338 scripsit
691 278 831 322 tanto
865 271 1135 321 animorum
1169 269 1380 320 ardore.
1449 264 1578 316 Nam
1622 276 1671 316 et
1710 265 1776 315 ad
1811 263 2107 316 senteutiam
2143 265 2299 332 aptis·

228 344 361 394 sima
396 351 473 392 est
508 339 811 389 coniunctio
848 352 943 403 que
977 347 1027 386 et
1057 335 1295 386 facillime
1329 334 1560 384 excidere
1594 341 1830 399 potuerat
1848 341 2130 398 propterea,
2167 333 2298 393 quod

223 426 318 476 per
353 425 404 475 q.
440 406 592 457 scribi
629 405 855 468 solebat,
900 402 953 453 id
998 403 1135 465 quod
1181 401 1398 467 pertinet
1432 402 1580 451 etiam
1615 401 1681 450 ad
1715 401 1763 461 5.
1789 402 1899 461 25..
1944 400 2031 449 ubi
2074 397 2298 450 Baiterus

222 477 379 526 verba
412 489 542 524 nunc
576 488 683 523 cum
717 470 924 528 delevit,
962 483 1093 531 quae
1126 484 1218 535 per
1261 477 1410 520 notas
1446 467 1639 534 scripta
1670 466 1816 516 facile
1852 466 2125 518 oblitterari
2156 476 2301 532 pctu-

231 552 395 599 ernnt,
434 549 482 591 et
516 540 582 590 ad
620 540 669 602 5.
698 540 807 599 26..
854 536 941 586 ubi
983 543 1122 587 certe
1164 535 1300 586 idem
1332 534 1412 586 vir
1454 532 1777 586 doctissimus
1812 532 1973 594 eiecit,
2015 542 2065 584 et
2097 533 2162 583 ad
2193 547 2300 599 cap.

231 612 313 661 10.
366 608 416 670 5.
449 609 560 666 31..
607 606 695 655 ubi
739 609 887 656 etiam
925 614 1045 653 ante
1087 605 1272 655 exsilio
1317 602 1537 661 sustulit,
1575 611 1623 651 et
1656 601 1721 651 ad
1756 614 1867 669 cap.
1894 603 1973 650 11.
2010 602 2061 663 5.
2086 603 2187 659 33..
2222 599 2305 650 ubi

224 677 438 727 omnium
473 674 524 724 in
560 669 963 739 interpolationis
999 669 1337 736 suspitionem
1368 667 1600 719 adduxit.

364 742 420 790 In
460 741 692 791 orati-one
715 739 998 804 Ligariana
1032 750 1164 800 quae
1194 737 1389 786 mutavi
1423 738 1527 785 sere
1566 734 1692 785 haec
1724 742 1859 783 sunt.
1930 732 2057 800 Cap.
2081 737 2133 784 2.
2177 734 2222 795 5.
2259 734 2309 783 6.

223 825 373 874 quum
415 807 716 874 particulam
760 815 877 855 aute
918 804 1075 854 verba
1115 804 1192 854 M.
1233 803 1411 855 Cicero
1457 819 1485 851 e
1525 801 1665 851 libris
1709 810 1904 851 tantum
1939 816 2043 852 non
2080 800 2307 850 omnibus

228 874 482 931 revocavi,
520 876 572 923 in
607 873 867 939 superiore
903 871 1122 920 editione
1157 869 1421 919 omissam.
1494 867 1618 932 Cap.
1642 871 1691 920 3.
1736 869 1785 929 5.
1814 870 1862 918 7.
1914 870 2135 920 reddere
2168 867 2314 916 resti-

226 942 305 991 tui
331 956 427 1005 pro
458 943 602 991 dare.
640 949 688 989 et
739 939 784 999 5.
810 941 858 989 9.
887 942 976 1002 qui
998 952 1176 988 sensns
1200 951 1297 1001 pro
1326 938 1436 1002 quis
1468 951 1662 986 sensus.
1722 933 1846 1001 Cap.
1874 937 1922 986 5.
1964 936 2012 997 5.
2039 937 2119 985 12.
2154 935 2312 986 omnia

229 1007 443 1073 reposui
467 1016 616 1056 antea
637 1020 669 1055 a
690 1020 772 1054 me
798 1004 1061 1054 omissum.
1119 1004 1167 1064 5.
1196 1007 1277 1054 13.
1313 1011 1391 1054 est
1423 1012 1541 1053 aute
1575 1004 1752 1053 durius
1785 1002 1957 1067 recepi
1981 1011 2029 1052 et
2051 1017 2310 1067 oppugna·

228 1075 306 1126 bis
342 1089 440 1141 pro
469 1073 721 1138 puynabis
754 1071 954 1136 scripsi.
1024 1072 1073 1131 5.
1118 1071 1198 1120 14.
1235 1070 1333 1120 etsi
1368 1069 1527 1119 oratio
1565 1068 1689 1119 satis
1725 1078 1858 1120 recte
1891 1068 2177 1149 composita
2214 1081 2312 1118 nou

225 1151 332 1205 est,
370 1140 498 1190 nihil
524 1151 690 1190 tamen
715 1149 909 1188 mutare
932 1152 1091 1187 ausus
1128 1152 1261 1198 sum,
1298 1152 1453 1199 quum
1476 1137 1721 1186 incertum
1760 1136 1825 1185 sit
1858 1145 1972 1187 utro
2008 1151 2057 1185 m
2094 1135 2312 1186 membro

233 1207 486 1273 scriptura
527 1206 771 1256 mutanda
817 1220 937 1256 esse
979 1205 1223 1255 videatur.
1294 1205 1447 1265 515.
1496 1220 1642 1269 quam
1686 1218 1750 1252 ex
1794 1203 1935 1253 libris
1981 1202 2188 1268 reposui
2221 1215 2313 1266 pro

229 1281 487 1340 quantam.
560 1273 684 1338 Cap.
712 1275 759 1323 6.
795 1274 844 1335 5.
869 1275 950 1325 1⁷.
987 1273 1114 1323 enim
1148 1273 1196 1320 iu
1234 1270 1401 1320 verbis
1436 1273 1534 1321 isto
1558 1272 1686 1320 enim
1720 1273 1915 1321 nomine
1951 1285 2083 1319 nunc
2117 1285 2146 1319 e
2178 1269 2315 1317 libris

233 1343 422 1406 recepi,
462 1353 567 1391 tum
603 1349 656 1391 et
686 1357 853 1392 verum
886 1354 982 1404 pro
1019 1355 1084 1389 ac
1115 1354 1283 1389 verum
1316 1339 1530 1388 restitui.
1601 1335 1724 1401 Cap.
1749 1339 1798 1387 7.
1844 1337 1893 1397 5.
1919 1340 2002 1392 20.
2048 1339 2136 1403 qui
2167 1337 2320 1386 noluit

235 1409 425 1474 scripsi
461 1423 554 1473 pro
588 1410 689 1458 nisi
722 1410 808 1472 qui
838 1409 1007 1458 voluit.
1076 1407 1125 1465 5.
1149 1407 1234 1455 22.
1270 1407 1403 1454 illum
1435 1405 1650 1456 voluisse
1685 1403 1869 1469 scripsi
1915 1419 2009 1469 pro
2056 1406 2201 1454 ullum
2233 1418 2316 1453 vo·

237 1476 407 1529 luisse.
477 1474 600 1539 CaP.
625 1478 672 1526 8.
709 1475 756 1535 5.
793 1475 874 1523 24.
925 1470 1123 1522 restitui
1159 1488 1185 1519 e
1218 1470 1360 1520 libris
1395 1471 1543 1522 bonis
1580 1479 1630 1519 et
1662 1471 1787 1520 satis
1833 1471 2031 1521 multis:
2089 1485 2189 1521 non
2224 1477 2321 1519 tam

235 1550 458 1609 propter
508 1544 567 1593 id
615 1557 678 1591 ne
731 1540 983 1604 offendam
1026 1552 1120 1603 pro
1166 1537 1374 1602 vulgato
1420 1553 1519 1589 non
1566 1545 1665 1588 tam
1709 1552 1772 1588 ne
1817 1540 2086 1604 offendam.
2156 1536 2321 1587 Verba

237 1610 374 1658 enim
414 1613 637 1674 propter
688 1608 767 1665 id,
824 1618 956 1666 quae
998 1613 1118 1655 sunt
1157 1604 1224 1653 ad
1268 1604 1434 1670 ipsam
1478 1604 1579 1653 vim
1628 1604 1903 1655 sententiae
1943 1604 2322 1654 accommodam

236 1676 476 1735 maxime,
514 1688 618 1724 non
654 1688 718 1723 ex
752 1671 1143 1737 interpolatione
1176 1672 1228 1719 in
1264 1671 1499 1720 meliores
1536 1670 1692 1720 libros
1732 1673 1961 1734 venisse,
1996 1686 2172 1721 verum
2205 1684 2323 1736 pro·

234 1751 428 1806 pterea,
468 1740 607 1802 quod
642 1739 775 1789 notis
812 1747 953 1788 eraut
984 1739 1193 1803 scripta,
1232 1737 1424 1788 omissa
1467 1752 1580 1788 esse
1612 1736 1865 1788 videntur.
1931 1740 2160 1803 Propter
2194 1738 2326 1788 enim

225 1818 317 1904 pf
363 1824 660 1886 notabatur,
705 1822 821 1871 vide
863 1822 937 1873 H.
973 1821 1134 1871 Keilii
1167 1821 1422 1872 Gramm.
1462 1821 1600 1872 Lat.
1647 1821 1747 1870 vol.
1785 1822 1889 1873 1111.
1934 1838 1986 1887 p.
2026 1824 2142 1873 326.
2202 1820 2306 1888 Cap

232 1911 288 1958 9.
337 1908 386 1969 5.
413 1908 495 1956 26.
541 1905 739 1966 restitui
774 1907 912 1955 istud
946 1907 1152 1971 quisque
1199 1920 1295 1971 pro
1346 1907 1556 1972 quisque
1613 1906 1783 1964 istud,
1828 1906 1967 1969 quod
2025 1920 2155 1955 unus
2212 1899 2325 1961 c‘od.

233 1973 554 2024 Erfurtensis
590 1973 758 2028 habet.
826 1974 874 2034 5.
900 1975 983 2023 27.
1012 1973 1173 2022 delevi
1200 1973 1503 2023 Particulam
1530 1988 1637 2024 cutm
1672 1983 1789 2023 ante
1821 1975 2023 2024 iniuria.
2094 1972 2219 2039 Cap.
2248 1976 2327 2023 11.

231 2042 290 2105 5.
328 2043 414 2092 31.
461 2040 659 2090 correxi
705 2055 849 2106 quam
892 2041 1026 2091 illius
1068 2055 1162 2105 pro
1207 2056 1337 2106 quae
1379 2041 1513 2090 illius
1556 2049 1606 2090 et
1646 2040 1693 2101 5.
1735 2041 1816 2092 32.
1849 2041 2018 2105 facies
2051 2055 2144 2106 pro
2173 2041 2327 2104 facis.

235 2108 462 2170 Utraque
481 2108 734 2173 scriptura
758 2121 926 2156 errore
949 2109 1002 2156 in
1037 2121 1200 2156 meam
1227 2107 1501 2162 editionem
1524 2104 1799 2173 irrepsisse
1831 2108 2047 2158 videtur.
2097 2106 2167 2158 Ca
2208 2144 2221 2158 .
2248 2109 2329 2158 12.

235 2177 286 2237 5.
313 2176 397 2226 36.
457 2174 698 2239 rescripsi
740 2180 796 2223 ut
839 2189 947 2224 eum
993 2176 1064 2223 tui
1103 2176 1379 2225 studiosum
1432 2188 1524 2238 pro
1569 2180 1627 2224 ut
1668 2189 1775 2224 etan
1817 2176 2107 2226 studiosum.
2225 2176 2334 2223 eni·-

235 2258 337 2305 que
385 2242 433 2301 5.
486 2243 567 2292 38.
611 2242 837 2305 forsitan
879 2241 1018 2302 quod
1063 2241 1112 2290 in
1159 2239 1301 2291 libris
1340 2250 1443 2304 est,
1499 2240 1708 2305 reposui
1750 2256 1847 2306 pro
1894 2241 2146 2304 fortasse.
2193 2241 2335 2303 quod

238 2309 304 2358 de
339 2306 627 2358 coniectura
665 2308 991 2373 scripseram.
1064 2305 1121 2358 Si
1151 2308 1378 2371 forsitan
1410 2321 1587 2358 vet-um
1628 2316 1722 2370 est,
1756 2308 1838 2358 vis
1873 2310 2013 2358 vocis
2056 2309 2122 2358 ad
2157 2322 2336 2358 vocem

237 2390 443 2425 causam
493 2374 810 2424 adsumenda
849 2382 900 2423 et
940 2371 1208 2440 aptissime
1249 2389 1364 2425 cum
1409 2388 1470 2423 ea
1516 2387 1636 2424 voce
1681 2374 2035 2441 coniungenda
2070 2385 2160 2425 est.
2232 2373 2338 2424 Alii

178 2451 187 2468 ·
238 2442 384 2491 aliter
428 2441 789 2505 indicativum,
835 2441 923 2503 qui
965 2441 1094 2491 alias
1137 2456 1240 2491 non
1283 2442 1469 2508 legitur
1513 2444 1564 2492 in
1611 2442 1720 2491 eius
1754 2442 1894 2492 modi
1930 2442 2056 2492 locis
2091 2441 2232 2507 apud
2265 2441 2338 2492 M.

236 2508 484 2569 Tullium,
518 2523 775 2559 removere
810 2507 1125 2558 studuerunt.

372 2575 645 2642 Perpaucis
693 2575 819 2626 locis
867 2575 1019 2625 etiam
1064 2575 1116 2624 in
1164 2576 1422 2637 oratioue,
1476 2588 1606 2636 quae
1658 2585 1736 2626 est
1765 2591 1866 2640 pro
1908 2591 2032 2642 reqe
2067 2576 2340 2634 Deiotam,

234 2644 494 2709 scriptura
527 2658 559 2693 a
592 2660 673 2694 me
709 2657 843 2692 nunc
877 2642 1083 2706 quidem
1106 2653 1302 2693 mutata
1325 2650 1419 2703 est,
1452 2640 1525 2691 ita
1557 2641 1663 2692 fere
1697 2651 1752 2691 ut
1784 2644 1952 2707 magis
1989 2642 2155 2702 etiam,
2182 2655 2343 2704 quam

233 2719 386 2759 antea
423 2710 534 2761 fleri
571 2709 751 2776 potuit,
788 2708 1096 2775 optimorum
1130 2710 1374 2760 librorum
1416 2710 1715 2759 auctoritate
1749 2710 1951 2769 niterer,
1992 2721 2123 2772 quae
2156 2720 2347 2775 postea

235 2776 441 2826 demum
482 2788 589 2826 erat
621 2778 846 2842 cognita,
883 2790 986 2839 qua
1019 2778 1071 2826 in
1106 2792 1161 2826 re
1198 2776 1251 2829 C.
1288 2774 1546 2825 Halmium
1582 2785 1631 2825 et
1666 2773 1720 2827 G.
1757 2775 1815 2830 L.
1852 2776 2134 2840 Kayserum
2171 2777 2347 2841 potis-

236 2841 427 2893 simum
466 2853 698 2893 auctores
734 2842 906 2895 habui.
978 2843 1056 2894 Ab
1103 2843 1183 2892 his
1229 2852 1396 2892 tamen
1432 2854 1549 2907 cap.
1576 2844 1628 2895 5.
1660 2843 1708 2905 5.
1737 2846 1816 2895 13.
1868 2843 1940 2893 ita
1982 2842 2242 2902 dissensi,
2290 2852 2352 2893 ut

237 2922 371 2972 quae
405 2910 456 2958 in
488 2909 637 2959 bonis
672 2908 813 2959 libris
858 2910 1042 2960 tradita
1077 2920 1157 2961 est
1179 2910 1460 2975 scriptura:
1493 2916 1748 2973 postremo
1780 2914 1916 2961 venit
1948 2911 2020 2961 ad
2048 2910 2350 2973 tinnientem

236 2991 340 3028 non
375 2978 448 3027 ad
483 2978 840 3042 insequentem,
875 2991 906 3026 a
940 2992 1024 3027 me
1055 2977 1381 3037 retineretur,
1417 2989 1521 3025 non
1561 2976 1867 3043 reciperetur
1900 2976 1978 3035 id,
2023 2976 2165 3040 quod
2200 2978 2353 3027 vide-

241 3054 328 3092 tur
362 3043 425 3093 ab
461 3043 706 3104 librariis,
744 3053 801 3092 ut
836 3044 997 3094 oratio
1034 3052 1402 3105 exaequaretur
1434 3057 1550 3093 cum
1584 3045 1840 3109 prioribus
1869 3045 2055 3103 verbis,
2093 3043 2357 3109 scriptum

245 3124 390 3160 esse:
449 3118 703 3174 postremo
739 3111 874 3160 venit
908 3118 962 3161 ut
996 3114 1069 3162 ad
1108 3112 1406 3176 fugientem,
1451 3126 1552 3161 non
1594 3120 1651 3162 ut
1691 3114 1765 3162 ad
1802 3114 2167 3177 insequentem,
2213 3126 2359 3173 quae

238 3177 407 3227 oratio
443 3176 574 3226 mihi
610 3177 674 3226 ab
709 3176 807 3228 hoc
843 3178 1068 3227 membro
1104 3179 1269 3227 aliena
1306 3192 1421 3228 esse
1455 3178 1566 3227 visa
1601 3188 1696 3228 est.
1746 3177 1869 3243 Cap.
1894 3182 1943 3232 6.
1979 3180 2027 3239 5.
2056 3180 2120 3229 17
2155 3177 2360 3244 scripsi

239 3257 378 3294 nunc
428 3243 734 3294 auctoritate
779 3241 1045 3295 Strabonis
1082 3244 1195 3296 XII.
1231 3247 1282 3308 δ,
1319 3247 1369 3294 2.
1403 3246 1457 3294 in
1491 3248 1744 3296 cocullum
1779 3246 2007 3296 Blucium
2040 3259 2136 3311 pro
2171 3246 2230 3296 in
2266 3259 2354 3298 ω·
