2514 3928
708 115 1101 168 PROOEMIUM
1138 114 1464 167 EDITIONIS
1501 112 1868 166 SECUNDAE.
2141 131 2331 166 xmrr

237 256 493 315 feruntur,
539 256 823 320 scripturae
862 254 1204 320 discrepantia
1241 264 1342 314 est,
1386 251 1593 301 alteram
1637 252 1900 302 lectionem
1946 266 2082 301 nunc
2123 251 2333 313 quidem

238 324 439 374 retinui.
501 321 624 387 Gap.
652 323 734 371 10.
775 321 826 383 ἐ.
853 323 936 371 23.
975 322 1122 371 codd.
1147 320 1367 370 Parisini
1403 327 1453 368 et
1485 319 1860 370 Gemblacensis
1893 320 2195 369 auctoritate
2217 334 2332 369 esse

237 401 355 439 aute
385 396 683 454 peroratam
717 388 880 437 delevi
924 397 973 437 et
1013 399 1198 454 postea
1242 388 1447 437 Asicius
1489 401 1584 452 pro
1628 387 1855 436 Accitius
1897 397 2078 450 quater
2110 386 2329 439 restitui.

237 455 367 506 Tum
402 473 437 506 a
468 457 602 520 facti
633 455 816 520 scripsi
851 469 946 521 pro
982 472 1015 505 a
1047 457 1190 516 facto
1225 465 1433 503 auctore
1456 452 1728 519 Naugerio.
1779 453 1830 516 §-
1856 455 1939 504 24.
1975 454 2072 503 etsi
2107 453 2330 503 inlibris

235 532 316 572 est
347 525 418 573 sit
451 532 574 589 post
606 524 768 572 euicui
797 523 933 572 modi
965 528 1144 578 autem,
1180 533 1347 571 tamen
1384 528 1477 578 est,
1513 520 1653 582 quod
1688 520 1954 585 superiore
1986 530 2217 585 tempore
2250 535 2333 569 re·

237 604 527 654 posueram,
564 589 763 641 retinui.
836 587 961 654 Cap.
989 591 1073 643 11.
1107 591 1153 651 ξ.
1179 590 1262 639 25.
1311 590 1376 638 de
1409 590 1611 638 lua-urie
1645 589 1832 652 scripsi
1875 602 1970 652 pro
2006 590 2071 638 de
2105 590 2328 644 cauria,

235 657 359 718 quia
393 671 453 707 eo
493 658 799 722 optimorum
832 654 1076 706 librorum
1113 657 1388 706 auctoritas
1423 655 1578 704 ducit.
1636 655 1685 716 5.
1720 658 1804 706 27.
1838 655 2159 719 respondebo
2195 669 2331 703 nunc

235 738 331 788 pro
372 727 911 789 respondeoauctore
952 722 1153 773 Donato
1197 723 1265 772 ad
1308 722 1527 771 Terentii
1571 723 1706 772 Hec.
1742 722 1828 774 IV.
1866 725 1913 770 1.
1950 725 2031 774 36.
2077 723 2329 772 revocavi.

236 789 422 840 Notum
476 801 555 840 est
604 792 739 841 enim
793 789 1027 840 omnibus
1080 805 1234 853 quam
1281 790 1344 839 ob
1387 804 1493 838 rem
1538 805 1696 855 saepe
1736 791 1961 855 Tempus
2006 789 2232 838 futurum
2279 790 2331 837 in

235 872 482 924 praesens
518 859 569 908 in
606 859 714 908 eius
750 858 893 907 modi
928 857 1054 906 locis
1089 867 1449 908 commutatum
1486 857 1568 919 sit,
1610 858 1723 907 vide
1757 873 1890 921 quae
1923 871 2085 922 supra
2117 857 2228 905 dixi
2265 856 2331 903 ad

238 927 521 976 orationem
555 925 883 975 Vatinianam
928 939 971 973 c.
998 927 1048 975 3.
1084 925 1130 985 §-
1157 926 1207 977 6.
1279 923 1400 989 Cap.
1437 926 1517 973 12.
1562 926 1611 986 ἓ.
1646 926 1728 975 29.
1776 927 1882 975 iam
1914 926 2120 989 deficiat
2153 940 2180 973 e
2214 924 2328 972 cod.

232 991 469 1042 Parisino
521 1007 615 1057 pro
674 994 876 1056 deficiet
924 995 1117 1056 recepi,
1172 1000 1222 1041 et
1271 991 1443 1056 paullo
1485 1004 1604 1055 post
1645 995 1850 1056 copiose
1893 999 1944 1042 ee
1982 994 2214 1058 praviter
2260 993 2331 1039 ita

232 1060 447 1125 scripsi,
493 1070 550 1108 ut
593 1066 864 1124 appareret
905 1060 1110 1121 copiose
1145 1059 1210 1108 de
1242 1061 1532 1108 coniectura
1565 1059 1813 1108 adiectum
1860 1074 1993 1110 esse.
2064 1060 2110 1120 §-
2147 1060 2230 1111 30.
2284 1059 2333 1107 si

234 1142 366 1190 quae
402 1133 480 1176 est
514 1136 724 1176 auctore
758 1123 816 1175 G.
853 1124 1051 1174 Halmio
1087 1139 1182 1189 pro
1217 1127 1266 1174 si
1299 1141 1400 1190 qua
1432 1133 1509 1174 est
1549 1127 1775 1191 reposui.
1843 1127 1898 1175 In
1943 1126 2056 1175 cod.
2091 1125 2328 1175 Parisino

234 1202 317 1240 est
357 1194 600 1256 siquas-st.
666 1192 794 1240 Inde
838 1200 1053 1255 apparet
1094 1204 1247 1252 quem
1290 1193 1358 1240 ad
1402 1192 1609 1239 modum
1658 1194 1705 1240 si
1755 1209 1856 1256 qua
1899 1200 1975 1242 est
2019 1202 2198 1242 natum
2242 1193 2326 1241 sit.

237 1256 366 1322 Cap.
396 1258 477 1309 14.
518 1257 571 1319 5.
595 1259 677 1307 33.
714 1259 762 1305 εἰ
793 1259 879 1306 illo
913 1256 1111 1305 restitui
1146 1267 1357 1321 propter
1389 1256 1558 1318 ipsam
1602 1257 1917 1306 sententiam.
1983 1260 2040 1306 In
2075 1260 2217 1308 libris
2253 1270 2331 1308 est

234 1326 319 1374 sin
353 1325 461 1377 illo,
487 1374 502 1387 ‚
533 1322 658 1388 Gap.
688 1325 764 1373 15.
803 1323 851 1383 §-
877 1325 962 1372 35.
997 1329 1055 1372 ut
1085 1325 1235 1373 etiam
1269 1337 1454 1373 verear
1486 1332 1689 1371 auctore
1726 1321 2090 1388 Wesenbergio
2124 1326 2330 1389 scripsi,

233 1392 290 1440 in
325 1390 470 1440 libris
507 1400 587 1440 est
619 1397 676 1440 ut
709 1398 761 1440 et
793 1405 994 1441 verear.
1028 1396 1082 1439 et
1114 1399 1289 1439 natum
1322 1398 1403 1440 est
1436 1403 1501 1438 ex
1539 1390 1602 1450 ἆ·
1616 1426 1629 1449 ,
1667 1390 1721 1439 id
1756 1403 1849 1449 est,
1886 1391 2047 1449 etiam,
2083 1405 2239 1451 quum
2267 1392 2321 1442 ἁ

233 1459 348 1508 sine
382 1457 518 1507 linea
553 1458 623 1507 sit
655 1464 722 1507 et.
793 1457 978 1507 Postea
1012 1458 1200 1522 scripsi
1235 1467 1441 1507 auctore
1474 1456 1671 1506 Halmio
1708 1472 1773 1507 ac
1799 1456 1955 1519 falsa,
1991 1459 2046 1505 in
2081 1457 2220 1507 libris
2258 1467 2335 1506 est

230 1533 321 1575 aut
349 1526 507 1588 falsa.
563 1525 610 1585 §-
637 1526 720 1576 36.
756 1525 989 1573 revocavi
1026 1524 1252 1574 omnium
1288 1525 1393 1581 fere
1427 1523 1668 1574 librorum
1702 1524 2007 1574 auctoritate
2040 1539 2112 1574 ex
2143 1525 2222 1574 Ιιίε
2244 1527 2338 1588 igi-

232 1599 317 1643 tur
352 1594 468 1642 tuis.
541 1590 802 1642 Sententia
845 1591 969 1639 haec
1013 1600 1091 1640 est
1133 1602 1329 1642 remoto
1372 1606 1496 1642 sene
1537 1590 1626 1641 illo
1672 1591 1802 1642 duro
1849 1606 1909 1639 ac
1943 1606 2108 1656 paene
2140 1593 2334 1656 agresti

232 1670 281 1708 et
317 1660 527 1710 omnino
564 1660 674 1709 eius
698 1659 840 1708 modi
863 1657 1174 1719 hominibuS,
1210 1660 1264 1709 id
1286 1660 1392 1710 sere
1415 1659 1662 1722 sequitur,
1698 1669 1756 1709 ut
1778 1674 1843 1708 ex
1868 1658 1948 1709 his
1974 1660 2075 1709 tuis
2109 1659 2333 1722 aliquem

231 1741 451 1777 sumam.
523 1723 647 1792 Cap.
676 1728 758 1778 16.
794 1728 841 1786 §-
867 1728 950 1776 37.
989 1727 1053 1775 de
1089 1723 1149 1776 Ο.
1186 1726 1450 1776 Ribbeckii
1483 1727 1770 1776 coniectura
1801 1729 1869 1776 mi
1899 1741 1997 1792 pro
2021 1727 2139 1777 milti
2158 1728 2330 1792 ree-epi

231 1805 293 1844 et
324 1796 624 1859 nequiquam
666 1808 761 1858 pro
807 1794 1142 1859 nequidquam
1189 1809 1216 1842 e
1254 1795 1404 1848 codd.
1441 1792 1790 1844 Gemblacensi
1826 1805 1876 1844 et
1909 1794 2140 1844 Parisino
2175 1808 2332 1860 repo-

231 1862 341 1921 sui,
400 1873 507 1910 tum
550 1871 719 1910 autem
766 1862 948 1911 dissice
993 1861 1181 1925 scripsi
1224 1875 1318 1925 pro
1370 1862 1547 1912 disiice
1599 1871 1806 1911 auctore
1855 1862 2111 1921 Puteano‚
2167 1865 2257 1924 qui
2302 1877 2332 1911 e

228 1929 478 1979 librorum
511 1928 745 1993 vestigiis
781 1941 894 1977 eam
927 1926 1231 1993 scripturam
1267 1930 1410 1980 eruit.
1484 1927 1535 1991 §-
1554 1929 1637 1979 38.
1674 1930 1881 1980 derecto
1916 1930 2029 1979 cod.
2063 1930 2329 1981 Parisinus

229 1996 442 2055 obtulit,
486 1995 542 2044 in
585 1998 762 2045 ceteris
808 1994 948 2043 libris
994 1997 1189 2047 directo
1224 1996 1435 2061 legitur,
1470 1995 1642 2060 paullo
1677 2007 1799 2061 post
1827 1999 1996 2060 possit
2026 2012 2123 2063 pro
2154 2004 2332 2061 potest

228 2073 444 2113 auctore
476 2062 674 2112 Halmio
709 2062 925 2112 restitui.
997 2062 1120 2127 Cap.
1148 2065 1228 2115 17.
1265 2065 1311 2125 ὅ.
1335 2066 1419 2115 39.
1463 2070 1616 2128 atque
1657 2067 1711 2113 in
1753 2065 2095 2128 voluptatibus
2135 2079 2231 2129 pro
2278 2071 2334 2114 ee

227 2130 570 2196 voluptatibus
603 2145 668 2179 ex
705 2130 1009 2194 optimorum
1041 2131 1290 2181 librorum
1324 2131 1624 2180 auctoritate
1653 2132 1879 2191 restitui,
1932 2142 2113 2197 postea
2157 2141 2330 2180 autem

227 2208 349 2248 ante
395 2196 551 2247 verba
592 2198 718 2247 nihil
755 2198 811 2246 in
852 2198 957 2246 vita
999 2196 1177 2247 addidi
1221 2202 1309 2263 qai
1350 2208 1558 2247 auctore
1588 2198 1806 2248 Halmio.
1876 2200 1923 2260 §-
1958 2202 2042 2249 41.
2084 2206 2175 2249 aut
2205 2214 2329 2263 pro·

227 2266 462 2329 laps-ione
499 2279 528 2313 e
560 2265 674 2318 cod.
712 2263 945 2313 Parisino
982 2265 1169 2329 scripsi
1203 2265 1598 2331 astipulantibus
1635 2266 1749 2317 aliis
1794 2281 2000 2330 quoque
2050 2266 2194 2316 libris
2231 2279 2327 2330 pro

229 2331 442 2397 vulgato
488 2347 552 2382 ac
594 2332 941 2395 prolapsione.
1012 2329 1136 2397 Gap.
1159 2333 1242 2384 18.
1280 2333 1328 2393 §-
1351 2335 1434 2383 42.
1474 2334 1683 2383 derecta
1725 2334 1903 2383 eodem
1943 2333 2057 2382 cod.
2092 2333 2326 2382 Parisino

228 2409 443 2448 auctore
485 2399 673 2463 scripsi
716 2411 813 2463 pro
859 2400 1074 2453 directa.
1143 2400 1191 2460 §-
1217 2401 1302 2450 43.
1347 2399 1545 2449 Halmio
1579 2410 1784 2450 auctore
1818 2402 1921 2451 iam
1956 2401 2330 2465 defer-baiesen!

227 2479 326 2531 pro
364 2466 703 2529 defervissent
734 2464 919 2529 scripsi
963 2466 1278 2529 eandemque
1324 2468 1571 2518 rationem
1614 2478 1819 2518 secutus
1855 2469 2005 2518 etiam
2041 2467 2177 2517 infra
2212 2481 2327 2515 sum

226 2547 345 2598 cap.
373 2535 437 2583 31
463 2548 542 2595 sq.
590 2533 638 2593 §-
673 2535 755 2583 77.
828 2530 950 2597 Gap.
979 2536 1060 2586 19.
1096 2534 1144 2594 ἓ.
1176 2537 1262 2584 47.
1304 2551 1418 2585 sese
1461 2535 1573 2585 cod.
1615 2535 1898 2595 Parisinus,
1934 2549 1992 2585 se
2026 2535 2177 2586 ceteri
2222 2534 2328 2582 fere

224 2600 364 2650 libri.
400 2600 576 2649 eadem
595 2600 642 2660 §-
680 2606 756 2650 tot
786 2602 887 2649 iam
918 2615 1112 2651 menses
1145 2603 1333 2666 scripsi
1366 2611 1574 2652 auctore
1606 2601 1881 2662 Lambino,
1934 2603 1987 2650 in
2032 2602 2146 2651 cod.
2181 2601 2326 2649 Pari-

224 2667 348 2716 sino
395 2677 474 2715 est
517 2675 593 2717 tot
635 2675 882 2717 tamense-3
926 2667 1096 2729 (erasa
1129 2685 1163 2719 a
1199 2668 1404 2735 littera),
1447 2670 1600 2719 ceteri
1633 2669 1749 2719 libri
1784 2670 1970 2719 habent
2005 2674 2080 2718 tot
2113 2683 2323 2720 menses.

224 2731 359 2798 Cap.
383 2735 467 2784 20.
505 2734 554 2795 ἕ.
577 2734 661 2783 48.
706 2736 867 2798 ipsam
908 2751 1014 2785 rem
1056 2751 1149 2801 pro
1195 2738 1294 2786 iam
1334 2753 1441 2786 rem
1486 2737 1550 2786 de
1591 2738 1776 2786 Halmii
1810 2737 2100 2786 coniectura
2134 2737 2323 2787 editum

222 2811 324 2851 est.
381 2801 429 2861 ἕ.
454 2801 538 2851 49.
570 2801 738 2862 faciat
770 2827 836 2837 —
867 2809 1018 2866 qerat
1053 2819 1080 2852 e
1114 2803 1255 2853 libris
1293 2803 1601 2866 quibusdam
1636 2804 1970 2853 deterioribus
2006 2806 2193 2871 scripsi
2227 2818 2323 2869 pro

219 2868 390 2930 faciet
422 2893 490 2902 —
522 2874 686 2931 peret.
759 2868 809 2930 ἐ.
855 2879 1024 2918 autem
1068 2873 1151 2922 50.
1207 2872 1423 2921 iniurias
1472 2879 1587 2921 tuas
1638 2885 1732 2935 pro
1784 2873 2026 2934 iniurias,
2080 2872 2218 2935 quod
2271 2872 2325 2919 in

224 2934 372 2983 libris
411 2944 506 2994 est,
543 2946 676 2983 recte
709 2946 873 3000 nuper
908 2934 964 2986 G.
999 2938 1230 2987 Halmius
1273 2939 1493 2988 restituit
1526 2938 1820 2987 auctoritate
1853 2939 2096 2988 Arusiani
2130 2954 2182 3004 p.
2203 2939 2321 2995 249,

224 3001 306 3053 ed.
346 3000 578 3052 Lindem.
617 3011 666 3051 et
700 3000 863 3052 Servii
895 3004 963 3052 ad
997 3005 1123 3054 Aen.
1157 3005 1218 3054 ΙΙ.
1257 3006 1372 3055 148.
1431 3001 1554 3070 Cap.
1580 3007 1664 3057 22.
1699 3006 1745 3065 ἓ.
1770 3006 1853 3057 55.
1890 3008 1954 3055 de
1989 3020 2101 3055 meo
2136 3005 2325 3069 scripsi

215 3069 523 3131 facinerosa
573 3084 667 3134 pro
715 3070 1018 3133 facinorosa
1067 3072 1384 3122 constantiae
1434 3073 1618 3137 gratia.
1689 3071 1813 3136 Cap.
1854 3075 1937 3124 23.
1989 3072 2037 3132 §-
2073 3074 2160 3122 56.
2212 3073 2322 3120 iam

220 3136 410 3200 scripsi
459 3150 487 3184 e
531 3137 645 3186 cod.
691 3136 1028 3202 palimpsesto
1075 3138 1380 3188 Taurinensi
1425 3149 1633 3189 auctore
1683 3140 1835 3188 etiam
1878 3138 2103 3187 Halmio:
2162 3139 2215 3187 si
2243 3138 2323 3187 ln‘c

222 3205 409 3253 nullius
445 3218 622 3254 nomen
652 3206 916 3255 detulisset
948 3218 1044 3269 pro
1078 3206 1129 3254 εἰ
1160 3206 1240 3254 hic
1276 3207 1458 3255 nemini
1488 3221 1665 3255 nomen
1698 3207 1975 3263 detulisset,
2013 3217 2321 3265 quamquam

220 3271 436 3322 dativus
479 3284 573 3337 per
616 3285 675 3321 se
718 3280 854 3320 recte
896 3270 1096 3321 dicitur.
1169 3271 1218 3333 §-
1252 3273 1335 3321 57.
1380 3272 1474 3321 hoc
1520 3280 1636 3320 ante
1677 3272 1884 3333 ignorat
1927 3284 1957 3318 a
2000 3282 2083 3317 me
2116 3281 2325 3329 quoque

296 3368 408 3405 010.
434 3352 511 3405 11.
565 3356 618 3405 8.
1887 3365 1918 3396 c
