2514 3928
224 186 336 223 xxn
913 168 1290 223 PROOEMIUM
1325 170 1636 226 EDITORIS.

221 327 272 374 p.
311 309 398 361 86.
437 310 554 359 adn.
596 309 716 374 Cap.
747 308 828 360 26.
864 311 913 370 5.
942 308 1026 363 65.
1065 323 1195 357 nunc
1230 309 1428 357 restitui
1464 323 1538 360 me
1574 326 1608 359 a
1632 312 1896 374 provincia
1931 311 2178 363 decedere
2213 328 2309 378 pro

164 410 172 417 ·
219 394 291 428 me
323 394 431 429 mea
461 380 720 442 provincia
758 377 1018 427 decedere.
1095 377 1215 440 Cap.
1257 376 1341 428 32.
1371 377 1421 439 5.
1464 377 1547 429 79.
1586 380 1772 444 scripsi
1806 394 1939 430 nunc
1973 395 2001 430 e
2039 380 2165 431 libro
2196 382 2292 431 Eri

218 446 326 499 Sed
350 448 476 497 haec
508 463 599 513 eqo
629 450 750 497 meis
775 445 1084 509 ponderibus
1113 446 1410 512 emansinabo
1434 461 1528 512 pro
1553 462 1633 508 eo,
1664 448 1800 510 quod
1828 456 1976 498 antea
2000 449 2307 515 scripseram

219 518 329 567 cod.
369 516 491 565 Bav.
527 527 758 567 secutus:
795 513 906 565 Sed
931 529 1022 581 eqo
1053 515 1181 564 haec
1205 517 1327 565 meis·
1361 524 1454 565 etc.
1526 515 1652 565 Nam
1684 531 1774 580 eqo
1802 515 2083 568 Pronomen
2113 526 2307 569 tantam

218 590 322 635 vim
345 599 447 634 non
487 586 659 650 putavi
694 584 900 645 habere,
938 593 993 634 ut
1023 585 1242 649 primum
1269 584 1432 633 locum
1460 593 1627 635 tenere
1653 595 1845 650 posset.
1882 585 2006 651 Cap.
2028 585 2115 640 33.
2142 588 2190 650 5.
2213 588 2301 640 81.

217 655 398 719 scripsi
428 668 586 705 nunc:
625 654 745 716 Quis
781 661 857 704 est
886 661 1105 703 nostrum
1131 653 1409 703 liberaliter·
1440 655 1682 705 educatus
1705 680 1765 690 ——
1787 658 1871 706 cui
1899 671 1996 706 non
2032 659 2169 707 locus
2195 658 2306 720 ipse

216 726 300 774 ille
330 732 512 789 mutus,
559 723 647 773 ubi
676 724 827 773 alitus
855 730 943 772 aut
977 722 1150 773 doctus
1183 730 1286 781 esc,
1336 738 1441 772 cum
1471 731 1631 788 grato
1670 725 2021 775 recordatione
2060 729 2113 776 in
2146 734 2307 776 mente

215 794 480 843 versetur?
525 792 651 842 Nam
686 792 823 855 quod
858 793 942 842 ille
979 792 1031 840 in
1061 790 1205 841 libris
1241 792 1458 841 diversis
1494 793 1619 842 locis
1651 802 1885 857 apparet,
1922 794 2040 843 inde
2070 793 2305 845 concludi

216 875 315 911 non
347 863 533 925 poterit
568 875 680 910 esse
716 859 813 910 hoc
840 874 1119 926 pronomen
1151 861 1502 922 omittendum,
1531 862 1667 925 quod
1695 871 1831 911 recte
1853 871 2123 926 praeparat
2157 862 2303 922 illud,

217 930 357 991 quod
386 930 640 992 sequitur:
690 929 777 980 ubi
808 931 958 979 alitus
992 937 1081 979 aut
1114 929 1356 980 educatus
1390 938 1492 992 est,
1540 946 1696 994 quum
1729 931 1867 994 quod
1905 931 2155 981 antecedit
2184 945 2303 996 pro·

216 1013 399 1048 nomen
431 1000 541 1062 ipse
577 998 675 1048 hoc
702 997 971 1064 significet,
1009 997 1173 1047 locum
1206 997 1371 1048 solum
1405 1000 1594 1064 opponi
1623 998 2029 1062 hominibus,
2063 1015 2193 1061 quos
2220 1015 2304 1049 ca-

216 1068 375 1117 riores
423 1068 572 1117 etiam
621 1083 775 1130 quam
822 1075 1058 1116 mutum
1104 1067 1313 1116 locum
1358 1067 1543 1118 hebere
1579 1069 1871 1119 debeamus,
1942 1067 2089 1128 Quod
2132 1076 2303 1118 autem

216 1136 454 1201 deinceps
503 1136 660 1186 critici
702 1150 863 1201 paene
902 1150 1077 1185 omnes
1122 1136 1429 1200 scripserunt
1467 1137 1603 1186 altus
1642 1152 1733 1203 pro
1767 1152 1853 1196 eo,
1899 1137 2036 1200 quod
2068 1136 2117 1184 in
2158 1136 2305 1186 libris

216 1206 450 1257 omnibus
481 1213 574 1269 est,
614 1207 766 1256 alitus
801 1205 953 1268 idque
987 1213 1289 1270 putaverunt
1321 1205 1618 1255 auctoritate
1655 1204 1986 1255 Prisciani
2016 1204 2303 1254 confectum

215 1288 347 1334 esse,
387 1273 719 1324 falsissimum
751 1282 847 1325 est.
886 1274 1017 1324 Nam
1043 1275 1427 1324 Priscianus
1456 1274 1542 1323 lib.
1579 1273 1644 1325 X.
1688 1275 1784 1325 col.
1822 1272 1945 1324 897.
1982 1271 2061 1322 ed.
2094 1272 2298 1323 Putsch.

214 1342 341 1393 haec
374 1343 552 1393 habet:
593 1343 672 1394 Ab
710 1346 813 1395 alo
846 1348 966 1395 vero
997 1352 1096 1395 tam
1130 1345 1314 1394 altus
1350 1359 1493 1409 quam
1528 1345 1730 1394 alitus
1762 1343 1960 1392 dicitur.
2004 1341 2176 1393 Cicero
2204 1356 2304 1406 pro

214 1411 461 1464 Plancio.-
505 1412 612 1463 ubi
651 1415 823 1463 altus
859 1421 973 1463 est.
1047 1411 1288 1464 Similiter
1319 1412 1534 1463 Sallust.
1573 1414 1623 1462 in
1656 1411 1887 1478 Iu9urtli.
1954 1411 2036 1461 Et
2082 1425 2303 1462 omnem

213 1490 490 1532 aetatem
524 1483 765 1545 Arpini
806 1481 1003 1531 ultus.
1076 1479 1140 1530 In
1178 1482 1470 1547 quibusdam
1504 1489 1668 1532 autem
1708 1479 1959 1531 codicibus
1991 1482 2140 1530 etiam
2176 1482 2303 1541 ali-

214 1558 317 1601 tus
352 1551 637 1610 invenitur„
677 1566 777 1612 quo
808 1550 1012 1611 quidem
1043 1548 1154 1599 loco
1181 1553 1538 1615 grammaticus
1571 1551 1682 1614 ipse
1709 1550 1808 1599 hoc
1835 1549 2077 1613 prodidit,
2114 1557 2165 1597 et
2201 1549 2304 1599 dici

214 1622 446 1683 potuisse
471 1629 572 1670 tam
608 1621 758 1669 alitus
792 1632 943 1680 quam
973 1620 1109 1669 altus
1139 1630 1188 1666 et
1216 1618 1314 1669 hoc
1348 1635 1545 1682 quoque
1578 1619 1690 1670 loco
1722 1621 1771 1668 in
1803 1618 1921 1667 aliis
1953 1617 2094 1667 libris
2131 1621 2301 1681 alitus,

216 1689 267 1736 in
302 1688 416 1737 aliis
450 1691 583 1738 altus
617 1702 711 1736 suo
742 1695 966 1751 tempore
1001 1688 1246 1752 scriptum
1286 1688 1461 1748 fuisse,
1498 1695 1551 1736 ut
1583 1695 1688 1738 tuto
1721 1688 2025 1752 optimorum
2062 1686 2304 1737 librorum

215 1757 564 1806 auctoritatem
610 1756 694 1805 hic
724 1771 837 1805 cum
879 1755 1215 1806 deterioribus
1261 1757 1403 1806 libris
1435 1757 1808 1821 conspirantem
1846 1756 1989 1818 sequi
2023 1755 2299 1821 possimus.

218 1826 318 1874 Res
349 1831 517 1875 autem
557 1825 669 1889 ipsa
705 1825 781 1873 sic
817 1838 873 1873 se
909 1824 1076 1877 habet.
1118 1826 1445 1892 participium
1478 1824 1695 1890 perfecti
1728 1824 1923 1891 passivi
1953 1839 1985 1873 a
2014 1826 2169 1873 verbo
2200 1826 2301 1882 alo,

216 1893 352 1956 quod
383 1901 489 1942 erat
517 1908 582 1944 ex
607 1894 717 1958 ipsa
751 1892 989 1959 analogia
1014 1896 1182 1953 alitus,
1212 1895 1565 1957 antiquissimo
1601 1902 1827 1959 tempore
1854 1893 2150 1958 plerumque
2183 1908 2304 1942 con·

215 1971 368 2013 tracte
403 1962 664 2014 dicebatur
697 1964 857 2028 altus,
904 1962 1059 2014 veluti
1096 1966 1233 2030 apud
1261 1963 1561 2017 Plautum
1592 1963 1838 2015 Rudentis
1876 1971 1974 2016 act.
2015 1963 2100 2012 111.
2139 1977 2213 2011 sc.
2250 1964 2303 2016 4.

214 2047 265 2086 v,
301 2030 384 2082 36.
433 2033 571 2098 apud
617 2032 1000 2083 Ciceronem
1038 2034 1189 2087 Brut.
1229 2050 1343 2099 cap.
1387 2033 1468 2086 10.
1518 2036 1569 2096 5.
1601 2031 1686 2087 39.
1725 2035 1871 2096 episi.
1917 2032 1991 2081 ad
2021 2032 2307 2096 familiares

215 2100 302 2151 lib.
338 2102 422 2154 Vl.
459 2117 542 2166 ep.
586 2103 629 2152 l.
666 2103 715 2163 5.
752 2100 801 2152 6.
848 2102 911 2150 de
937 2110 1042 2153 nat.
1078 2104 1218 2154 deor.
1255 2103 1342 2153 lib.
1375 2103 1437 2155 11.
1469 2116 1580 2167 cap.
1605 2101 1693 2155 46.
1732 2104 1782 2163 5.
1827 2099 1945 2151 118.
1977 2100 2307 2165 apudVar-

215 2184 430 2219 ronem
471 2171 609 2236 apud
640 2170 853 2221 Nonium
883 2186 936 2236 p.
977 2170 1099 2234 237,
1143 2174 1245 2234 15.,
1294 2173 1383 2223 sed
1422 2172 1577 2221 altera
1612 2179 1779 2220 tamen
1812 2170 1977 2220 forma
2013 2170 2168 2219 alitus
2201 2182 2305 2219 non

214 2253 424 2303 prorsus
462 2255 490 2288 e
534 2239 898 2290 consuetudine
939 2241 1137 2292 sublata
1187 2249 1312 2290 erat.
1384 2239 1546 2300 Quam
1588 2240 1650 2289 ob
1693 2255 1799 2289 rem
1849 2252 2004 2301 quum
2049 2238 2111 2287 ab
2154 2239 2306 2289 aliam

215 2316 387 2358 natum
414 2317 549 2359 esset
567 2308 760 2359 Nomen
792 2308 1098 2361 adiectivum
1134 2313 1282 2375 altus,
1321 2310 1458 2372 qnod
1493 2309 1591 2359 hac
1621 2323 1823 2373 semper
1846 2306 2010 2356 forma
2033 2307 2305 2366 diceretur,

217 2378 448 2427 vitandae
495 2378 841 2445 ambiguitatis
882 2381 1077 2444 gratia,
1123 2390 1177 2429 ut
1223 2380 1295 2429 ait
1336 2377 1679 2429 Diomedes
1714 2377 1801 2429 lib.
1842 2378 1880 2426 1.
1921 2375 2017 2428 col.
2058 2373 2178 2426 371.
2218 2375 2300 2425 ed.

214 2445 439 2501 Putsch„
477 2447 641 2497 forma
682 2448 838 2510 alitus
880 2462 1056 2498 rursus
1102 2449 1340 2513 usurpari
1377 2456 1558 2512 coepta
1602 2455 1704 2512 est,
1747 2462 1843 2509 qua
1877 2446 1939 2495 de
1977 2460 2033 2495 re
2070 2444 2306 2494 conferas

217 2517 365 2567 etiam
406 2514 778 2567 charisium
812 2515 905 2569 lib.
946 2515 1029 2567 111.
1070 2518 1167 2566 col.
1208 2516 1327 2567 220.
1364 2517 1446 2567 ed.
1488 2513 1696 2567 Putscli.
1771 2517 1943 2577 ltaque
1981 2523 2031 2562 et
2061 2512 2158 2563 hoc
2192 2514 2305 2577 ipso

214 2585 324 2636 loco
369 2596 419 2635 et
466 2587 603 2651 apud
652 2584 1056 2636 Sallustium
1105 2586 1157 2635 in
1198 2585 1443 2651 Iugurtha
1476 2599 1586 2649 cap.
1628 2583 1714 2635 63.
1753 2586 1802 2645 5.
1843 2581 1893 2634 3.
1938 2589 1986 2632 et
2030 2582 2167 2647 apud
2201 2580 2307 2631 Li-

214 2658 384 2705 vium
425 2654 515 2706 lib.
553 2656 721 2706 XXX.
765 2669 878 2719 cap.
917 2652 1002 2705 28.
1042 2654 1096 2718 5.
1139 2656 1188 2705 4.
1231 2657 1284 2703 in
1321 2654 1527 2718 optimis
1568 2653 1710 2702 libris
1743 2652 1830 2701 illa
1870 2652 2035 2701 forma
2070 2649 2305 2710 habetur,

216 2739 349 2785 quae
393 2726 674 2789 posteriore
716 2732 946 2786 tempore
979 2724 1254 2773 admodum
1291 2723 1608 2784 frequentata
1645 2731 1749 2781 est,
1802 2720 1955 2770 veluti
2002 2734 2033 2768 a
2080 2717 2306 2769 Curtio

213 2792 303 2844 lib.
344 2794 475 2842 VIII.
517 2807 628 2858 cap.
666 2792 746 2844 10.
779 2794 830 2854 5.
862 2791 915 2844 8.
959 2807 991 2841 a
1026 2792 1302 2842 Valerio
1344 2791 1613 2840 Maximo
1657 2791 1743 2839 lib.
1784 2790 1865 2839 111.
1907 2802 2017 2853 cap.
2058 2788 2111 2841 4.
2161 2787 2213 2849 S.
2249 2792 2302 2839 4.

213 2861 302 2914 lib.
340 2862 451 2912 vn.
493 2876 605 2926 cap.
645 2865 695 2911 2.
729 2868 829 2911 ext.
862 2862 911 2923 5.
953 2862 1004 2913 7.
1044 2860 1133 2913 lib.
1166 2861 1256 2911 IX.
1297 2875 1411 2925 eap.
1453 2858 1505 2910 3.
1544 2860 1595 2923 5.
1626 2858 1677 2910 8.
1716 2867 1764 2910 et
1800 2871 1953 2923 saepe
1991 2857 2135 2906 alias.
2180 2853 2305 2921 cup.

215 2929 301 2980 36.
339 2930 390 2992 5.
429 2928 515 2979 88.
556 2931 704 2979 etiam
745 2930 789 2979 si
827 2931 1009 2989 verba,
1047 2945 1177 2993 quae
1213 2944 1316 2979 non
1356 2937 1473 2979 sunt
1516 2930 1568 2977 in
1614 2929 1755 2979 libris
1790 2926 2115 2977 melioribus:
2166 2939 2310 2989 quem

208 2998 443 3062 profecto
472 3013 571 3050 non
603 2997 843 3058 videbam,
879 2999 1030 3050 facile
1064 3008 1271 3065 propter
1307 2998 1685 3048 similitudinem
1717 2997 1982 3047 verborum
2010 2994 2227 3048 viderem
2260 3004 2310 3044 et

213 3068 436 3118 videbam
465 3067 628 3118 omitti
664 3075 950 3131 potuerunt,
980 3077 1028 3117 et
1064 3069 1131 3117 ad
1166 3067 1463 3117 sententiam
1499 3069 1624 3117 satis
1656 3073 1774 3131 apta
1807 3072 1941 3125 sunt,
1978 3073 2147 3114 tamen
2174 3077 2309 3113 nunc

217 3136 281 3186 de
316 3136 708 3202 interpolatione
744 3144 983 3201 suspecta
1017 3151 1076 3187 ea
1108 3135 1304 3195 habeo,
1339 3136 1510 3198 itaque
1548 3136 1693 3184 uncis
1729 3133 2055 3184 circumdedi.
2130 3130 2307 3182 Paullo

213 3214 330 3270 post
362 3206 557 3255 restitui
593 3221 621 3253 e
644 3207 756 3257 cod.
792 3205 896 3256 Erf.
923 3205 1057 3255 hunc
1080 3206 1350 3256 verborum
1378 3205 1632 3255 ordinem:
1677 3202 1776 3255 Ubi
1802 3205 1925 3253 enim
1953 3201 2069 3252 m’lzz·
2092 3208 2309 3264 praesto

211 3274 428 3336 fuissent
461 3282 554 3325 etc.
611 3274 734 3324 Eum
775 3275 938 3330 enim,
973 3275 1061 3324 ubi
1098 3284 1292 3324 tacetur
1324 3274 1386 3323 de
1420 3272 1549 3323 libro
1583 3272 1861 3334 Rustico,
1906 3270 2071 3322 solum
2106 3271 2159 3318 in
2194 3271 2308 3319 eius

216 3342 357 3393 modi
388 3343 540 3392 rebus
572 3343 888 3406 sequendum
915 3342 1040 3392 mihi
1077 3343 1238 3392 videri
1272 3343 1375 3396 iam
1409 3355 1565 3406 supra
1596 3339 1895 3405 significavi.
1937 3339 2155 3389 Omissis
2192 3338 2309 3389 aliis

218 3412 367 3461 rebus
403 3410 674 3462 levioribus
711 3425 1048 3462 commemoro
1085 3426 1166 3462 me
1193 3426 1327 3462 nunc
1364 3425 1476 3476 cap.
1514 3411 1601 3463 41.
1634 3411 1682 3473 5.
1719 3409 1833 3461 100.
1873 3408 2028 3459 verba
2055 3410 2108 3461 oi
2130 3422 2225 3480 τις.
2260 3423 2311 3458 οι
