2514 3928
220 250 288 303 τι
827 241 990 301 cAP.
1023 251 1286 305 εει-ει.
1328 250 1379 311 s.
1414 208 1684 309 72—-78,
1818 247 1845 258 ⁴*
2167 248 2291 310 335

223 409 412 468 quum
446 398 720 467 peterent
754 390 940 453 armis
969 391 1043 465 ii,
1085 410 1353 468 quorum
1394 405 1569 457 erant
1623 400 1885 479 legibuS,
1921 401 2037 461 etsi
2092 399 2152 460 in
2197 417 2287 460 re-

222 475 339 536 bus
368 473 768 550 iniquissimis
794 475 938 549 quid
982 484 1190 552 potest
1233 493 1377 538 esse
1421 479 1644 553 aequi?
1696 489 1898 543 tamen
1956 499 2135 556 quem
2166 492 2293 544 erat

222 556 665 633 aequissimum
718 567 929 617 contra
974 558 1078 618 Cn.
1123 557 1397 633 Pompeii
1448 561 1673 621 liberos
1723 568 2024 636 pugnare,
2069 574 2294 640 quem?

223 642 334 714 Te,
364 649 685 701 sectorem.
774 639 873 702 76.
916 644 1013 701 An
1060 659 1242 717 quum
1294 651 1357 702 tu
1385 644 1666 703 Narbone
1708 660 1952 705 mensas
1983 647 2291 722 hospitum

223 740 659 798 convomeres,
694 725 1009 785 Dolabella
1037 741 1150 800 pro
1183 731 1240 783 te
1271 724 1329 784 in
1359 725 1656 801 Hispania
1691 726 2043 788 dimicaret?

350 807 462 882 Qui
498 824 642 868 vero
684 808 968 868 Narbone
1010 808 1275 869 reditus!
1311 809 1506 869 Etiam
1553 811 1886 884 quaerebat
1924 828 2032 871 cur
2060 829 2176 887 ego
2213 831 2293 873 ex

220 891 362 967 ipso
395 908 578 952 cursu
622 901 739 952 tam
782 892 983 952 subito
1018 893 1428 953 revertissem.
1515 892 1793 968 Exposui
1825 910 2045 969 nuper,
2090 906 2292 969 patres

222 976 575 1051 conscripti,
605 992 853 1036 causam
883 975 1118 1037 reditus
1148 976 1286 1035 mei.
1340 978 1544 1049 Volui,
1568 977 1622 1036 si
1652 993 1921 1051 possem,
1953 978 2130 1038 etiam
2154 988 2293 1039 ante

216 1060 530 1122 Kalendas
557 1060 870 1120 Ianuarias
905 1062 1207 1133 prodesse
1239 1060 1329 1119 rei
1360 1060 1659 1134 publicae.
1704 1061 1871 1134 Nam,
1907 1063 2075 1137 quod
2107 1080 2294 1136 quae-

217 1143 421 1215 rebaS‚
446 1159 568 1217 quo
593 1144 776 1203 modo
802 1142 1118 1215 redissem,
1147 1142 1404 1217 primum
1430 1145 1584 1216 luce,
1613 1161 1730 1203 non
1747 1146 2045 1206 tenebr1s=
2072 1145 2292 1205 deinde

220 1242 358 1286 cum
393 1224 618 1285 calceis
650 1234 710 1286 et
745 1233 903 1300 toga,
937 1226 1117 1285 nullis
1138 1241 1253 1285 nec
1290 1225 1535 1286 Gallicis
1568 1243 1679 1287 nec
1708 1228 1970 1287 lacerna.
2009 1234 2091 1289 At
2114 1230 2293 1289 etiam

221 1307 453 1382 aspicis
483 1324 578 1366 me
607 1317 668 1368 et
698 1307 972 1382 quidem,
1005 1318 1071 1369 ut
1104 1308 1360 1381 videriS‚
1404 1308 1612 1369 iratus.
1696 1310 1785 1369 Ne
1817 1318 1879 1370 tu
1906 1310 2022 1370 iam
2055 1329 2289 1373 mecum

222 1394 283 1452 in
314 1390 568 1465 gratiam
607 1391 857 1463 redeas,
902 1390 957 1450 si
1010 1390 1173 1450 scias
1206 1408 1388 1465 quam
1420 1407 1516 1451 me
1547 1393 1773 1466 pudeat
1801 1394 2107 1467 nequitiae
2138 1403 2294 1468 tuae,

223 1476 399 1535 cuius
441 1483 500 1534 te
545 1475 746 1549 ipsum
791 1490 911 1533 non
961 1475 1167 1548 pudet.
1266 1474 1360 1533 Ex
1416 1474 1682 1534 omnium
1727 1475 2008 1535 omnibus
2049 1476 2293 1550 flagitiis

223 1559 453 1619 nullum
484 1556 721 1632 turpius
755 1557 899 1630 vidi,
938 1558 1163 1617 nullum
1196 1556 1424 1617 audivi.
1565 1556 1677 1631 Qui
1708 1557 1994 1632 magister
2029 1560 2293 1634 equiturn

225 1641 419 1702 fuisse
448 1641 552 1701 tibi
588 1640 884 1701 viderere.
920 1640 982 1701 in
1012 1640 1359 1716 proximum
1391 1658 1616 1701 annum
1639 1643 2017 1701 consulatum
2051 1651 2295 1717 peteres

225 1726 321 1785 vel
364 1725 569 1800 potius
600 1741 877 1800 rogareS,
907 1725 1009 1800 [is]
1033 1742 1144 1799 per
1185 1724 1514 1800 municipia
1545 1724 1945 1800 coloniasque
1975 1725 2222 1798 Galliae,
2259 1744 2297 1786 a

224 1826 346 1885 qua
380 1825 493 1869 nos
521 1818 661 1879 tum,
696 1825 881 1884 quum
907 1810 1264 1869 consulatus
1293 1810 1626 1882 petebatur,
1660 1825 1784 1867 non
1814 1808 2160 1883 rogabatur,
2191 1826 2294 1885 pe-

221 1901 351 1953 tere
394 1894 775 1952 consulatum
827 1893 1210 1966 solebamus,
1242 1908 1380 1951 cum
1417 1891 1662 1952 Gallicis
1711 1900 1772 1952 et
1808 1893 2050 1952 lacerna
2081 1908 2294 1952 cucur-

223 1975 374 2035 risti.
460 1976 667 2034 XXXI.
701 1973 802 2037 77.
846 1978 926 2036 At
973 1976 1173 2036 videle
1214 1976 1518 2036 levitatem
1547 1975 1829 2036 hominis.
1920 1976 2113 2050 Quum
2146 1977 2296 2037 hora

226 2057 349 2118 diei
391 2059 631 2118 decima
675 2059 807 2117 sere
834 2059 912 2116 ad
947 2057 1113 2118 Saxa
1141 2059 1323 2119 rubra
1354 2059 1642 2131 venisset,
1673 2058 1908 2119 delituit
1934 2059 1994 2118 in
2033 2061 2295 2134 quadarn

227 2142 575 2215 cauponula
614 2148 800 2216 atque
840 2140 917 2217 ibi
971 2158 1040 2200 se
1085 2140 1399 2203 occultans
1444 2143 1791 2217 perpotavit
1830 2143 1910 2201 ad
1943 2139 2293 2217 vesperam=

229 2225 372 2285 inde
408 2221 560 2284 cisio
595 2223 870 2284 celeriter
917 2225 991 2283 ad
1027 2227 1238 2286 urbem
1271 2227 1597 2299 advectus,
1629 2227 1874 2287 domum
1904 2226 2070 2286 venit
2098 2227 2296 2300 capite

231 2305 569 2368 obvoluto.'
599 2306 855 2367 Ianitor:
899 2305 1045 2379 Quis
1076 2307 1171 2365 tu!
1216 2305 1507 2365 AMarco
1537 2303 1912 2365 tabellarius.
1959 2303 2298 2364 Confestim

227 2391 305 2450 ad
331 2406 485 2460 eam,
512 2390 687 2452 cuius
712 2406 903 2450 causa
921 2397 1196 2461 venerat,
1218 2389 1543 2449 deducitur
1566 2387 1748 2462 eique
1769 2385 2093 2462 epistolam
2110 2387 2298 2459 tradi·

228 2474 335 2535 dit.
368 2476 561 2550 Quam
579 2491 764 2549 quum
789 2473 889 2534 illa
903 2475 1136 2550 legeret
1148 2473 1308 2534 flens
1320 2508 1386 2517 —
1401 2471 1706 2533 eratenim
1723 2471 1955 2544 scripta
1968 2471 2266 2531 amatorie
2282 2494 2295 2532 ε

227 2565 414 2632 caput
458 2564 662 2619 autem
697 2555 1025 2619 litterarum
1072 2557 1187 2616 sibi
1232 2573 1369 2618 curn
1399 2558 1501 2617 illa
1528 2557 1708 2616 mima
1739 2557 1996 2631 posthac
2027 2556 2172 2615 nihil
2210 2557 2300 2619 fu-

228 2648 454 2702 turumz
509 2656 748 2700 omnem
804 2657 873 2700 se
926 2657 1194 2700 amorem
1252 2640 1556 2702 abiecisse
1611 2641 1772 2699 illinc
1811 2646 1993 2714 atque
2034 2638 2091 2697 in
2142 2638 2300 2697 hanc

230 2723 635 2784 transfudisse
661 2756 736 2768 —
765 2739 948 2798 quum
981 2723 1194 2783 mulier
1224 2723 1399 2783 fleret
1433 2723 1701 2796 uberius,
1734 2723 1917 2783 homo
1950 2720 2300 2781 misericors

230 2809 389 2867 ferre
431 2823 552 2867 non
587 2806 805 2882 potuit,
849 2816 1032 2883 caput
1065 2807 1322 2882 aperuit,
1356 2807 1414 2865 in
1442 2809 1661 2866 collum
1693 2805 1932 2866 invasit.
2024 2803 2070 2862 Ο
2108 2804 2300 2864 homi-

228 2906 367 2949 nem
422 2899 717 2965 nequam!
767 2890 922 2964 Quid
964 2890 1123 2950 enim
1164 2890 1327 2950 aliud
1371 2889 1609 2949 dicam?
1647 2889 1845 2964 Magis
1878 2887 2126 2964 proprie
2156 2888 2300 2947 nihil

230 2990 486 3049 possum
529 2974 753 3034 dicere.
841 2975 1025 3050 Ergo,
1059 2983 1123 3034 ut
1165 2983 1221 3034 te
1255 2974 1629 3045 Catamitum,
1678 2988 1790 3032 nec
1819 2971 2066 3047 opinato
2114 2989 2300 3046 quum

230 3072 291 3124 te
320 3059 729 3131 ostendisses,
759 3063 1007 3132 praeter
1029 3071 1207 3129 spem
1236 3056 1454 3115 mulier
1476 3058 1800 3134 aspiceret,
1826 3054 2056 3117 idcirco
2087 3056 2299 3117 urbem

231 3151 459 3202 terrore
491 3146 807 3212 nocturno,
839 3138 1069 3200 Italiam
1098 3140 1418 3199 multorum
1443 3138 1672 3198 dierum
1709 3147 1872 3200 metu
1893 3139 2302 3214 perturbasti?

229 3221 331 3286 78.
379 3224 456 3284 Et
493 3222 661 3282 domi
703 3223 946 3296 quidem
980 3238 1227 3282 causam
1261 3221 1488 3282 amoris
1502 3218 1948 3290 habuisti,l'oris
1972 3222 2152 3282 etiam
2182 3228 2300 3280 tur-

233 3305 498 3380 piorem,
539 3322 618 3366 ne
657 3307 722 3366 L.
762 3306 1020 3367 Plancus
1060 3306 1319 3380 praedes
1373 3313 1512 3366 tuos
1551 3306 1862 3365 venderet.
1960 3303 2299 3362 Productus

235 3398 434 3450 autem
466 3391 522 3450 in
567 3388 908 3450 contionem
942 3407 979 3451 a
1010 3388 1248 3450 tribuno
1296 3387 1492 3464 plebis
1536 3405 1721 3462 quum
1765 3381 2196 3459 respondisses
2244 3390 2301 3441 tc
