2514 3928
137 73 809 133 ffl-—ffl
828 114 1744 130 *affl
1759 114 1880 124 --νυιι-τ
1905 108 2378 123 cauam--

903 301 1287 354 PROOEMIUM
1328 300 1646 355 EDITORIS.
2246 320 2325 360 vn

221 454 340 508 ete„
379 445 465 495 ubi
502 443 641 508 quod
669 443 722 492 in
752 443 987 493 omnibus
1020 440 1188 500 libris,
1223 441 1376 491 etiam
1406 442 1456 492 in
1494 440 1827 508 palimpsesto
1853 443 2132 504 Vaticano,
2165 443 2328 495 habe-

221 526 302 564 tur
343 530 472 582 quae
513 522 628 579 post
659 519 749 563 auc
783 513 1055 577 repetitum
1084 512 1264 561 abesse
1302 512 1508 574 quidem
1551 520 1773 577 poterat,
1811 513 1903 562 sed
1936 527 2037 563 non
2073 514 2208 564 male
2246 523 2330 563 ta·-

221 598 337 634 men
372 585 639 649 repetitum
683 590 788 641 est,
834 583 974 645 quod
1010 597 1071 632 eo
1108 583 1410 646 pronomine
1452 584 1618 631 omnis
1652 583 1892 631 orationis
1928 599 2109 634 cursus
2153 585 2320 635 denuo

221 653 489 704 indicatur.
561 650 835 715 Similiter,
882 651 975 701 sed
1002 650 1116 709 arui
1155 659 1325 700 tamen
1359 651 1630 701 verborum
1677 651 2008 703 collocatione
2054 654 2237 703 dicitur
2270 655 2319 703 in

220 723 447 772 oratione
475 721 759 787 Philippica
794 720 930 770 XIV.
971 704 1089 788 εἰῇ.
1130 721 1180 772 5.
1223 720 1277 782 S.
1318 719 1401 771 14.
1454 720 1598 772 Unde
1636 721 1790 785 igitur
1833 721 1937 772 isca
1982 723 2195 791 suspitio
2245 724 2326 773 vel

213 793 384 857 potius
417 792 546 842 unde
581 792 676 841 iste
703 791 902 842 sermo?
935 791 1026 840 ubi
1057 799 1225 841 tamen
1253 790 1433 840 eodem
1462 793 1571 841 iure
1598 791 1699 840 dici
1722 797 1924 857 poterat
1955 792 2136 841 etiam=
2178 791 2323 843 Unde
2407 826 2412 829 -

217 865 319 912 ista
354 861 565 926 suspitio
606 863 688 911 vel
719 861 852 911 unde
883 863 1050 923 potius
1083 862 1178 910 iste
1211 861 1414 911 sermo?
1448 874 1755 923 quamquam
1793 859 1880 909 illa
1914 861 2184 911 verborum
2217 860 2320 910 col·

220 931 468 981 locatione
501 930 667 995 magis
697 945 791 995 per
818 945 873 979 se
911 929 1201 996 alterapars
1216 930 1641 996 interrogationis
1660 937 1889 980 constare
1921 931 2138 989 videtur,
2164 932 2242 980 nti
2272 932 2320 979 in

219 1000 462 1065 oratione,
495 1014 624 1062 quae
655 1009 733 1049 est
755 1014 858 1064 pro
891 998 970 1048 M.
994 999 1164 1050 Caelio
1182 999 1335 1063 Rufo,
1372 1014 1484 1064 cap.
1513 997 1596 1050 29.
1622 1001 1674 1061 5.
1697 999 1781 1050 68.
1806 1000 2015 1049 dicitur:
2055 999 2325 1118 Percipig‘s

217 1071 408 1136 animis,
446 1069 655 1133 iudice-5⁸,
693 1071 791 1119 iam
821 1069 1002 1119 dudum
1031 1069 1166 1134 quod
1199 1068 1348 1119 velim
1380 1071 1460 1119 vel
1486 1070 1655 1133 potius
1691 1069 1826 1134 quod
1859 1070 2004 1120 nolim
2035 1069 2223 1119 dicere.
2306 1069 2323 1118 i

219 1154 311 1188 nos
333 1140 384 1188 iu
407 1139 518 1189 eius
541 1139 679 1188 modi
702 1137 829 1188 locis
854 1139 1026 1188 omnia
1059 1138 1474 1203 interrogationis
1510 1138 1673 1189 fulcra
1699 1153 1799 1188 non
1825 1138 2049 1189 solemus
2070 1147 2321 1203 repetere,

219 1209 273 1258 id
306 1223 401 1273 per
428 1223 495 1257 'se
530 1206 716 1258 falsum
755 1222 856 1258 non
897 1217 1001 1267 est,
1040 1208 1132 1258 sed
1163 1206 1294 1256 nihil
1333 1214 1501 1258 tamen
1539 1209 1593 1258 id
1623 1209 1846 1273 pertinet
1883 1208 1949 1258 ad
1988 1216 2212 1258 veterem
2246 1208 2323 1259 di·
2402 1215 2412 1221 ’

218 1277 365 1327 cendi
397 1278 662 1328 rationem.
700 1274 821 1340 Cap.
851 1278 1033 1327 eodem
1069 1278 1121 1339 5.
1161 1275 1247 1326 31.
1287 1279 1578 1341 improbavi
1614 1292 1762 1341 quam
1800 1277 1919 1327 fecit
1957 1278 2322 1343 interpunctio·

218 1360 332 1395 nem
363 1346 621 1396 Halmiusz
658 1344 790 1394 Mihi
823 1353 985 1395 autem
1018 1345 1110 1394 hoe
1141 1347 1449 1407 propositum
1484 1353 1562 1395 est
1598 1347 1890 1411 ostendere,
1927 1349 2089 1397 omnia
2124 1355 2243 1412 etc.,
2276 1357 2324 1396 et

219 1415 401 1479 scripsi
448 1415 512 1463 de
547 1413 824 1462 industria:
875 1413 1007 1462 Mihi
1042 1419 1202 1462 autem
1238 1413 1332 1462 hoc
1370 1414 1679 1476 propositum
1715 1422 1814 1479 est,
1860 1417 2126 1466 ostendere
2162 1417 2324 1468 onznia

223 1489 318 1537 etc.
366 1481 492 1546 Cap.
533 1481 620 1530 17.
658 1481 710 1542 5.
751 1478 836 1532 39.
875 1481 1058 1545 scripsi
1093 1495 1208 1530 cum
1243 1480 1442 1529 Halmio
1477 1487 1679 1531 mortem
1706 1492 1982 1547 maereret,
2036 1485 2130 1535 sed
2166 1500 2320 1549 quum

223 1550 339 1607 nod,
384 1565 496 1616 reg.
535 1549 699 1603 Paris.
734 1547 890 1600 7794.
924 1557 973 1599 et
1004 1550 1115 1599 cod.
1151 1549 1302 1604 Bern.
1331 1550 1474 1615 prior
1511 1556 1714 1600 mortem
1749 1552 2007 1612 omittant,
2051 1553 2324 1604 Beruensis

220 1620 349 1670 alter
388 1627 438 1671 et
474 1618 529 1671 C.
563 1615 811 1684 Stephani
838 1619 950 1670 cod.
989 1620 1206 1669 habeant
1231 1619 1437 1670 caedem
1472 1626 1739 1683 maereret,
1782 1619 1986 1670 videtur
2016 1622 2159 1687 mihi,
2188 1622 2322 1687 quod

220 1692 271 1739 in
303 1689 479 1740 codice
509 1687 753 1738 Vaticano
777 1696 883 1739 est:
917 1697 1120 1739 mortem
1147 1689 1425 1755 derideret,
1459 1704 1559 1738 non
1588 1690 1757 1755 magis
1795 1704 1870 1738 eo·
1893 1688 2077 1749 facere,
2114 1698 2170 1740 ut
2202 1693 2327 1740 scri-

217 1768 416 1825 pturam
440 1764 643 1809 mortem
668 1764 882 1824 tueatur,
909 1773 1063 1823 quam
1089 1765 1145 1808 ut
1165 1759 1386 1824 caedem,
1420 1759 1662 1823 quoniam
1684 1759 1949 1810 derideret
1967 1775 2028 1810 ex
2047 1759 2326 1811 cedemere·

219 1836 299 1879 ret
341 1836 635 1892 corruptum
668 1842 782 1878 esse
818 1835 1016 1893 potest,
1053 1836 1109 1877 ut
1141 1827 1300 1878 altera
1337 1832 1589 1894 scriptura
1624 1829 1828 1879 eaedem
1857 1836 2111 1880 maereret
2145 1844 2240 1895 per
2268 1845 2323 1879 se

216 1897 574 1962 improbabilis
613 1911 713 1946 non
747 1898 828 1947 sit.
868 1896 968 1947 Gur
997 1897 1169 1963 paullo
1202 1905 1320 1963 post
1354 1898 1406 1947 in
1437 1899 1606 1948 verbis
1631 1897 1741 1949 his:
1776 1901 1866 1964 qui
1889 1915 1923 1948 a
1956 1915 2029 1950 me
2058 1901 2192 1950 nullo
2217 1914 2323 1951 meo

216 1969 385 2019 merito
421 1969 616 2018 alienus
649 1982 760 2017 esse
796 1966 1035 2033 debebat,
1087 1983 1185 2017 non
1223 1969 1504 2032 receperim
1544 1970 1648 2019 veri
1687 1969 1907 2020 similem
1950 1972 2114 2035 prima
2149 1971 2322 2035 specie

214 2038 554 2087 coniecturam
592 2036 646 2087 C.
684 2036 867 2086 Halmii
900 2052 997 2088 non
1029 2037 1255 2102 debebat,
1290 2039 1376 2087 vix
1413 2047 1488 2087 est
1523 2039 1659 2101 quod
1689 2038 1871 2089 dicam.
1907 2040 2076 2090 Verba
2110 2038 2208 2090 hoc
2247 2039 2321 2088 di-

120 2165 124 2169 ,
216 2114 366 2157 cunta
415 2107 478 2156 de
521 2121 616 2171 quo
648 2105 770 2155 nihil
814 2108 920 2170 eius
957 2108 1091 2157 modi
1121 2122 1399 2157 merueram
1445 2113 1500 2156 ut
1539 2109 1735 2158 alienus
1765 2124 1799 2158 a
1831 2125 1906 2159 me
1941 2124 2055 2160 esse
2091 2108 2318 2159 deberet.

217 2176 539 2225 Voluntatem
575 2185 726 2238 atque
760 2177 1061 2226 sententiam
1097 2177 1312 2227 oratoris
1348 2185 1485 2226 recte
1515 2178 1616 2226 iam
1641 2179 1906 2243 perspexit
1938 2176 2319 2243 Seyffertus

218 2246 255 2295 l.
295 2261 343 2294 c.
379 2259 436 2309 p.
475 2243 562 2295 60.
636 2244 757 2309 Cap.
798 2244 883 2296 18.
920 2246 971 2306 5.
1006 2247 1090 2295 41.
1129 2260 1281 2309 quam
1321 2246 1491 2311 recepi
1527 2248 1932 2297 commendatam
1967 2247 2070 2297 iam
2102 2247 2165 2297 ab
2198 2245 2320 2296 Hal-

206 2316 321 2365 mio
353 2314 661 2379 scripturam
696 2314 826 2363 hanc
854 2315 962 2365 eius
1000 2315 1320 2379 suspitionem
1353 2328 1448 2379 pro
1484 2314 1615 2365 hanc
1646 2317 1695 2365 ei
1727 2318 2077 2379 suspicionem,
2114 2330 2176 2366 ea
2211 2324 2319 2364 tum

218 2386 423 2433 demum
461 2398 581 2433 vera
613 2398 726 2433 esse
759 2384 977 2448 videtur,
1017 2383 1061 2433 si
1085 2384 1377 2446 genetivum
1415 2385 1487 2434 ita
1520 2386 1745 2450 accipias
1777 2386 1925 2448 quasi
1961 2387 2027 2434 sit
2063 2387 2113 2434 in
2150 2399 2227 2448 eo,
2264 2395 2319 2433 ut

216 2453 345 2503 mihi
377 2454 479 2502 iam
505 2452 713 2518 vulgata
741 2451 872 2502 Itane
905 2455 956 2503 ei
981 2454 1305 2517 suspitionem
1331 2454 1517 2510 verior,
1554 2454 1778 2518 apertior
1803 2454 2009 2517 quidem
2037 2461 2170 2503 certe
2206 2466 2320 2502 esse

223 2523 470 2573 videatur.
523 2518 647 2586 CaP.
680 2523 767 2573 21.
798 2522 847 2583 5.
881 2524 969 2573 47.
1007 2522 1191 2572 retinui
1229 2523 1381 2571 etiam
1413 2536 1545 2571 nunc
1576 2537 1727 2585 quam
1767 2523 1887 2572 olim
1928 2522 2026 2572 feci
2063 2523 2319 2573 coniectu·

216 2606 339 2641 ram.
367 2590 434 2641 ad
471 2590 768 2641 Laelium
801 2605 853 2656 p.
898 2590 1014 2643 108.
1053 2606 1117 2641 ex
1149 2600 1387 2656 corrupta
1424 2593 1677 2657 scriptura
1713 2606 1772 2641 eo
1809 2607 2024 2656 corpore
2060 2592 2172 2642 cod.
2213 2590 2319 2638 Va-

216 2662 373 2711 ticani
409 2659 734 2709 scribendum
773 2674 886 2710 esse
931 2676 1000 2711 esc
1035 2675 1251 2724 corpore
1283 2675 1375 2725 pro
1414 2676 1442 2711 e
1483 2676 1715 2725 corpore.
1793 2659 2152 2728 Comprobavit
2187 2660 2318 2709 hanc

215 2730 463 2780 rationem
498 2743 664 2779 meam
693 2729 844 2779 etiam
880 2728 1397 2794 Wesenbergius
1433 2729 1469 2783 l.
1508 2746 1551 2781 c.
1596 2745 1648 2795 p.
1689 2729 1774 2780 32.
1854 2728 1977 2795 Cap.
2012 2731 2096 2782 22.
2137 2730 2188 2791 5.
2230 2729 2316 2781 50.

215 2798 402 2863 reliqui
444 2797 666 2848 omnium
707 2798 949 2849 librorum
984 2801 1290 2864 scripturam
1335 2797 1489 2848 hanc:
1524 2800 1706 2849 deinde
1739 2800 1813 2849 ad
1842 2801 2113 2863 infimorum
2150 2813 2212 2847 ae
2246 2807 2318 2849 te·

216 2870 554 2919 nuissimorum
601 2867 834 2919 hominum
881 2867 1156 2920 Minturnis
1200 2868 1596 2918 misericordiam
1642 2869 1954 2934 confugisse,
2012 2883 2318 2931 quamquam

215 2938 488 2987 verborum
516 2936 782 2987 collocatio
801 2938 929 2988 mihi
955 2954 1155 3003 quoque
1180 2938 1306 2988 dura
1331 2936 1606 2988 admodum
1631 2952 1745 2987 esse
1771 2937 1986 2991 videtur.
2024 2936 2126 2988 Sed
2151 2946 2319 2988 tamen

216 3021 385 3070 aeque
411 3004 829 3057 Minturnensium
862 3022 976 3057 esse
1008 3007 1367 3073 corrigendum
1395 3008 1653 3067 existimo,
1691 3007 1827 3070 quod
1853 3022 2000 3058 nemo
2035 3006 2185 3057 facile
2220 3008 2318 3057 isto

213 3075 327 3126 loco
365 3077 411 3125 si
450 3085 556 3125 erat
591 3076 831 3141 positum,
865 3078 913 3127 in
940 3076 1219 3128 Minturnis
1244 3077 1588 3141 depravasset,
1624 3091 1790 3140 neque
1817 3076 2095 3128 Minturnis
2120 3076 2320 3125 videtur

216 3160 373 3210 posse
409 3160 522 3195 cum
560 3145 764 3195 nomine
798 3146 1036 3197 hominum
1071 3147 1345 3212 coniungi,
1377 3146 1471 3196 sed
1509 3160 1621 3195 esse
1658 3144 2053 3196 antAblativum
2091 3145 2189 3195 loci
2233 3155 2319 3193 ant
2393 3161 2398 3166 ’

217 3230 285 3265 ex
324 3214 634 3279 glossemate
671 3221 844 3264 natum
880 3231 1070 3275 eorum,
1110 3215 1196 3278 qui
1233 3213 1421 3279 locum,
1454 3216 1514 3265 in·
1535 3231 1635 3278 quo
1659 3215 1801 3265 istud
1833 3215 2018 3267 factum
2051 3222 2202 3275 esset,
2243 3213 2323 3263 in·

214 3284 389 3334 dicare
432 3282 640 3337 vellent.
715 3282 837 3350 Cap.
876 3286 962 3337 24.
996 3286 1049 3347 S.
1083 3286 1170 3338 54.
1209 3292 1447 3348 corrupta
1493 3299 1627 3334 nunc
1670 3285 1799 3334 haec
1847 3284 2001 3335 verba
2051 3296 2167 3333 esse
2210 3282 2320 3332 exi--

213 3354 396 3404 atimoz
431 3354 566 3403 inter
599 3369 750 3404 meum
790 3355 1055 3405 discrimen
1095 3361 1148 3404 et
1182 3368 1350 3404 eorum
1382 3353 1655 3415 praedam,
1700 3352 1793 3402 sed
1829 3367 1985 3416 quum
2021 3350 2160 3400 nulla
2194 3348 2320 3399 mihi

214 3423 342 3471 catis
375 3420 585 3472 fecisset
609 3437 784 3472 earum
810 3422 1197 3483 correctionum,
1229 3436 1360 3483 quae
1395 3422 1687 3486 propositae
1721 3429 1853 3485 sunt,
1891 3419 2044 3470 malui
2082 3425 2336 3483 corrupta.

213 3492 369 3541 verba
405 3490 692 3554 relinquere
736 3506 886 3553 quam
924 3491 1332 3543 emendationem
1379 3503 1590 3553 prorsus
1632 3488 1881 3537 infirmam
1916 3501 2126 3551 ponere.
2201 3485 2321 3556 Ali-o

211 3561 365 3611 modo
406 3569 660 3625 quo·cap.
691 3561 775 3609 24.
813 3561 862 3621 5.
903 3559 991 3613 63.
1028 3558 1203 3610 Cicero
1243 3558 1374 3607 dixit
1412 3564 1511 3605 tum
1540 3570 1615 3603 me
1649 3554 1883 3616 expulso,
1920 3552 2012 3599 sed
2047 3557 2215 3594 tamen
2253 3558 2324 3589 si·-
