2514 3928
204 190 334 255 168
790 189 866 249 m
901 188 965 250 L.
993 132 1666 247 PlsONEMmORATlo.
2220 193 2308 249 70

208 341 410 403 laudis
440 349 501 401 et
526 338 756 413 gloriae
792 336 1124 413 cupiditate
1153 346 1462 409 versatur,
1507 340 1744 399 futuros
1773 337 2018 411 aliquos
2049 336 2151 411 qui
2184 335 2302 395 ab·

209 426 431 486 iectum
465 421 584 484 hoc
614 422 880 482 cadaver
909 421 1341 482 consularibus
1383 421 1601 497 spoliis
1647 421 1880 481 nudare
1921 436 2042 480 non
2078 417 2308 492 nolint,

213 503 577 577 praesertim
599 509 720 562 tam
739 502 1011 575 adflicto,
1034 510 1156 562 tam
1182 502 1370 577 inopi,
1394 510 1514 562 tam
1539 500 1799 572 infirme,
1823 507 1950 561 tam
1971 508 2276 563 enervato

212 601 355 646 reo:
392 586 493 660 qui
525 594 588 647 te
618 587 703 647 ita
731 587 1023 660 gesseris,
1050 594 1119 645 ut
1148 588 1392 646 timeres
1422 601 1502 644 ne
1533 584 1817 660 indignus
1846 584 2152 645 beneficio
2180 585 2278 646 vi·

215 668 474 740 dereris,
506 669 623 729 nisi
657 671 817 742 eius,
849 687 886 729 a
916 687 1041 744 quo
1071 670 1298 729 missus
1332 686 1498 740 eraS‚
1531 667 1873 729 simillimus
1895 668 2275 729 exstitisses.

332 751 600 812 XXXIV.
637 748 740 815 83.
782 753 881 812 An
916 760 1064 812 vero
1096 759 1159 811 tu
1191 769 1401 827 parum
1432 761 1610 829 putas
1641 752 2041 827 investigatas
2081 768 2230 812 esse
2260 769 2306 812 a

210 834 391 896 nobis
421 835 595 897 labes
636 834 874 911 imperii
905 836 993 896 tui
1028 836 1392 909 stragesque
1421 835 1819 912 provinciae?
1859 852 2015 911 quas
2044 834 2302 911 quidem

211 936 329 981 nos
363 935 487 979 non
518 916 796 994 vestigiis
825 920 1160 980 odorantes
1189 919 1510 994 ingressus
1543 928 1705 992 tuos,
1737 919 1849 981 sed
1880 920 2023 980 totis
2052 920 2300 980 voluta-

98 1025 103 1029 ·
211 1002 482 1064 tionibus
528 1001 813 1077 corporis
855 1009 917 1063 et
960 1001 1265 1063 cubilibus
1310 1003 1618 1078 persecuti
1664 1011 1896 1064 sumus:
1996 1003 2214 1063 Notata
2256 1019 2296 1061 a

209 1085 390 1146 nobis
422 1093 565 1146 sunt
593 1093 655 1145 et
682 1083 876 1161 prima
908 1086 1009 1146 illa
1045 1085 1280 1147 scelera
1310 1086 1369 1146 in
1409 1086 1708 1160 adventu,
1755 1101 1941 1161 quum
1965 1130 1980 1159 ,
2037 1094 2300 1161 accepta

210 1169 478 1244 pecunia
515 1184 554 1229 a
581 1168 1023 1248 Dyrrhachinis
1068 1171 1148 1231 ob
1178 1185 1394 1230 necem
1424 1170 1685 1245 hospitis
1716 1168 1803 1230 tui
1829 1168 2086 1229 Platoris
2104 1215 2121 1242 ,
2154 1169 2302 1229 eius

208 1251 406 1328 ipsius
419 1252 668 1314 domum
688 1253 1023 1330 devertisti,
1049 1255 1223 1317 cuius
1243 1254 1598 1329 sanguinem
1623 1253 1970 1326 addixeras,
2005 1268 2297 1328 eumque,

210 1335 409 1397 servis
455 1337 919 1415 symphoniacis
968 1346 1030 1398 et
1062 1337 1198 1398 aliis
1229 1337 1583 1398 muneribus
1626 1337 1933 1412 acceptis,
1965 1335 2298 1398 ¹timentem

208 1421 586 1496 multumque
610 1421 982 1483 dubitantem
1025 1422 1396 1483 confirmasti
1437 1431 1499 1483 et
1517 1419 2015 1482 Thessalonicam
2043 1420 2166 1482 fide
2189 1429 2298 1481 tua

211 1504 420 1566 venire
461 1504 717 1566 iussisti.
818 1505 1006 1579 Quem
1053 1522 1129 1564 ne
1170 1505 1465 1566 maiorum
1509 1504 1755 1580 quidem
1784 1520 1956 1565 more
1984 1503 2302 1579 supplicio

207 1587 521 1662 adfecisti,
565 1604 750 1662 quum
797 1589 986 1649 miser
1023 1587 1124 1649 ille
1153 1591 1485 1649 securibus
1539 1587 1803 1662 hospitis
1859 1587 1958 1648 sui
2009 1586 2297 1649 cervices

210 1671 518 1733 subiicere
546 1672 827 1746 gestiret,
871 1672 982 1730 sed
1026 1670 1083 1729 ei
1105 1671 1367 1742 medico,
1398 1687 1578 1744 quem
1604 1680 1802 1731 tecum
1828 1678 1952 1733 tum
1964 1672 2298 1749 eduxeraS,

208 1753 545 1830 imperasti,
574 1761 641 1815 ut
665 1770 859 1814 venas
890 1752 1154 1814 hominis
1184 1753 1506 1817 incideret=
1550 1753 1653 1817 84.
1690 1771 1877 1830 quum
1908 1754 2152 1830 quidem
2179 1755 2292 1815 tibi

213 1837 395 1898 etiam
424 1836 709 1897 accessio
740 1838 851 1898 ruit
895 1837 973 1896 ad
1015 1851 1227 1898 necem
1257 1837 1514 1900 Platoris
1543 1840 1857 1900 Pleuratus
1890 1838 2025 1899 eius
2056 1854 2299 1912 comcs,

211 1936 392 1997 quem
414 1920 649 1981 necasti
677 1920 1042 1983 verberibus
1085 1938 1321 1983 summa
1346 1931 1658 2004 senectute
1683 1923 2041 1984 confectum.
2093 1922 2290 1984 Idem-

210 2021 331 2080 que
357 2015 423 2066 tu
452 2004 897 2081 Rabocentum,
925 2006 1220 2067 Bessicae
1254 2007 1452 2083 gentis
1483 2006 1838 2083 principem,
1870 2021 2056 2083 quum
2082 2016 2145 2067 tc
2169 2015 2291 2067 tre-

209 2089 404 2151 centis
461 2087 702 2150 talentis
756 2089 887 2164 regi
928 2089 1107 2166 Cotyi
1155 2090 1577 2164 vendidisses,
1633 2089 1837 2151 securi
1891 2088 2294 2167 percussisti=

210 2190 397 2247 quum
429 2172 534 2233 ille
577 2173 655 2232 ad
694 2181 752 2233 te
779 2175 1015 2249 legatus
1049 2175 1107 2234 in
1136 2183 1337 2252 castra
1368 2175 1638 2236 venisset
1659 2183 1720 2235 et
1741 2173 1844 2234 tibi
1872 2190 2092 2250 magna
2112 2189 2289 2250 prae-

209 2256 367 2315 sidia
410 2266 470 2317 et
507 2255 734 2316 auxilia
775 2272 812 2316 a
848 2256 1063 2318 Bessis
1108 2257 1377 2333 peditum
1422 2257 1821 2334 equitumque
1873 2257 2288 2335 polliceretur,

206 2355 410 2414 neque
444 2355 582 2399 eum
612 2340 830 2413 solum,
867 2342 978 2401 sed
1010 2340 1190 2402 etiam
1263 2351 1500 2403 ceteros
1529 2344 1765 2417 legatos
1787 2387 1802 2415 ,
1839 2341 1945 2417 qui
1973 2341 2149 2402 simul
2179 2357 2288 2400 ve·

209 2431 453 2485 nerant=
505 2438 762 2498 quorum
805 2424 1071 2485 omnium
1102 2425 1304 2501 capita
1329 2425 1461 2502 regi
1493 2425 2039 2498 Cotsivendidisti.
2113 2426 2284 2485 Den-

207 2507 443 2580 seletis,
493 2521 651 2582 quae
693 2507 858 2569 natio
894 2523 1144 2583 semper
1175 2508 1513 2571 oboediens
1536 2509 1676 2570 huic
1698 2510 1974 2584 imperio,
2009 2507 2186 2570 etiam
2221 2509 2282 2567 in

208 2589 311 2652 illa
361 2593 627 2653 omnium
668 2590 1068 2653 barbarorum
1112 2592 1457 2653 desectione
1496 2591 1919 2652 Macedoniam
1963 2592 2027 2652 C.
2073 2590 2287 2654 Sentio

206 2683 492 2749 praetore
530 2684 722 2738 tutata
762 2684 859 2738 est
884 2723 900 2749 ,
952 2677 1249 2738 netarium
1310 2676 1534 2737 bellum
1585 2685 1647 2737 et
1709 2677 1958 2737 crudele
2010 2674 2284 2747 intulisti,

205 2759 424 2835 cisque
468 2777 654 2836 quum
679 2758 1057 2823 fidelissimis
1081 2758 1270 2822 sociis
1301 2758 1389 2820 uti
1414 2774 1655 2833 posses,
1685 2756 1969 2821 hostibus
2000 2758 2086 2820 uti
2113 2773 2282 2818 acer-

205 2842 373 2902 rimis
407 2843 694 2905 maluisti.
781 2846 871 2905 Ita
913 2854 1248 2921 perpetuos
1280 2843 1638 2903 defensores
1666 2842 2067 2903 Macedoniae
2094 2857 2283 2901 vexa·

202 2933 373 2986 tores
417 2942 491 2986 ac
532 2928 930 3001 praedatores
974 2924 1261 2987 effecisti:
1339 2923 1678 3001 'vectigalia
1715 2931 1934 2987 nostra
1964 2924 2283 3001 perturba·

204 3016 360 3080 runt,
393 3009 578 3070 urbes
610 3018 923 3085 ceperunt,
957 3017 1274 3070 vastarunt
1300 3024 1501 3085 agros,
1535 3008 1742 3071 socios
1771 3018 2022 3071 nostros
2054 3010 2114 3069 in
2150 3023 2282 3068 ser-

206 3090 451 3153 vitutem
488 3092 900 3166 abduxerunt,
949 3091 1205 3154 familias
1234 3092 1661 3170 abripuerunt,
1691 3108 1885 3168 pecus
1914 3092 2281 3168 abegerunt=

200 3175 809 3249 ThessalonicenseS,
841 3191 1025 3252 quum
1052 3177 1200 3253 oppi
1247 3194 1285 3239 o
1315 3178 1773 3253 desperassent,
1807 3176 2045 3239 munire
2074 3191 2275 3236 arcem

203 3264 557 3335 coegerunt.
612 3260 852 3320 XXXV.
880 3257 982 3323 85.
1013 3260 1070 3321 A
1099 3269 1160 3323 te
1302 3260 1356 3322 is
1385 3259 1514 3322 Urii
1548 3261 1751 3322 sanum
1784 3257 2276 3337 antiquissimum

203 3342 599 3406 barbarorum
643 3342 1220 3421 sanctissimumque
1268 3343 1567 3421 direptum
1608 3354 1733 3406 est:
1788 3352 1893 3407 tua
1938 3343 2174 3405 scelera
2212 3341 2274 3401 di

201 3425 574 3490 immortales
619 3428 680 3490 in
727 3437 975 3491 nostros
1016 3428 1237 3491 milites
1287 3427 1719 3505 expiaverunt=
1768 3430 1870 3504 qui
1918 3443 2101 3503 quum
2147 3440 2271 3486 uno
