2514 3928
734 965 822 1047 Μ.
878 963 1149 1046 TULLII
1203 960 1627 1044 CICERONIS

381 1105 623 1200 PRO
711 1107 801 1201 P·
891 1103 1371 1200 SESTlo
1466 1101 1998 1201 ORATIO.

441 1454 987 1515 ARGUMENTUM
1014 1451 1346 1512 VETERlS
1378 1449 1941 1510 ENARRATORIS.

310 1588 362 1640 Ρ.
389 1588 582 1640 Sestius
607 1587 945 1636 amicissimus
973 1585 1497 1648 familiarissimasque
1526 1583 1780 1634 Ciceronis
1808 1581 1904 1632 ruit
1928 1584 1979 1632 in
2008 1583 2228 1650 collegio

186 1654 476 1708 tribunorum
501 1656 590 1721 p1.,
621 1657 706 1718 qui
732 1655 934 1705 fuerunt
956 1657 1012 1707 Ρ.
1035 1653 1248 1704 Lentulo
1269 1653 1537 1719 Spinthere
1562 1653 1620 1712 Q.
1643 1651 1847 1700 Metello
1870 1650 2066 1718 Nepote
2091 1648 2227 1705 coss.

187 1717 321 1786 [anno
340 1742 392 1792 p.
420 1742 470 1776 u.
495 1742 541 1778 c.
571 1723 734 1790 697.J.
790 1725 1048 1775 obstinate
1073 1724 1229 1789 igitur
1259 1733 1308 1774 et
1336 1724 1382 1773 is
1408 1738 1522 1773 sese
1553 1721 1811 1771 dediderat
1842 1723 1894 1771 iu
1926 1736 2227 1772 consensum

183 1795 320 1854 partis
350 1797 483 1854 eius,
531 1796 618 1856 qui
655 1795 952 1859 dignitatem
983 1808 1128 1842 suam
1157 1793 1224 1842 M.
1260 1791 1422 1842 Tullio
1456 1793 1721 1841 restituere
1750 1793 2053 1856 gestiebant.
2126 1789 2225 1840 Sed

183 1862 296 1912 enim
323 1865 378 1914 P.
412 1863 587 1914 Clodio
617 1871 930 1930 repugnante
965 1872 1014 1912 et
1049 1863 1387 1926 conspiratam
1420 1861 1661 1910 seditiose
1696 1859 2069 1910 multitudinem
2106 1876 2226 1910 con·

182 1940 415 1997 gregante,
452 1948 513 1982 ne
541 1934 652 1995 quis
681 1933 765 1985 isti
792 1932 858 1981 ad
887 1932 1222 1982 revocandum
1247 1931 1538 1982 Ciceronem
1568 1931 1773 1981 daretur
1801 1929 2025 1990 effetum,
2057 1928 2125 1981 ad
2150 1929 2224 1979 di-

181 2002 477 2053 micationem
508 2017 669 2064 usque
698 2016 990 2068 processum
1016 2011 1120 2065 est,
1158 2011 1212 2050 ut
1241 2004 1298 2051 P.
1326 1999 1522 2051 Sestius
1553 2002 1856 2065 gravissime
1886 2008 1936 2049 et
1963 2014 2125 2065 paene
2150 1999 2220 2049 le-

179 2069 326 2121 taliter
347 2072 639 2121 vulneratus
666 2068 805 2135 [vide
829 2069 980 2120 huius
1009 2071 1170 2134 ipsius
1198 2070 1443 2120 orationis
1466 2083 1581 2134 cap.
1607 2068 1674 2121 37
1699 2084 1776 2133 sq.
1804 2077 1853 2119 et
1876 2068 2131 2121 Ciceronis
2154 2070 2226 2118 ad

178 2136 227 2197 Q.
253 2141 470 2202 fratrem
504 2142 819 2201 epistolar-mn
850 2138 939 2190 lib.
972 2140 1032 2191 11.
1066 2153 1148 2203 ep.
1175 2138 1226 2192 3.
1266 2141 1314 2200 S.
1340 2137 1423 2205 6.]
1461 2139 1745 2189 necessario
1780 2148 2046 2204 cogeretur
2074 2139 2222 2188 etiam

176 2208 270 2271 ipse
296 2217 599 2259 armatorum
625 2223 827 2259 manum
857 2207 1232 2273 gladiatoriam,
1270 2208 1408 2270 quod
1434 2206 1554 2257 Milo
1582 2210 1681 2257 iam
1713 2208 1925 2268 fecerat,
1964 2207 2225 2270 adhibere,

173 2278 411 2338 praesidii
442 2276 636 2326 scilicet
667 2279 856 2343 gratia:
896 2277 969 2325 sic
1000 2278 1133 2325 enim
1165 2278 1330 2341 potuit
1361 2277 1519 2336 effici,
1554 2285 1610 2326 ut
1640 2278 1913 2335 actionem,
1950 2292 2101 2340 quam
2132 2290 2225 2340 pro

170 2343 319 2397 Tullio
353 2347 666 2405 instituerat,
702 2348 963 2398 obtineret.
1037 2346 1304 2409 Postquam
1336 2353 1503 2394 tamen
1538 2344 1706 2396 Cicero
1741 2347 1803 2397 ab
1841 2345 2024 2395 exsilio
2057 2345 2224 2402 rediit,

169 2427 398 2466 accusare
435 2415 498 2463 de
531 2414 583 2463 vi
615 2410 669 2466 P.
702 2413 905 2468 Clodius
934 2412 1154 2463 Sestium
1184 2416 1353 2479 coepit
1390 2415 1620 2464 immisso
1654 2414 1791 2465 velut
1819 2415 2051 2480 principe
2088 2413 2221 2464 dela-

169 2482 306 2534 tionis
339 2483 408 2533 M.
448 2483 762 2533 Albinovano
799 2492 848 2533 et
875 2484 1218 2533 testimonium
1257 2485 1457 2533 dicente
1492 2486 1550 2537 P.
1579 2484 1811 2533 Vatiniot
1861 2493 1917 2533 ut
1945 2484 2043 2534 hoc
2079 2497 2226 2549 prae-

167 2553 307 2617 cipue
356 2553 554 2602 crimini
599 2554 768 2616 daret,
820 2554 956 2615 quod
997 2567 1361 2617 supergressus
1408 2552 1609 2603 civilem
1654 2553 1863 2604 modum
1907 2553 2225 2618 rogationem

164 2631 300 2671 suam
333 2636 432 2671 non
474 2621 722 2683 aequitate
758 2621 1090 2685 persuaserit,
1137 2622 1229 2671 sed
1266 2622 1419 2670 armis
1456 2623 1743 2672 obtinuerit.
1817 2620 1911 2670 Cui
1948 2630 2230 2687 opponetur

164 2685 306 2739 huius
343 2690 483 2739 modi
515 2705 546 2738 a
577 2687 816 2740 Cicerone
853 2690 1084 2739 defensio
1118 2702 1211 2754 per
1244 2689 1536 2753 qualitatem
1568 2692 1759 2755 speciei
1801 2690 2018 2755 duplicis
2062 2723 2216 2740 .....

169 2791 837 2809 ....................
914 2757 1041 2808 Nam
1083 2757 1350 2807 relativum
1378 2759 1477 2809 hoc
1505 2761 1623 2816 erit,
1672 2760 1802 2808 iuste
1840 2766 1889 2807 et
1930 2760 2108 2808 merito
2136 2758 2227 2806 ha-

161 2824 326 2876 buisse
364 2834 680 2877 armatorum*
708 2828 962 2891 praesidia
997 2828 1053 2879 P.
1092 2825 1341 2891 Sestium,
1385 2835 1442 2877 ut
1472 2827 1738 2878 Clodianos
1774 2829 1992 2891 impetus
2035 2828 2099 2877 ab
2140 2824 2224 2874 illa

157 2894 510 2955 dimicatione,
546 2909 697 2957 quam
735 2898 902 2945 facere
935 2905 1201 2960 coeperat,
1247 2896 1586 2946 submoveret.
1655 2896 1786 2945 Illud
1822 2910 1942 2945 vero
1978 2896 2046 2945 ad
2086 2910 2227 2945 com-

154 2964 508 3025 pensationem
538 2963 778 3024 refertur,
810 2979 904 3029 pro
933 2966 1068 3014 bona
1094 2980 1248 3014 causa
1280 2974 1330 3014 et
1361 2966 1435 3016 rei
1466 2967 1696 3030 publicae
1728 2965 2037 3029 necessaria,
2074 2966 2227 3016 etiam

153 3034 191 3080 si
223 3040 462 3088 armatos
490 3032 747 3097 habuerit,
796 3034 1098 3098 impunitum
1141 3048 1255 3083 esse
1292 3034 1503 3100 debere,
1551 3049 1706 3098 quum
1738 3034 1862 3083 bene
1892 3036 2129 3085 meritum
2163 3036 2229 3085 de

153 3102 315 3151 salute
366 3101 564 3166 patriae
607 3102 770 3151 civem
809 3103 1005 3151 restitui
1043 3101 1193 3151 vellet
1235 3105 1459 3152 omnium
1510 3103 1711 3153 favente
1754 3118 2019 3154 consensu.
2090 3104 2232 3153 Hanc

150 3168 308 3234 igitur
341 3169 576 3219 eamdem
609 3185 814 3220 causam
841 3170 1049 3234 plurimi
1080 3170 1435 3229 defenderunt,
1466 3173 1518 3221 in
1551 3174 1665 3234 quis
1697 3171 1792 3221 fuit
1824 3172 1883 3231 Q.
1909 3173 2226 3229 HortensiuS,

151 3237 210 3286 M.
252 3238 508 3297 Crassus,
548 3238 863 3288 C.'Licinius
896 3236 1105 3295 Calvus,
1151 3240 1381 3302 partibus
1417 3242 1545 3289 inter
1580 3256 1634 3289 se
1666 3241 1979 3305 distributi8‚
2014 3257 2141 3304 quas
2173 3242 2243 3289 in*

147 3308 356 3371 agendo
391 3309 665 3357 tuerentur.
737 3309 911 3369 itaque
933 3304 1125 3356 Tullius
1154 3321 1216 3356 ea
1237 3310 1516 3371 peroravit,
1554 3325 1681 3371 quae
1711 3309 1811 3359 sibi
1834 3310 2038 3359 fuerant
2066 3310 2231 3373 expli·

146 3376 333 3435 canda,
372 3390 486 3433 nec,
516 3382 572 3425 ut
594 3375 824 3440 plerique
847 3374 1074 3425 arbitrati
1101 3381 1235 3439 sunt,
1270 3388 1414 3426 extra
1442 3392 1643 3427 causam
1676 3384 1886 3443 vagatus
1913 3384 2015 3427 est:
2053 3389 2224 3441 quam-

146 3444 222 3491 vis
261 3446 412 3494 enim
451 3446 676 3495 sciamus
718 3476 1350 3494 ...................
1404 3446 1562 3495 multa
1596 3447 1881 3497 Ciceronem
1923 3445 2003 3512 vel
2042 3446 2244 3495 iratum'

141 3512 219 3559 vel
255 3512 525 3559 dolentem
561 3513 624 3559 de
654 3501 978 3559 nassiofiibus
1016 3511 1124 3559 suis
1160 3511 1289 3559 ultra
1321 3528 1481 3562 paene
1512 3531 1663 3578 quam
1699 3530 1781 3564 res
1811 3519 2044 3579 posceret
2074 3527 2229 3571 exag-

140 3594 191 3643 ὅ(
1403 3584 1619 3642 quadam
1650 3577 2066 3638 turbulentissimi
2101 3583 2255 3651 tem-‘-

1377 3656 1511 3709 ¹904’
1548 3651 1649 3695 no'n
1680 3643 2004 3693 mediocriter
2033 3636 2240 3680 videtur—1

138 3663 191 3712 Ρ(
1788 3709 1823 3763 l
