2514 3928
33 196 136 247 111
432 242 433 245 ,
614 185 779 244 OAP.
813 192 1078 244 40—42.
1124 191 1175 250 S.
1205 193 1504 247 96—102.
1987 188 2124 250 209

25 353 179 412 prae
214 352 494 397 maerore
518 333 744 421 potuit!
779 333 825 393 0
854 349 981 392 rem
1015 352 1200 409 quum
1229 335 1443 396 auditu
1474 337 1783 397 crudelem
1815 346 1940 399 tum
1973 340 2112 402 viso

26 421 358 480 nefariamt
413 436 450 480 ο
475 419 755 492 reliquos
789 433 1004 487 omnes
1045 417 1180 477 dies
1207 426 1549 494 noctesque
1580 436 1706 492 eas,
1743 422 1968 496 quibus
1997 423 2116 485 iste

23 521 64 562 a
117 520 216 563 me
270 519 393 562 non
437 501 738 571 recedens
779 500 1278 560 Thessalonicam
1335 518 1434 561 me
1475 505 1537 562 in
1571 507 2114 583 quaestoriumque

23 587 348 663 perduxit!
393 585 509 644 Hic
549 600 665 660 ego
691 600 852 647 nunc
881 586 959 644 de
989 590 1273 659 praetore
1301 584 1701 646 Macedoniae
1736 588 1882 647 nihil
1912 591 2113 650 dicam
2146 622 2150 633 1

21 669 290 743 amplius
334 668 452 728 nisi
487 685 625 729 eum
656 677 716 737 et
753 668 949 729 civem
984 669 1278 744 optimum
1308 684 1555 744 semper
1591 679 1653 730 et
1681 671 1824 729 mihi
1850 674 2108 733 amicum

22 753 240 826 fuisse,
268 754 383 812 sed
406 752 620 812 eadem
646 751 919 812 timuisse
945 769 1106 826 quae
1169 759 1440 812 ceteros=
1467 751 1891 814 Cn.Plancium
1923 757 2115 817 fuisse

24 853 235 910 unum,
268 853 392 897 non
428 836 536 911 qui
560 835 761 895 minus
791 835 1047 908 timeret,
1082 837 1214 906 sed,
1249 836 1303 894 si
1336 835 1690 896 acciderent
1717 853 1823 908 ea,
1861 855 2021 913 quae
2043 839 2112 898 ti-

24 930 353 992 merentur,
386 936 622 980 mecum
658 936 731 979 ea
763 919 969 979 subire
998 928 1058 981 et
1085 919 1328 994 perpeti
1353 919 1552 980 vellet.
1598 920 1741 982 100.
1766 919 1897 994 Qui,
1929 938 2116 996 quum

18 1006 101 1065 ad
123 1022 220 1065 me
247 1005 314 1065 L.
343 1005 613 1076 Tubero,
654 1020 830 1063 meus
875 1002 1298 1082 necessarius,
1346 1002 1451 1077 qui
1495 1004 1663 1065 fratri
1706 1019 1845 1064 meo
1875 1007 2115 1080 legatus

23 1089 273 1160 fuisset,
321 1088 634 1148 decedens
677 1103 758 1146 ex
803 1085 954 1146 Asia
997 1086 1271 1147 venisset
1329 1102 1566 1161 easque
1607 1087 1895 1159 insidiaS,
1956 1105 2115 1162 quas

19 1173 168 1231 mihi
205 1180 453 1247 paratas
487 1172 566 1229 ab
597 1170 918 1230 exsulibus
950 1168 1284 1230 coniuratis
1315 1169 1620 1243 audierat,
1664 1171 1742 1230 ad
1775 1187 1873 1230 me
1908 1173 2110 1231 animo

17 1253 400 1316 amicissimo
433 1254 783 1325 detulisset,
823 1251 884 1310 in
914 1252 1126 1312 Asiam
1169 1252 1268 1312 me
1296 1252 1386 1312 ire
1419 1261 1669 1327 propter
1698 1252 1832 1314 eius
1866 1255 2111 1335 provin-

19 1339 158 1398 ciae
187 1351 429 1397 mecum
458 1344 521 1396 et
547 1352 684 1395 cum
714 1351 851 1395 meo
880 1336 1062 1395 fratre
1094 1335 1610 1395 necessitudinem
1656 1347 2115 1411 comparantem

20 1431 151 1475 non
178 1424 277 1474 est
326 1429 584 1488 passus:
624 1413 683 1472 vi
704 1430 821 1484 me,
847 1413 924 1486 vi,
948 1413 1215 1488 inquam,
1246 1413 1530 1473 Plancius
1556 1420 1619 1472 et
1640 1416 1969 1488 complexu
1992 1432 2111 1475 suo

21 1497 277 1558 retinuit
326 1497 681 1569 multosque
703 1512 948 1557 menses
971 1514 1006 1555 a
1030 1498 1230 1571 capite
1254 1512 1394 1556 meo
1420 1511 1542 1555 non
1564 1497 1854 1557 discessit
1874 1499 2115 1558 abiecta

22 1574 381 1640 quaestoria
411 1589 679 1647 persona
711 1572 1078 1647 comitisque
1105 1579 1367 1646 sumpta.

145 1658 325 1718 XLII.
366 1656 508 1718 101.
555 1655 601 1717 Ο
635 1656 930 1716 excubias
959 1663 1114 1730 ωας,
1151 1656 1259 1716 Cn.
1286 1653 1511 1728 Planci,
1549 1655 1839 1716 miseras!
1872 1673 1908 1716 o
1940 1657 2109 1715 flebi-

19 1743 116 1804 ies
146 1740 421 1817 vigilias!
461 1758 498 1802 o
523 1749 736 1801 noctes
762 1739 1048 1800 acerbas!
1082 1757 1118 1800 o
1152 1737 1498 1801 custodiam
1530 1738 1712 1800 etiam
1740 1739 1860 1799 mei
1892 1740 2115 1814 capitis

20 1827 362 1887 infelicem!
397 1825 451 1886 si
477 1824 726 1900 quidem
751 1841 868 1899 ego
896 1823 1006 1904 ῑίῑὲᾷ
1033 1823 1211 1885 vivus
1245 1840 1370 1886 non
1402 1839 1690 1909 prosum„
1710 1823 1814 1899 qui
1851 1825 2117 1884 fortasse

23 1919 303 1972 mortuus
336 1910 730 1985 profuissem.
815 1906 1066 1968 Memini
1096 1909 1276 1982 enim,
1306 1906 1556 1968 memini
1584 1924 1788 1982 neque
1825 1923 2114 1983 umquam

31 1992 369 2055 obliviscar
396 1992 596 2052 noctis
631 1992 822 2064 illius,
869 1989 1056 2067 quum
1084 1992 1191 2053 tibi
1223 1991 1527 2067 vigilanti,
1570 1990 1909 2063 adsidenti,
1950 2008 2114 2052 mae-

23 2075 183 2137 renti
224 2092 384 2134 vana
427 2076 728 2149 quaedam
771 2075 957 2136 miser
997 2087 1183 2151 atque
1228 2075 1433 2137 inania
1475 2076 1629 2135 falsa
1671 2092 1787 2150 spe
1827 2074 2114 2134 inductus

24 2158 399 2235 pollicebar=
448 2176 576 2230 me,
627 2158 680 2219 si
724 2174 929 2219 essem
968 2160 1029 2219 in
1069 2162 1325 2236 patriam
1355 2159 1693 2233 restitutuS,
1724 2166 2116 2233 praesentem

23 2243 134 2303 tibi
167 2242 394 2317 gratias
423 2244 787 2303 relaturum:
837 2243 934 2304 sin
979 2260 1183 2306 autem
1230 2246 1415 2305 vitam
1442 2243 1587 2302 mihi
1619 2244 1748 2303 fors
1778 2241 2116 2304 ademisset

26 2336 134 2388 aut
173 2326 266 2387 vis
310 2326 517 2402 aliqua
556 2326 753 2386 maior
791 2327 1051 2388 reditum
1083 2328 1481 2403 peremisset,
1513 2326 1661 2400 hoS,
1692 2327 1809 2387 hos
1837 2362 1925 2373 —
1955 2343 2118 2402 quos

27 2411 189 2470 enim
224 2427 340 2485 ego
372 2418 499 2470 tum
528 2410 685 2470 alios
717 2411 917 2471 animo
941 2412 1267 2472 intuebar?
1296 2445 1370 2455 -
1406 2409 1612 2471 omnia
1634 2410 1740 2470 tibi
1763 2411 2001 2471 illorum
2031 2412 2113 2470 la-

27 2494 245 2554 borum
292 2494 564 2568 praemia
605 2510 720 2570 pro
769 2511 866 2554 me
918 2496 1368 2568 persoluturos.
1458 2494 1615 2567 Quid
1654 2511 1752 2553 me
1780 2501 2120 2569 aspectas?

31 2578 178 2652 quid
209 2594 348 2637 mea
378 2578 689 2652 promissa
716 2576 994 2652 repetis?
1025 2576 1172 2651 quid
1199 2594 1398 2635 meam
1420 2577 1604 2637 fidem
1639 2576 1976 2650 imploras?
2014 2577 2088 2634 Ni

26 2660 115 2719 hil
139 2660 247 2720 tibi
271 2675 387 2733 ego
412 2671 538 2720 tum
569 2662 647 2721 de
677 2660 830 2720 meis
862 2660 1086 2735 opibus
1109 2658 1461 2733 pollicebar,
1492 2660 1605 2719 sed
1630 2660 1707 2718 de
1732 2659 1948 2718 horum
1972 2676 2118 2734 erga

31 2760 133 2802 me
161 2743 593 2802 benevolentia
623 2744 1077 2817 promittebam:
1121 2742 1237 2802 hos
1289 2759 1399 2817 pro
1443 2758 1540 2802 me
1579 2743 1821 2816 lugere,
1865 2744 1981 2804 hos
2012 2760 2116 2819 ge—

32 2841 234 2898 mere,
279 2825 394 2883 hos
420 2825 736 2887 decertare
768 2844 879 2903 pro
914 2843 1054 2889 meo
1086 2825 1288 2902 capite
1328 2827 1427 2887 vel
1455 2826 1618 2886 vitae
1647 2825 1922 2901 periculo
1959 2829 2115 2888 velle

35 2909 358 2969 videbam=
390 2908 468 2968 de
500 2908 716 2968 horum
747 2912 1084 2987 desider10‚
1116 2914 1301 2985 luctu,
1316 2908 1606 2984 querellis
1630 2910 1854 2972 cotidie
1883 2911 2116 2988 aliquid

32 3003 236 3054 tecum
269 2992 451 3054 simul
475 2993 829 3052 audiebam=
864 3012 1028 3056 nunc
1055 2995 1237 3058 timeo
1263 3012 1342 3054 ne
1368 2992 1475 3054 tibi
1506 2993 1650 3053 nihil
1674 3005 1914 3069 praeter
1942 2998 2115 3056 lacri—

34 3093 166 3136 mas
193 3094 414 3151 queam
443 3076 736 3150 reddere,
785 3094 941 3153 quas
987 3087 1050 3139 tu
1078 3079 1139 3139 in
1176 3078 1329 3141 meis
1357 3079 1790 3141 acerbitatibus
1823 3081 2116 3155 plurimas

35 3160 329 3221 effudisti.
418 3159 561 3222 102.
606 3159 766 3233 Quid
809 3160 969 3221 enim
1007 3180 1262 3237 possum
1297 3163 1461 3225 aliud
1492 3163 1608 3222 nisi
1650 3179 1955 3236 maerere,
1999 3161 2117 3221 nisi

35 3244 216 3317 flere,
263 3244 380 3306 nisi
415 3252 476 3306 te
509 3262 649 3306 cum
686 3261 825 3305 mea
857 3247 1053 3307 salute
1086 3247 1455 3323 complecti?
1498 3246 1766 3306 Salutem
1795 3246 1902 3305 tibi
1932 3245 2117 3304 iidem

37 3328 187 3388 dare
232 3336 527 3403 possunt,
573 3329 678 3404 qui
721 3329 866 3391 mihi
907 3330 1327 3392 reddiderunt.
1413 3330 1497 3389 Te
1541 3339 1775 3401 tamen,
1827 3341 2113 3397 exsurge,

22 3427 312 3554 quaesol,I
323 3411 597 3473 retinebo
639 3422 699 3475 et
733 3416 1134 3491 complectar,
1159 3431 1275 3474 nec
1303 3430 1401 3474 me
1432 3412 2122 3548 solumlieprecatorem

119 3510 230 3553 c1c.
317 3539 332 3554 .
367 3504 421 3557 3.

2361 1060 2508 1223 ,ῖς

2363 2201 2486 2248 ,ι
2364 2035 2460 2131 υ·
2363 1546 2504 1988 βιιῆιιῳτιιιᾱ,κκῑᾱ
2362 1174 2514 1494 mamili

2360 2735 2449 2901 mr.
2359 2257 2451 2682 unitum

2497 1748 2514 1917 -md—nv„
2511 1682 2514 1691 Α
2507 1604 2514 1647 ΔΑ

2469 2335 2482 2454 δ-σ-ι-
2476 2275 2485 2292 f

2446 2471 2476 2552 -2.⁴

2464 2567 2474 2722 ,ηε-ιη.-
