2514 3928
269 263 393 326 144
562 314 567 325 Ι
864 263 940 320 m
969 261 1034 319 L.
1070 258 1403 320 PtSONEM
1435 257 1737 318 ORATIO.
1830 232 1838 241 ’
2260 264 2336 320 4⁶

265 429 493 474 raremz
535 410 650 472 sibi
684 429 989 488 quemque
1016 414 1339 473 consulere
1368 420 1673 486 oportere.
1715 410 1921 483 Atque
1944 407 2097 467 haec
2120 407 2334 469 dicere

265 498 367 557 vix
409 496 640 556 audeo:
686 512 907 556 vereor
955 511 1030 554 nc
1079 496 1183 571 qui
1218 495 1298 555 sit
1326 493 1429 570 qui
1458 492 1636 554 istius
1667 490 1966 567 insignem
1996 490 2333 566 nequitiam

268 579 482 641 frontis
541 578 874 640 involutam
918 578 1343 654 integumentis
1397 578 1666 638 nondum
1707 581 1945 635 cernat=
2001 572 2199 634 dicam
2241 583 2329 636 ta-

264 680 424 723 men.
451 699 529 709 -
562 664 704 739 lpse
732 672 895 724 certe
929 670 1223 737 agnoscet
1251 670 1469 723 etcum
1492 660 1698 735 aliquo
1726 659 1941 720 dolore
1961 656 2330 732 flagitiorum

266 763 516 809 suorum
548 744 986 808 recordabitur.
1029 745 1126 808 13.
1157 743 1582 817 Meministine,
1613 759 1903 816 caenum,
1938 758 2123 817 quum
2159 743 2238 802 ad
2270 750 2332 805 te

267 830 478 905 quinta
504 831 629 891 sere
659 831 810 891 hora
839 846 974 890 cum
1009 829 1071 889 C.
1102 829 1324 889 Pisone
1356 827 1691 899 venissem,
1721 824 1933 886 nescio
1968 841 2092 900 quo
2123 841 2158 886 e
2187 842 2328 901 gur-

262 916 465 989 gustio
494 921 554 974 tc
584 914 858 988 prodire,
905 912 1179 973 involuto
1213 912 1441 987 capite,
1485 912 1826 971 soleatum?
1869 915 1957 983 et,
1993 925 2176 984 quum
2206 908 2328 970 isto

265 1014 372 1057 ore
416 997 645 1057 foetido
676 997 1077 1057 taeterrimam
1110 994 1295 1065 ,nobis
1333 994 1621 1069 popinam
1652 993 2024 1065 inhalasseS‚
2068 1008 2329 1053 excusa-

261 1080 427 1141 tione
456 1088 516 1140 te
550 1080 634 1140 uti
657 1078 1042 1152 valetudiniS,
1076 1080 1239 1154 quod
1268 1078 1505 1138 diceres
1531 1075 1853 1138 vinolentis
1877 1083 1935 1137 te
1960 1073 2327 1152 quibusdam

262 1161 766 1223 medicaminibus
811 1163 1011 1222 solere
1055 1162 1295 1223 curari?
1334 1178 1515 1236 quam
1560 1176 1676 1221 nos
1722 1176 1972 1221 causam
2010 1177 2194 1234 quum
2224 1176 2328 1221 ac·

264 1244 647 1321 cepissemus
678 1238 765 1292 —‘
799 1245 944 1321 quid
989 1245 1147 1306 enIm
1191 1247 1394 1306 faeere
1435 1251 1828 1320 poteramus?
1860 1278 1956 1316 —,
1989 1242 2332 1319 paullisper

264 1328 540 1392 stetimus
579 1329 640 1391 in
686 1331 787 1391 illo
832 1346 1162 1406 ganearum
1193 1336 1429 1389 tuarum
1459 1329 1674 1389 nidore
1702 1336 1889 1404 atque
1922 1328 2117 1388 fumo=
2163 1328 2327 1388 unde

263 1421 324 1474 tu
384 1428 501 1474 nos
568 1430 750 1488 quum
805 1412 1260 1491 improbissime
1313 1413 1747 1488 respondendo
1799 1418 1923 1472 tum
1976 1410 2328 1486 turpissime

260 1497 561 1558 ructando
598 1496 849 1559 eiecisti.
894 1495 994 1559 14.
1029 1498 1194 1557 Idem
1225 1497 1328 1558 illo
1368 1498 1495 1557 sere
1524 1495 1711 1556 biduo
1734 1496 2068 1572 productus
2091 1494 2150 1555 in
2178 1511 2325 1558 con-

261 1579 486 1641 tionem
515 1580 592 1645 ah
624 1598 719 1656 eo,
752 1581 847 1641 cui
883 1580 974 1641 sic
1003 1589 1327 1656 aequatum
1360 1579 1699 1655 praebebas
1730 1580 2112 1641 consulatum
2135 1587 2323 1653 tuum,

263 1681 448 1739 quum
496 1681 673 1725 esses
723 1662 1131 1738 interrogatus
1177 1662 1325 1738 quid
1372 1661 1631 1724 sentires
1676 1664 1755 1724 de
1797 1664 2118 1724 consulatu
2164 1678 2324 1738 meo,

256 1746 465 1820 gravis
496 1754 723 1819 auctor,
757 1745 1064 1807 Calatinus
1102 1748 1288 1807 credo
1319 1746 1540 1822 aliquis
1569 1754 1675 1808 aut
1703 1747 2030 1807 Africanus
2064 1754 2167 1808 aut
2193 1747 2325 1806 Ma-

256 1829 459 1889 ximus
494 1837 685 1889 etnon
706 1828 1086 1891 Caesoninus
1102 1828 1653 1903 Semiplacentinus
1671 1829 2036 1904 CalventiuS,
2062 1846 2324 1906 respon-

259 1912 402 1987 deS,
450 1912 641 1976 altero
672 1914 752 1984 ad
786 1914 1042 1975 frontem
1073 1913 1343 1985 sublat0‚
1387 1915 1575 1976 altero
1611 1915 1688 1975 ad
1722 1921 1987 1976 mentum
2016 1914 2322 1990 depresso

259 1994 621 2071 supercilio,
670 1997 1085 2059 crudelitatem
1130 1997 1234 2058 tibi
1284 2015 1405 2058 non
1451 2000 1712 2075 placere.
1787 1999 1919 2059 Vll.
1961 1997 2076 2058 Hic
2116 2006 2176 2059 te
2220 1999 2323 2059 ille

255 2078 471 2154 hom0,
520 2080 915 2156 dignissimus
960 2082 1077 2144 tuis
1112 2080 1427 2157 laudibus,
1472 2081 1859 2143 collaudavit.
1937 2081 2322 2143 crudelitatis

256 2169 347 2230 tu.
397 2162 674 2238 furcifer,
721 2173 996 2226 senatum
1041 2167 1259 2227 consul
1296 2164 1355 2225 in
1404 2164 1688 2226 contione
1730 2166 2149 2226 condemnas?
2195 2182 2319 2226 non

255 2245 413 2306 enim
445 2263 569 2318 me,
616 2247 720 2324 qui
751 2248 985 2309 senatui
1024 2247 1229 2324 parui:
1270 2265 1407 2308 nam
1442 2248 1656 2311 relatio
1685 2247 1787 2309 illa
1821 2248 2105 2310 salutaris
2139 2257 2200 2309 et
2228 2249 2318 2309 di-

255 2330 450 2404 ligens
510 2332 706 2392 fuerat
754 2331 1057 2406 consulis,
1115 2331 1565 2394 animadversio
1622 2330 1868 2408 quidem
1918 2339 1979 2392 ct
2027 2331 2320 2394 iudicium

255 2421 522 2473 senatus.
594 2415 759 2488 Quae
789 2433 974 2490 quum
1005 2414 1436 2491 reprehendis,
1488 2415 1764 2478 ostendis
1797 2415 1995 2493 qualis
2024 2423 2118 2489 tu,
2152 2415 2203 2475 si
2234 2414 2320 2477 ita

254 2496 408 2556 sorte
433 2498 775 2574 accidisset,
802 2499 989 2559 fueris
1011 2500 1113 2559 illo
1138 2505 1415 2574 ternpore
1439 2501 1651 2561 consul
1674 2501 1932 2561 futurus.
1978 2499 2318 2576 Stipendio,

250 2579 626 2656 mehercule,
667 2590 726 2643 et
772 2584 1072 2644 frumento
1104 2583 1418 2644 CatilInam
1461 2600 1606 2645 esse
1636 2590 1923 2659 putasses
1960 2584 2316 2646 iuvandum.

251 2662 348 2725 15.
381 2664 536 2738 Quid
568 2666 726 2726 enim
762 2666 1026 2728 interfuit
1054 2665 1209 2727 inter
1234 2666 1543 2729 Catilinam
1575 2674 1636 2728 et
1664 2683 1819 2742 eum,
1852 2668 1950 2729 cui
1975 2676 2034 2730 tu
2061 2675 2316 2730 senatus

247 2749 683 2822 auctoritatem,
712 2753 967 2812 salutem
993 2751 1046 2811 ci
1054 2752 1107 2810 vi
1114 2752 1273 2825 tatiS,
1297 2759 1482 2812 totam
1499 2768 1626 2812 rem
1643 2751 1945 2827 publicam
1963 2750 2318 2828 provinciae

248 2834 518 2906 praemio
563 2833 929 2896 vendidisti?
972 2835 1139 2909 Quae
1186 2836 1345 2895 enim
1374 2835 1441 2894 L.
1476 2835 1785 2896 CatilInam
1815 2846 2133 2899 conantem
2166 2852 2314 2896 con⁴

247 2915 340 2973 sul
386 2917 697 2992 prohibui,
743 2934 816 2978 ea
841 2918 903 2977 P.
938 2918 1211 2979 Clodium
1255 2917 1573 2985 facientem
1607 2922 1895 2983 consules
1930 2921 2309 2982 adiuverunt.

254 2998 453 3058 Voluit
495 2996 596 3059 ille
625 3009 900 3062 senatum
933 3000 1304 3071 interficere,
1349 3019 1463 3064 vos
1494 3004 1855 3066 sustulistis=
1901 3005 2070 3080 leges
2105 3004 2313 3064 incen-

246 3081 419 3155 dere,
453 3098 566 3141 vos
596 3084 1034 3158 abrogastiszvi
1067 3090 1300 3148 terrere
1320 3086 1597 3164 patriam,
1617 3105 1736 3151 vos
1755 3086 2093 3150 adiuvistis.
2153 3086 2310 3162 Quid

245 3169 338 3222 est
366 3163 543 3225 vobis
578 3167 933 3228 consulibus
971 3177 1208 3243 gestum
1245 3170 1378 3231 sine
1409 3170 1636 3232 armis?
1675 3173 2011 3234 Incendere
2042 3170 2142 3231 illa
2165 3187 2310 3232 con-

242 3245 568 3308 iuratorum
621 3266 837 3312 manus
886 3253 1078 3312 voluit
1128 3253 1371 3315 urbem:
1431 3272 1543 3315 vos
1598 3257 1730 3317 cius
1786 3257 2062 3330 domum,
2126 3271 2310 3331 quem

242 3340 494 3405 propter
520 3333 666 3393 urbs
697 3335 948 3395 incensa
986 3353 1103 3396 non
1137 3346 1250 3398 est.
1321 3339 1413 3398 Ac
1442 3356 1519 3400 ne
1549 3340 1630 3400 illi
1663 3337 1938 3415 quidem,
1976 3341 2028 3401 si
2058 3338 2309 3400 habuis·

240 3422 377 3474 sent
408 3417 591 3476 vestri
623 3416 878 3478 similem
910 3421 1252 3493 consulem,
1289 3422 1367 3482 de
1397 3423 1564 3483 urbis
1595 3424 1877 3485 incendio
1908 3422 2306 3500 cogitassent.

236 3493 368 3557 Non
411 3498 568 3559 enim
601 3516 670 3559 se
701 3501 871 3562 tectis
904 3502 1145 3574 privare
1173 3505 1525 3575 voluerunt,
1570 3508 1679 3566 sed
1713 3507 1807 3566 his
1839 3509 2137 3568 stantibus
2169 3507 2303 3567 nul-
