2514 3928
365 260 490 325 324
655 262 731 320 m
764 261 842 319 M.
876 241 1275 321 ANTONIUM
1307 259 1588 320 offirmo
1621 260 2044 320 pfflmpch
2071 259 2145 317 11.
2380 268 2446 320 26

366 416 420 476 si
445 412 740 478 valuisset
770 429 843 472 ac
872 428 993 472 non
1020 412 1072 471 ei
1093 412 1354 472 maxime
1381 410 1554 484 mihi,
1588 429 1846 487 quorum
1876 427 1992 486 ego
2023 411 2184 471 vitae
2214 427 2418 471 consu

367 498 585 572 lebam,
614 512 728 572 spe
754 493 1050 556 victoriae
1068 496 1207 555 elati
1222 494 1626 568 obstitissent,
1653 503 1719 556 ut
1740 493 1858 554 alia
1872 495 2157 567 omittam,
2188 503 2258 555 tu
2277 502 2446 554 certe

366 596 694 656 numquam
720 577 781 638 in
802 579 919 639 hoc
937 578 1150 639 ordine
1171 580 1269 639 vel
1291 578 1494 654 potius
1525 594 1857 653 numquam
1884 577 1943 637 in
1974 579 2086 638 hac
2101 578 2260 638 urbe
2276 595 2446 638 man·

367 666 582 726 sisses.
626 665 707 722 At
736 679 883 724 vero
916 662 1023 723 Cn.
1052 661 1326 738 Pompeii
1357 664 1726 723 voluntatem
1772 679 1809 722 a
1838 678 1935 723 me
1963 662 2279 721 alienabat
2311 678 2447 723 ora-

367 749 450 811 tio
473 764 630 808 mea.
674 750 773 807 An
796 746 900 807 ille
921 762 1291 821 quemquam
1323 745 1461 820 plus
1485 745 1735 806 dilexit?
1765 762 1901 806 cum
1925 746 2046 806 ullo
2070 753 2177 805 aut
2209 761 2446 805 sermo-

366 849 477 893 nes
502 839 607 893 aut
630 830 886 891 consilia
913 828 1167 890 contulit
1192 828 1489 904 saepius?
1513 829 1681 905 quod
1709 828 1954 904 quidem
1985 838 2118 890 erat
2131 845 2319 903 magn
2330 846 2448 900 um,

367 917 445 976 de
474 930 710 976 summa
748 930 816 973 re
865 912 1106 987 publica
1151 911 1588 974 dissentientes
1629 912 1691 973 in
1732 912 1951 973 eadem
1982 911 2443 973 consuetudine

365 998 664 1060 amicitiae
702 1011 1077 1071 permanere.
1187 992 1320 1068 Ego
1376 992 1518 1068 quid
1572 993 1675 1053 ille
1735 1000 1797 1053 et
1847 1002 2064 1054 contra
2119 994 2228 1054 ille
2299 994 2445 1070 quid

364 1099 483 1157 ego
514 1079 801 1141 sentirem
836 1086 897 1139 et
926 1086 1268 1153 spectarem
1299 1078 1565 1140 videbat.
1622 1079 1752 1154 Ego
1788 1077 2187 1140 incolumitati
2218 1076 2446 1141 civium

368 1164 645 1242 primurn,
665 1170 733 1224 ut
759 1169 976 1239 postea
1002 1160 1278 1237 dignitati
1306 1179 1664 1237 possemus,
1692 1162 1793 1223 ille
1822 1164 2132 1238 praesenti
2160 1161 2447 1238 dignitati

366 1248 573 1324 potius
599 1247 976 1308 consulebat.
1012 1245 1190 1320 Quod
1214 1255 1417 1306 autem
1432 1246 1966 1321 habebatuterque
1980 1246 2128 1322 quid
2142 1261 2443 1321 sequere·

369 1342 482 1405 tur,
510 1329 741 1392 idcirco
772 1329 1144 1391 tolerabilior
1172 1337 1303 1390 erat
1325 1336 1535 1390 nostra
1566 1329 1895 1392 dissensio.
1966 1330 2069 1391 39.
2102 1328 2266 1403 Quid
2296 1347 2448 1391 vero

368 1416 467 1475 ille
497 1412 824 1491 singularis
849 1413 943 1473 vir
970 1429 1043 1473 ac
1073 1429 1270 1488 paene
1294 1412 1538 1474 divinus
1565 1414 1647 1475 de
1672 1429 1770 1473 me
1794 1412 2057 1475 senserit
2090 1412 2301 1474 sciunt
2346 1414 2450 1489 qui

368 1518 505 1561 eum
530 1500 607 1560 de
639 1496 951 1558 Pharsalia
1030 1498 1175 1573 ruga
1211 1497 1485 1573 Paphum
1522 1496 1830 1574 persecuti
1872 1506 2031 1559 sunt.
2092 1497 2447 1572 Numquam

368 1586 444 1643 ab
473 1600 549 1644 eo
594 1582 816 1643 mentio
869 1585 947 1643 de
991 1599 1090 1642 me
1133 1581 1252 1642 nisi
1283 1579 1654 1648 honorifica,
1701 1580 1820 1639 nisi
1863 1582 2045 1655 plena
2083 1578 2485 1642 amicissimi.

368 1664 676 1737 desiderii,
715 1681 900 1741 quum
930 1680 1027 1725 me
1057 1662 1289 1724 vidisse
1318 1663 1458 1739 plus
1489 1665 1796 1737 fateretur,
1826 1680 1897 1724 se
1928 1662 2291 1741 speravisse
2324 1680 2448 1724 me·

368 1750 540 1810 liora.
583 1750 657 1809 Et
690 1748 825 1810 eius
856 1746 965 1807 viri
997 1746 1240 1808 nomine
1271 1762 1366 1807 me
1404 1746 1691 1809 insectari
1719 1747 1933 1823 audeS‚
1963 1747 2140 1809 cuius
2164 1764 2268 1807 me
2299 1747 2448 1808 ami·

368 1850 535 1903 cum,
572 1840 629 1893 te
657 1841 960 1894 sectorem
991 1847 1133 1893 esse
1165 1832 1434 1894 fateare?
1466 1857 1469 1858 ⁷
1500 1833 1660 1893 XVI.
1703 1830 1830 1893 Sed
1876 1831 2184 1893 omittatur
2212 1831 2445 1892 bellum

367 1915 536 1987 illud,
559 1912 621 1975 in
645 1928 769 1986 quo
789 1919 855 1972 tu
879 1909 1125 1977 nimium
1146 1912 1289 1973 felix
1317 1911 1501 1973 fuisti.
1536 1913 1626 1972 Ne
1645 1916 1719 1975 de
1742 1913 1896 1975 iocis
1915 1915 2443 1992 quidemrespon-
2512 1939 2514 1959 ι

368 2001 557 2072 debo,
592 1998 815 2075 quibus
846 2014 941 2059 me
970 1999 1030 2058 in
1060 1998 1279 2061 castris
1313 2017 1491 2060 usum
1520 2016 1663 2061 esse
1693 1997 1918 2062 dixisti.
1973 2001 2164 2060 Erant
2194 1999 2447 2076 quidem

368 2085 468 2145 illa
498 2090 698 2144 castra
737 2085 917 2158 plena
947 2099 1162 2144 curae:
1204 2099 1417 2144 verum
1462 2092 1659 2145 tamen
1694 2083 2002 2157 homines,
2053 2085 2348 2159 quamvis
2391 2083 2446 2144 in

368 2166 625 2229 turbidis
654 2164 841 2228 rebus
864 2166 1013 2241 sint,
1048 2176 1280 2238 tamen,
1314 2169 1366 2228 si
1399 2169 1581 2229 modo
1622 2166 1905 2229 homines
1936 2176 2104 2235 sunt,
2138 2167 2447 2245 inter-dum

368 2248 584 2310 animis
615 2251 981 2312 relaxantur.
1067 2249 1169 2311 40.
1208 2251 1383 2325 Quod
1420 2259 1622 2312 autem
1651 2250 1813 2311 idem
1847 2251 2208 2313 maestitiam
2242 2269 2443 2312 meam

367 2333 790 2407 reprehendit,
835 2331 994 2393 idem
1027 2331 1247 2407 iocum,
1284 2350 1504 2410 magno
1536 2344 1892 2411 argumento
1929 2344 2024 2397 est
2054 2351 2153 2396 me
2183 2334 2247 2395 in
2282 2345 2447 2397 utro-

369 2432 491 2490 que
524 2416 715 2477 ruisse
746 2416 1143 2477 moderatum.

535 2499 915 2562 Hereditates
958 2500 1101 2560 mihi
1142 2500 1382 2577 negasti
1423 2501 1653 2563 venire.
1710 2500 1953 2564 Utinam
1988 2501 2106 2562 hoc
2139 2510 2314 2562 tuum
2344 2520 2450 2564 ve

367 2603 499 2646 rum
534 2583 761 2645 crimen
803 2593 999 2646 esset!
1046 2584 1255 2660 plures
1297 2586 1472 2646 amici
1512 2587 1630 2646 mei
1673 2595 1737 2646 et
1775 2585 2112 2646 necessarii
2145 2583 2451 2648 viverent.

369 2669 494 2731 Sed
530 2668 632 2744 qui
676 2669 834 2731 istuc
873 2667 978 2729 tibi
1010 2668 1173 2731 venit
1213 2670 1272 2728 in
1315 2676 1626 2731 mentem?
1684 2670 1812 2745 Ego
1854 2670 2016 2729 enim
2047 2667 2319 2744 amplius
2352 2686 2453 2730 se·
2513 2706 2514 2719 κ

368 2753 642 2815 stet-tium
657 2750 1015 2817 ducentiens
1029 2761 1350 2827 acceptum
1364 2751 1799 2814 hereditatibus
1813 2753 2030 2815 rettuli.
2063 2754 2453 2828 Quamquam
2513 2802 2514 2811 ,

367 2835 429 2896 ἰη
462 2839 578 2897 hoc
618 2853 843 2912 genere
877 2839 1072 2898 fateor
1101 2835 1434 2898 feliciorem
1469 2853 1613 2898 esse
1647 2846 1724 2898 te.
1796 2836 1898 2898 Me
1933 2852 2110 2897 nemo
2145 2835 2271 2897 nisi
2300 2837 2454 2897 ami·

368 2935 479 2979 cus
508 2921 649 2980 fecit
681 2922 983 2993 heredem,
1018 2928 1083 2982 ut
1112 2937 1250 2980 cum
1283 2920 1384 2979 illo
1410 2921 1753 2994 commodo,
1792 2920 1847 2980 si
1878 2921 2045 2995 quod
2077 2928 2225 2993 erat,
2263 2918 2454 2981 animi

370 3001 615 3077 quidam
658 3004 834 3065 dolor
874 3003 1252 3079 iungereturz
1295 3011 1355 3064 te
1391 3003 1473 3076 is,
1520 3021 1702 3080 quem
1743 3019 1809 3065 tu·
1836 3003 2040 3064 vidisti
2086 3020 2451 3079 numquam,

368 3085 433 3144 L.
494 3085 758 3147 Rubrius
809 3087 1063 3147 Casinas
1115 3087 1259 3148 fecit
1309 3087 1615 3148 heredem.
1723 3086 1824 3150 41.
1871 3088 1948 3149 Et
2004 3087 2256 3162 quidem
2308 3089 2454 3148 vide

370 3184 554 3243 quam
597 3176 655 3229 te
699 3170 910 3230 amarit
950 3170 1036 3242 iS‚
1074 3171 1179 3246 qui
1213 3171 1391 3232 albus
1437 3180 1644 3232 aterne
1679 3170 1858 3232 fuerit
1895 3170 2177 3247 ignorasz
2239 3172 2454 3233 fratris

371 3251 558 3311 filium
595 3250 933 3327 praeteriit,
975 3253 1041 3326 Q.
1070 3253 1256 3328 Fufii,
1301 3253 1719 3316 honestiSsimi
1765 3253 1989 3329 equitis
2017 3254 2292 3316 Romani
2326 3255 2453 3316 sui·

372 3350 491 3409 que
548 3334 930 3416 amicissimi,
993 3351 1176 3409 quem
1234 3338 1434 3413 palam
1490 3338 1778 3398 heredem
1819 3354 2067 3413 semper
2112 3338 2451 3417 factitarat,

370 3425 457 3489 te,
491 3434 671 3492 quem
715 3433 1043 3494 numquam
1086 3419 1321 3483 viderat
1357 3429 1461 3482 aut
1488 3430 1654 3499 certe
1683 3438 2010 3496 numquam
2050 3421 2499 3501 salutaverat,

375 3499 515 3560 l'ecit
541 3499 847 3562 heredem.
897 3503 1098 3564 Velim
1128 3503 1272 3563 mihi
1305 3504 1508 3577 dicas,
1539 3505 1655 3565 nisi
1692 3506 2012 3565 molestum
2043 3516 2168 3569 est
2202 3505 2272 3564 L.
2303 3506 2458 3566 Tur·
