2514 3928
111 263 246 316 2109
461 274 470 286 ,.
753 294 757 298 -
793 255 958 314 CAP.
987 262 1020 316 9
1037 264 1214 315 -ιι,
1255 255 1310 329 §-
1339 259 1605 315 27-33,
2108 250 2232 314 407

122 405 383 480 aliquid
437 404 545 479 prb
601 422 665 463 re
712 405 957 479 publica
1014 412 1115 464 aut
1166 399 1433 477 cogitare
1474 412 1580 465 aut
1621 404 1822 463 facere
1864 409 1968 463 aut
2012 401 2232 463 dicere.

119 488 243 549 31.
265 489 461 562 Ego,
496 497 702 562 patres
730 486 1094 561 conscripti,
1128 486 1195 559 Q.
1227 487 1585 546 Scaevolam
1617 502 1909 561 augurem
1943 486 2232 547 memoria

126 580 330 632 teneo
364 572 523 631 bello
556 569 841 640 Marsic0,
876 587 1062 644 quum
1098 577 1267 629 esset
1297 586 1531 629 summa
1562 578 1876 630 senectute
1907 578 1968 630 et
1996 569 2233 644 perdita

128 654 531 725 valetudine,
575 653 802 714 cotidie
842 653 1019 714 simul
1064 646 1247 726 at'que
1280 653 1511 712 luceret
1542 654 1742 712 facere
1778 652 2058 712 omnibus
2088 668 2232 713 con

130 736 438 797 veniendi
484 737 580 797 sui
627 743 1019 811 potestatem.
1070 751 1184 794 nec
1225 751 1362 796 eum
1407 733 1732 809 quisquam
1762 735 1864 796 ill'o
1893 736 2055 796 bello
2087 735 2233 797 vidit

128 821 196 881 in
235 821 421 892 lect0,
453 836 771 895 senexque
803 819 1023 879 debilis
1054 816 1287 893 primus
1318 835 1355 877 v
1398 817 1644 878 niebat
1628 835 1687 877 1n
1720 817 1968 878 curiam.
2040 818 2232 880 Huius

128 904 509 964 industriam
559 897 1319 978 maximeffequidemvelle
1425 911 1490 963 ut
1532 899 1904 961 imitarentur
1945 900 2015 972 ii,
2077 918 2232 975 quos

132 987 503 1066 oportebat:
546 988 825 1048 secundo.
850 996 1051 1060 autem
1082 988 1246 1058 locO,
1273 1002 1352 1047 ne
1382 986 1630 1052 alterius
1654 985 1848 1046 labori
1875 983 2234 1045 inviderent.

125 1069 241 1131 XI.
276 1067 383 1132 32.
425 1070 691 1143 Etenim,
725 1078 937 1144 patres
981 1068 1347 1143 conscripti,
1390 1083 1574 1144 quum
1617 1068 1676 1129 in
1721 1067 2233 1143 spem‘liberta‘tis

136 1153 451 1214 sexennio
499 1162 643 1227 post
678 1153 869 1213 simus
901 1152 1164 1229 ingressi
1190 1148 1554 1228 diutiusque
1573 1152 1928 1213 servitutem
1950 1151 2233 1227 perpessi

138 1253 336 1313 quam
380 1235 607 1310 captivi
649 1236 815 1295 servi
852 1236 1008 1311 l'rugi
1050 1244 1109 1296 et
1154 1234 1476 1310 diligentes
1508 1238 1739 1308 solent,
1789 1251 1945 1311 quas
1976 1235 2231 1311 vigiliaS,

139 1337 310 1396 quas
352 1318 825 1390 sollicitudines,
874 1336 1032 1394 quos
1072 1319 1317 1379 labores
1370 1318 1668 1379 liberandi
1722 1319 1933 1394 populi
1973 1320 2231 1381 Romani

139 1420 342 1463 causa
376 1418 665 1462 recusare
686 1403 1025 1462 debemus?
1062 1402 1384 1477 Equidem,
1416 1411 1620 1476 patres
1644 1400 1997 1477 conscripti,
2027 1420 2232 1478 quam-

143 1503 336 1562 quam
382 1485 499 1545 hoe
542 1486 778 1547 honore
825 1485 919 1545 usi
955 1484 1142 1561 togati
1185 1486 1387 1546 solent
1414 1502 1588 1558 esse,
1629 1502 1817 1560 quum
1847 1485 2033 1546 estin
2067 1487 2233 1561 sagis

143 1570 400 1640 eivitaS‚
458 1570 639 1630 statui
690 1577 890 1629 tamen
938 1586 975 1628 a
1029 1567 1203 1628 vobis
1295 1566 1649 1644 ceterisque
1692 1567 1927 1628 civibus
1970 1568 2029 1628 in
2072 1575 2235 1629 tanta

144 1651 471 1715 atrocitate
512 1651 805 1726 temporis
853 1660 1143 1728 tantaque
1187 1651 1641 1726 perturbatione
1676 1651 1761 1712 rei
1796 1650 2077 1726 publicae
2111 1669 2232 1713 non

146 1735 399 1797 differre
431 1734 671 1797 vestitu.
758 1736 888 1796 Non
922 1734 1081 1796 enim
1111 1734 1192 1795 ita
1222 1735 1491 1810 gerimus
1522 1752 1639 1795 nos
1667 1735 1787 1797 hoc
1820 1736 1980 1795 bello
2011 1752 2232 1796 consu·

150 1822 341 1893 lares,
385 1829 451 1879 ut
496 1835 697 1895 aequo
741 1818 943 1879 animo
990 1821 1255 1894 populus
1298 1821 1608 1880 Romanus
1652 1819 1897 1879 visurus
1931 1816 2009 1879 sit
2041 1817 2237 1880 nostri

149 1902 407 1963 honoris
450 1902 741 1978 insignia,
795 1920 980 1978 quum
1025 1903 1240 1978 partim
1283 1920 1318 1963 e
1369 1901 1546 1963 nobis
1596 1901 1679 1962 -ita
1735 1901 1924 1962 timidi
1969 1900 2119 1973 sint,
2173 1909 2240 1962 ut

153 2001 398 2048 omnem
442 1987 652 2062 populi
691 1985 951 2047 Romani
995 1985 1432 2047 beneficiorum
1482 1985 1839 2047 memoriam
1883 1986 2232 2058 abiecerint,

152 2070 371 2148 partim
401 2068 482 2129 ita
511 2086 547 2130 a
577 2086 644 2129 re
678 2071 922 2146 publica
952 2070 1185 2143 aversi,
1229 2079 1294 2131 ut
1335 2088 1405 2130 se
1435 2070 1592 2130 hosti
1626 2071 1833 2131 favere
1871 2086 2015 2146 prae
2049 2086 2116 2129 se
2148 2071 2231 2129 fe

154 2161 315 2224 rant,
360 2153 597 2226 legatos
644 2161 891 2215 nostros
938 2154 1013 2214 ab
1042 2153 1312 2222 Antonio
1361 2155 1692 2229 despectos
1723 2161 1783 2213 et
1811 2152 2026 2213 irrisos
2058 2152 2234 2212 facile

157 2234 491 2314 patiantur,
550 2237 812 2310 legatum
850 2237 1100 2298 Antonii
1146 2237 1528 2298 sublevatum
1566 2235 1773 2296 velint.
1859 2237 2035 2297 Hunc
2075 2237 2235 2296 enim

155 2320 349 2380 reditu
384 2320 462 2379 ad
485 2321 816 2381 Antonium
852 2318 1163 2394 prohiberi
1193 2321 1496 2395 negabant
1526 2329 1809 2395 oportere
1841 2318 1988 2380 etin
2014 2321 2235 2381 eodem

156 2401 524 2478 excipiendo
580 2404 939 2464 sententiam
998 2420 1195 2464 meam
1252 2403 1653 2480 corrigebant.
1743 2403 1975 2477 Quibus
2025 2402 2235 2479 geram

158 2501 403 2546 morem.
470 2484 727 2547 ‘Redeat
757 2489 833 2547 ad
868 2486 1295 2563 imperatorem
1331 2505 1508 2548 suum
1538 2485 1793 2560 Varius,
1826 2488 1939 2548 sed
1969 2503 2042 2546 ea
2077 2488 2232 2560 lege,

162 2586 238 2629 ne
265 2586 549 2644 umquam
592 2572 847 2631 Romam
888 2578 1243 2631 revertatur.
1347 2572 1576 2633 Ceteris
1617 2579 1837 2642 autem,
1871 2569 1924 2630 si
1966 2584 2238 2629 errorem

162 2669 331 2712 suum
385 2653 784 2727 deposuerint
833 2663 894 2714 et
943 2670 1078 2714 cum
1117 2670 1188 2714 re
1228 2654 1471 2730 publica
1511 2655 1570 2713 in
1622 2655 1874 2728 gratiam
1924 2649 2235 2720 redierint,

162 2734 394 2796 veniam
428 2744 510 2796 et
520 2736 939 2812 impunitatem
963 2738 1227 2799 dandam
1263 2747 1430 2813 puto⁴

282 2817 381 2880 33.
418 2819 581 2894 Quas
610 2821 689 2880 ob
719 2837 821 2881 res
856 2820 939 2881 ita
972 2837 1229 2883 censeo·
1273 2822 1518 2892 Eorum,
1554 2820 1653 2894 qui
1688 2835 1826 2879 cum
1855 2780 1934 2876 M.
1967 2815 2235 2876 Antonio

166 2911 326 2974 sunt,
379 2902 486 2978 qui
524 2904 601 2963 ab
643 2903 828 2964 armis
857 2904 1261 2967 discesserint
1296 2913 1357 2966 et
1396 2904 1606 2965 autad
1638 2902 1702 2962 C.
1732 2902 1991 2962 Pansam
2022 2908 2128 2960 aut
2155 2900 2231 2958 ad

166 2987 240 3046 A.
265 2948 515 3048 Hirtium
544 2989 834 3048 consules
873 2998 977 3050 aut
1009 2989 1087 3049 ad
1120 2987 1432 3050 Decimum
1462 2989 1745 3059 Brutum,
1788 2987 2235 3060 imperatorem,

172 3071 473 3130 consulem
504 3071 906 3146 designatum,
936 3082 1041 3134 aut
1072 3073 1152 3134 ad
1186 3073 1250 3132 C.
1282 3071 1607 3132 Caesarem
1637 3087 1749 3146 pro
1782 3077 2064 3145 praetore
2094 3077 2235 3128 ante

168 3153 304 3213 Idus
330 3152 577 3216 Martias
612 3156 844 3230 primas
866 3154 1156 3227 adierint,
1200 3155 1276 3215 iis
1308 3154 1504 3215 fraudi
1535 3172 1613 3215 ne
1642 3155 1749 3227 sit,
1783 3153 1951 3230 quod
1985 3169 2123 3213 cum
2153 3151 2234 3209 Μ.

169 3237 420 3297 Antonio
463 3238 700 3298 fuerint.
792 3238 858 3300 Si
889 3237 1028 3314 quis
1071 3252 1314 3309 eorum,
1360 3239 1466 3313 qui
1501 3238 1645 3298 cum·
1666 3238 1747 3297 M.
1774 3234 2042 3298 Antonio
2075 3243 2232 3295 sunt,

173 3319 368 3381 fecerit
398 3322 566 3396 quod
596 3321 833 3382 honore
865 3322 1215 3398 praemiove
1245 3322 1503 3396 dignum·
1525 3337 1669 3382 esse
1711 3320 2014 3386 videatur,
2054 3315 2140 3376 uti
2173 3315 2234 3372 C.

172 3403 353 3463 Pansa
380 3404 457 3464 A.
493 3404 724 3466 Hirtius
760 3408 1080 3476 consules,
1114 3407 1267 3465 alter
1300 3405 1580 3472 ambove,
1617 3402 1672 3463 si
1701 3403 1776 3462 iis
1806 3400 2114 3466 videatur,
2160 3398 2236 3454 de

172 3484 297 3546 eius
335 3486 567 3549 honore
612 3490 965 3564 praemiove
1014 3491 1207 3565 primo
1253 3503 1505 3563 quoque
1536 3486 1635 3545 die
1665 3485 1744 3543 ad
1774 3489 2050 3542 senatum
2084 3478 2240 3536 reses

1828 3624 1865 3663 Ο
