2514 3928
399 361 524 423 258
853 358 998 418 PRO
1027 357 1108 415 «T.
1141 357 1377 417 ANNIO
1406 357 1698 416 MlLONE
1729 357 2033 417 ORATlO.
2410 367 2476 420 34

367 509 509 572 ⁴stri
551 508 901 583 magnitudo
948 523 1149 581 neque
1191 508 1286 567 sol
1326 507 1425 566 ille
1469 523 1584 566 nec
1617 507 1770 567 caeli
1803 506 2243 582 signorumque
2270 518 2478 568 motus

401 608 515 654 nec
557 589 1012 652 vicissitudines
1053 606 1255 651 rerum
1296 599 1482 664 atque
1524 588 1771 650 ordines
1832 598 2081 650 movent
2126 606 2364 665 neque,
2417 592 2480 652 id

402 676 569 771 quod
603 673 930 734 maximum
962 682 1076 746 est,
1104 674 1399 732 maiorum
1429 671 1748 747 sapientia,
1780 672 1885 747 qui
1921 688 2117 745 sacra,
2150 672 2254 748 qui
2285 673 2476 734 caeri-

398 758 670 832 monias,
713 756 816 832 qui
857 753 1136 831 auspicia
1173 764 1242 817 et
1282 754 1403 829 ipsi
1443 755 1830 816 sanctissime
1860 757 2179 817 coluerunt
2206 763 2267 816 et
2297 756 2480 817 nobis

400 841 531 904 suis
562 840 832 925 posteris
862 837 1281 914 prodiderunt.
1366 839 1572 898 XXXI.
1621 836 1722 900 84.
1766 840 1890 909 Est,
1919 847 2016 899 est
2055 839 2335 914 profecto
2379 841 2483 900 illa

401 924 516 1000 vis,
547 939 750 997 neque
777 923 837 982 in
867 923 960 981 bis
992 920 1355 995 corporibus
1384 928 1571 996 atque
1603 920 1660 980 in
1694 921 1809 982 hac
1838 921 2243 982 imbecillitate
2264 931 2482 982 nostra

398 1008 558 1069 inest
602 1006 893 1082 quiddam
937 1004 1105 1078 quod
1150 1003 1353 1079 vigeat
1394 1012 1457 1065 et
1497 1005 1744 1078 sentiat,
1787 1013 1847 1064 et
1890 1021 2014 1064 non
2055 1002 2219 1065 inest
2265 1003 2330 1064 in
2359 1005 2481 1067 boc

407 1098 572 1152 tanto
616 1098 865 1149 naturae
915 1095 1036 1147 tam
1081 1088 1400 1162 praeclaro
1445 1095 1630 1148 motu.
1718 1087 1845 1148 Nisi
1890 1089 2046 1148 sorte
2089 1086 2323 1148 idcirco
2353 1105 2485 1149 non

402 1180 634 1250 putant,
668 1169 812 1247 quia
840 1185 962 1229 non
987 1178 1247 1245 apparet
1269 1187 1384 1232 nec
1408 1170 1687 1246 cernitur,
1717 1169 1976 1246 proinde
2000 1171 2177 1245 quasi
2202 1178 2476 1233 nostram

398 1259 595 1332 ipsam
627 1261 907 1327 mentem,
939 1269 1061 1329 qua
1088 1255 1382 1330 sapimus,
1415 1271 1535 1329 qua
1561 1253 1977 1329 providemus,
2006 1271 2129 1329 qua
2155 1254 2313 1314 haec
2342 1255 2480 1330 ipsa

400 1340 634 1416 agimus
657 1354 731 1399 ac
755 1337 1032 1413 dicimuS,
1067 1336 1275 1397 videre
1297 1346 1403 1399 aut
1431 1339 1612 1413 plane
1643 1337 1842 1413 qualis
1871 1346 1976 1399 aut
2004 1335 2105 1397 ubi
2135 1336 2216 1398 sit
2244 1338 2479 1398 sentire

401 1423 732 1500 possimus.
818 1422 909 1481 Ea
936 1420 1030 1481 vis
1058 1419 1239 1497 igitur
1265 1422 1432 1497 ipsa,
1479 1436 1636 1495 quae
1671 1436 1860 1495 saepe
1908 1419 2302 1480 incredibiles
2335 1420 2480 1482 huic

400 1506 534 1569 urbi
565 1505 880 1566 felicitates
909 1512 1095 1580 atque
1122 1520 1278 1580 opes
1303 1503 1508 1576 attulit,
1538 1502 1697 1564 illam
1730 1503 2059 1578 perniciem
2086 1502 2387 1565 exstinxit
2409 1522 2481 1564 ac

403 1590 676 1664 sustulit,
717 1590 813 1649 cui
863 1588 1119 1663 primum
1148 1595 1410 1649 mentem
1439 1587 1671 1662 iniecit,
1721 1596 1784 1648 ut
1822 1588 1883 1647 vi
1923 1587 2155 1648 irritare
2187 1586 2481 1662 ferroque

406 1674 711 1735 lacessere
753 1670 1149 1732 fortissimum
1194 1670 1387 1732 virum
1431 1671 1685 1732 auderet
1740 1671 2202 1745 vincereturque
2255 1671 2340 1730 ab
2384 1687 2481 1745 eo,

406 1772 586 1832 quem
629 1755 682 1816 si
713 1754 995 1826 vicisset,
1043 1753 1362 1815 habiturus
1404 1764 1572 1815 esset
1614 1753 2027 1828 impunitatem
2067 1760 2127 1813 et
2168 1753 2478 1815 licentiam

404 1838 851 1912 sempiternam.
951 1835 1052 1898 85.
1093 1838 1226 1897 Non
1281 1845 1376 1897 est
1415 1837 1678 1898 humano
1723 1836 2014 1908 consilio,
2057 1852 2136 1895 ne
2179 1837 2475 1898 mediocri

405 1920 682 1997 quidem,
709 1918 974 1994 iudices,
1011 1921 1268 1983 deorum
1293 1919 1715 1981 immortalium
1747 1936 1894 1982 cura
1919 1935 2021 1981 res
2052 1920 2153 1979 illa
2181 1921 2477 1995 perfecta.

408 2002 757 2079 Religiones
790 2003 1139 2066 mehercule
1170 2005 1366 2079 ipsae,
1399 2020 1559 2079 quae
1589 2003 1750 2064 illam
1782 2004 2021 2064 beluam
2053 2003 2280 2063 cadere
2309 2004 2477 2064 vide·

402 2095 569 2159 runt,
646 2104 1000 2151 commosse
1041 2105 1113 2150 se
1163 2087 1444 2148 videntur
1471 2094 1531 2147 et
1561 2085 1656 2148 ius
1692 2087 1752 2146 in
1782 2088 1885 2147 illo
1918 2103 2094 2147 suum
2124 2084 2478 2148 retinuisse.

404 2173 534 2232 Vos
567 2169 727 2231 enirn
757 2169 907 2241 iam,
942 2170 1164 2230 Albani
1203 2171 1415 2231 tumuli
1462 2180 1643 2243 atque
1673 2170 1823 2245 luci,
1866 2185 2012 2243 vos,
2042 2168 2330 2246 inquam,
2374 2168 2480 2230 im·

406 2254 580 2327 ploro
615 2260 801 2328 atque
817 2252 1114 2320 obtestor,
1137 2267 1396 2327 vosque,
1409 2253 1788 2314 Albanorum
1804 2257 2061 2317 obrutae
2073 2271 2240 2323 arae,
2268 2269 2481 2314 sacro-

409 2350 538 2394 rum
571 2333 784 2408 populi
814 2333 1073 2395 Romani
1114 2334 1323 2396 sociae
1363 2341 1424 2395 et
1451 2337 1774 2410 aequales,
1819 2352 1979 2411 quae
2025 2335 2125 2396 ille
2168 2352 2483 2413 praeceps

405 2416 667 2478 amentia
694 2415 895 2477 caesis
938 2415 1386 2493 prostratisque
1434 2418 1836 2479 sanctissimis
1882 2418 2034 2480 lucis
2072 2419 2485 2482 substructio-

408 2517 547 2561 num
580 2498 814 2560 insanis
838 2498 1102 2562 molibus
1128 2509 1553 2576 oppresserat=
1591 2510 1833 2564 vestrae
1861 2512 2002 2575 tum,
2032 2518 2193 2575 arae,
2229 2513 2486 2565 vestrae

406 2583 730 2659 religiones
761 2584 1100 2660 viguerunt,
1142 2593 1347 2645 vestra
1371 2584 1465 2645 vis
1496 2585 1699 2659 valuit,
1726 2602 1908 2661 quam
1929 2585 2029 2646 ille
2052 2584 2212 2646 omni
2238 2588 2486 2649 scelere

403 2669 730 2743 polluerat:
763 2675 952 2744 tuque
982 2684 1059 2728 ex
1092 2677 1192 2730 tuo
1216 2668 1382 2729 edito
1408 2676 1631 2741 monte,
1663 2668 1919 2730 Latiaris
1943 2678 2154 2730 sancte
2174 2668 2483 2745 Iuppiter,

404 2750 579 2812 cuius
609 2753 710 2814 ille
738 2752 943 2826 lacuS,
984 2768 1233 2813 nemora
1265 2752 1547 2826 finesque
1577 2768 1766 2827 saepe
1797 2753 1957 2812 omni
1991 2752 2222 2813 nefario
2257 2762 2487 2830 stupro

402 2842 463 2896 et
491 2839 725 2896 scelere
761 2836 1124 2908 macularat,
1166 2836 1495 2909 aliquando
1528 2834 1608 2894 ad
1642 2851 1779 2895 eum
1813 2836 2223 2911 poeniendum
2256 2839 2489 2899 oculos

402 2917 728 2991 aperuistis
771 2917 950 2980 vobis
981 2919 1151 2991 illae,
1194 2917 1372 2978 vobis
1412 2927 1618 2979 vestro
1647 2916 1709 2978 in
1740 2928 2079 2995 conspectu
2100 2934 2315 2991 serae,
2376 2921 2490 2981 sed

404 2997 604 3060 'iustae
631 3008 827 3061 tamen
860 3008 920 3061 et
952 3000 1192 3061 debitae
1224 3016 1463 3075 poenae
1506 3002 1747 3064 solutae
1775 3011 1935 3063 sunt.
2020 3002 2121 3065 86.
2154 3001 2284 3063 Nisi
2327 3004 2494 3065 forte

401 3082 521 3142 hoc
550 3081 727 3143 etiarn
752 3099 901 3144 casu
922 3084 1145 3144 sactum
1169 3100 1312 3145 esse
1334 3083 1626 3157 dicemus,
1659 3093 1727 3146 ut
1751 3095 1892 3147 ante
1913 3087 2114 3160 ipsum
2139 3085 2493 3147 sacrarium

402 3165 612 3226 Bonae
643 3166 825 3237 deae,
862 3166 1032 3240 quod
1063 3174 1158 3228 est
1188 3166 1248 3227 in
1283 3168 1466 3230 fundo
1499 3170 1563 3230 T.
1601 3168 1783 3230 Sestii
1814 3167 1997 3243 Galli,
2028 3167 2091 3229 in
2122 3167 2345 3244 primis
2378 3169 2493 3231 bo·

402 3247 559 3308 nesti
583 3258 643 3309 et
665 3249 858 3308 ornati
881 3248 1312 3323 adolescentiS,
1337 3260 1476 3313 ante
1493 3250 1708 3327 ipsam,
1730 3250 1997 3327 inquam,
2018 3252 2254 3315 Bonam
2277 3253 2493 3326 deam,

404 3347 590 3407 quum
627 3332 925 3406 proelium
956 3333 1392 3408 commisisset,
1424 3334 1679 3410 primum
1709 3336 1858 3396 illud
1887 3338 2108 3397 vulnus
2145 3334 2495 3410 acciperet,

403 3432 526 3490 quo
551 3413 952 3476 taeterrimam
981 3425 1232 3478 mortem
1264 3418 1485 3490 obiret,
1520 3426 1587 3480 ut
1614 3435 1736 3479 non
1765 3419 2083 3481 absolutus
2112 3416 2355 3480 iudicio
2388 3419 2497 3481 illo

399 3496 634 3562 nefario
667 3497 1001 3574 videretur,
1035 3502 1146 3561 sed
1179 3501 1260 3561 ad
1289 3502 1446 3560 hanc
1475 3500 1773 3577 insignem
1811 3518 2070 3578 poenam
2098 3510 2494 3564 reservatus.

393 3581 633 3642 XXXII.
658 3582 783 3643 Nec
805 3599 952 3645 vero
982 3599 1104 3645 non
1138 3585 1354 3645 eadem
1383 3582 1474 3644 ira
1494 3585 1749 3646 deorum
1771 3584 1928 3646 hanc
1956 3584 2089 3645 eius
2110 3584 2500 3647 satellitibus
